PokerStars Zoom Hand #185657785163:  Hold'em No Limit ($0.02/$0.05) - 2018/04/25 22:34:50 CCT [2018/04/25 10:34:50 ET]
Table 'Donati' 6-max Seat #1 is the button
Seat 1: Mazgod ($6.70 in chips) 
Seat 2: NicSt4r ($6.20 in chips) 
Seat 3: HubertusB ($5 in chips) 
Seat 4: brus77777 ($5.85 in chips) 
Seat 5: den2016zv ($2 in chips) 
Seat 6: yurok_chess ($2.64 in chips) 
NicSt4r: posts small blind $0.02
HubertusB: posts big blind $0.05
*** HOLE CARDS ***
Dealt to HubertusB [Ad Td]
brus77777: folds 
den2016zv: raises $0.05 to $0.10
yurok_chess: folds 
Mazgod: raises $0.19 to $0.29
NicSt4r: folds 
HubertusB: calls $0.24
den2016zv: folds 
*** FLOP *** [3c 6h 2s]
HubertusB: checks 
Mazgod: bets $0.35
HubertusB: folds 
Uncalled bet ($0.35) returned to Mazgod
Mazgod collected $0.67 from pot
Mazgod: doesn't show hand 
*** SUMMARY ***
Total pot $0.70 | Rake $0.03 
Board [3c 6h 2s]
Seat 1: Mazgod (button) collected ($0.67)
Seat 2: NicSt4r (small blind) folded before Flop
Seat 3: HubertusB (big blind) folded on the Flop
Seat 4: brus77777 folded before Flop (didn't bet)
Seat 5: den2016zv folded before Flop
Seat 6: yurok_chess folded before Flop (didn't bet)



PokerStars Zoom Hand #185657809844:  Hold'em No Limit ($0.02/$0.05) - 2018/04/25 22:35:38 CCT [2018/04/25 10:35:38 ET]
Table 'Donati' 6-max Seat #1 is the button
Seat 1: HubertusB ($4.71 in chips) 
Seat 2: LingPro ($4.86 in chips) 
Seat 3: Kirsan-1980 ($19.74 in chips) 
Seat 4: Nikolay2110 ($0.96 in chips) 
Seat 5: greedis555 ($5 in chips) 
Seat 6: mikkas111 ($15.44 in chips) 
LingPro: posts small blind $0.02
Kirsan-1980: posts big blind $0.05
*** HOLE CARDS ***
Dealt to HubertusB [Ad 5c]
Nikolay2110: folds 
greedis555: folds 
mikkas111: folds 
HubertusB: raises $0.05 to $0.10
LingPro: folds 
Kirsan-1980: folds 
Uncalled bet ($0.05) returned to HubertusB
HubertusB collected $0.12 from pot
HubertusB: doesn't show hand 
*** SUMMARY ***
Total pot $0.12 | Rake $0 
Seat 1: HubertusB (button) collected ($0.12)
Seat 2: LingPro (small blind) folded before Flop
Seat 3: Kirsan-1980 (big blind) folded before Flop
Seat 4: Nikolay2110 folded before Flop (didn't bet)
Seat 5: greedis555 folded before Flop (didn't bet)
Seat 6: mikkas111 folded before Flop (didn't bet)



PokerStars Zoom Hand #185657816531:  Hold'em No Limit ($0.02/$0.05) - 2018/04/25 22:35:51 CCT [2018/04/25 10:35:51 ET]
Table 'Donati' 6-max Seat #1 is the button
Seat 1: quinnlin226 ($11.68 in chips) 
Seat 2: TY1753 ($1.73 in chips) 
Seat 3: SpaceOrca ($5.81 in chips) 
Seat 4: Wadazet00 ($8.55 in chips) 
Seat 5: IGOR909 ($5 in chips) 
Seat 6: HubertusB ($4.78 in chips) 
TY1753: posts small blind $0.02
SpaceOrca: posts big blind $0.05
*** HOLE CARDS ***
Dealt to HubertusB [7c Jc]
Wadazet00: folds 
IGOR909: folds 
HubertusB: raises $0.05 to $0.10
quinnlin226: calls $0.10
TY1753: folds 
SpaceOrca: raises $0.45 to $0.55
HubertusB: folds 
quinnlin226: folds 
Uncalled bet ($0.45) returned to SpaceOrca
SpaceOrca collected $0.32 from pot
SpaceOrca: doesn't show hand 
*** SUMMARY ***
Total pot $0.32 | Rake $0 
Seat 1: quinnlin226 (button) folded before Flop
Seat 2: TY1753 (small blind) folded before Flop
Seat 3: SpaceOrca (big blind) collected ($0.32)
Seat 4: Wadazet00 folded before Flop (didn't bet)
Seat 5: IGOR909 folded before Flop (didn't bet)
Seat 6: HubertusB folded before Flop



PokerStars Zoom Hand #185657825894:  Hold'em No Limit ($0.02/$0.05) - 2018/04/25 22:36:09 CCT [2018/04/25 10:36:09 ET]
Table 'Donati' 6-max Seat #1 is the button
Seat 1: Krapat ($5.20 in chips) 
Seat 2: HubertusB ($4.68 in chips) 
Seat 3: justme_misha ($8.34 in chips) 
Seat 4: AsterixBrn ($11.93 in chips) 
Seat 5: aodwntm ($14.06 in chips) 
Seat 6: marbles224 ($11.15 in chips) 
HubertusB: posts small blind $0.02
justme_misha: posts big blind $0.05
*** HOLE CARDS ***
Dealt to HubertusB [Qc 9c]
AsterixBrn: raises $0.10 to $0.15
aodwntm: folds 
marbles224: folds 
Krapat: folds 
HubertusB: folds 
justme_misha: folds 
Uncalled bet ($0.10) returned to AsterixBrn
AsterixBrn collected $0.12 from pot
AsterixBrn: doesn't show hand 
*** SUMMARY ***
Total pot $0.12 | Rake $0 
Seat 1: Krapat (button) folded before Flop (didn't bet)
Seat 2: HubertusB (small blind) folded before Flop
Seat 3: justme_misha (big blind) folded before Flop
Seat 4: AsterixBrn collected ($0.12)
Seat 5: aodwntm folded before Flop (didn't bet)
Seat 6: marbles224 folded before Flop (didn't bet)



PokerStars Zoom Hand #185657831060:  Hold'em No Limit ($0.02/$0.05) - 2018/04/25 22:36:19 CCT [2018/04/25 10:36:19 ET]
Table 'Donati' 6-max Seat #1 is the button
Seat 1: the_dest ($5.41 in chips) 
Seat 2: here-ftw-AA ($5.29 in chips) 
Seat 3: vorobor ($5 in chips) 
Seat 4: Krapat ($5.20 in chips) 
Seat 5: HubertusB ($4.66 in chips) 
Seat 6: manyak ps ($5.72 in chips) 
here-ftw-AA: posts small blind $0.02
vorobor: posts big blind $0.05
*** HOLE CARDS ***
Dealt to HubertusB [Ts 8s]
Krapat: folds 
HubertusB: raises $0.05 to $0.10
manyak ps: folds 
the_dest: folds 
here-ftw-AA: folds 
vorobor: calls $0.05
*** FLOP *** [4s 9s 2c]
vorobor: checks 
HubertusB: bets $0.15
vorobor: folds 
Uncalled bet ($0.15) returned to HubertusB
HubertusB collected $0.21 from pot
HubertusB: doesn't show hand 
*** SUMMARY ***
Total pot $0.22 | Rake $0.01 
Board [4s 9s 2c]
Seat 1: the_dest (button) folded before Flop (didn't bet)
Seat 2: here-ftw-AA (small blind) folded before Flop
Seat 3: vorobor (big blind) folded on the Flop
Seat 4: Krapat folded before Flop (didn't bet)
Seat 5: HubertusB collected ($0.21)
Seat 6: manyak ps folded before Flop (didn't bet)



PokerStars Zoom Hand #185657853489:  Hold'em No Limit ($0.02/$0.05) - 2018/04/25 22:37:02 CCT [2018/04/25 10:37:02 ET]
Table 'Donati' 6-max Seat #1 is the button
Seat 1: HubertusB ($4.77 in chips) 
Seat 2: Steep oil ($3.12 in chips) 
Seat 3: justme_misha ($5.16 in chips) 
Seat 4: MKV86 ($5.16 in chips) 
Seat 5: vorobor ($5 in chips) 
Seat 6: manyak ps ($5.14 in chips) 
Steep oil: posts small blind $0.02
justme_misha: posts big blind $0.05
*** HOLE CARDS ***
Dealt to HubertusB [2h 8d]
MKV86: folds 
vorobor: folds 
manyak ps: folds 
HubertusB: folds 
Steep oil: folds 
Uncalled bet ($0.03) returned to justme_misha
justme_misha collected $0.04 from pot
justme_misha: doesn't show hand 
*** SUMMARY ***
Total pot $0.04 | Rake $0 
Seat 1: HubertusB (button) folded before Flop (didn't bet)
Seat 2: Steep oil (small blind) folded before Flop
Seat 3: justme_misha (big blind) collected ($0.04)
Seat 4: MKV86 folded before Flop (didn't bet)
Seat 5: vorobor folded before Flop (didn't bet)
Seat 6: manyak ps folded before Flop (didn't bet)



PokerStars Zoom Hand #185657856605:  Hold'em No Limit ($0.02/$0.05) - 2018/04/25 22:37:08 CCT [2018/04/25 10:37:08 ET]
Table 'Donati' 6-max Seat #1 is the button
Seat 1: manegan123 ($5.93 in chips) 
Seat 2: IDex777 ($4.62 in chips) 
Seat 3: MKV86 ($5.16 in chips) 
Seat 4: SpaceOrca ($6.08 in chips) 
Seat 5: manyak ps ($5.65 in chips) 
Seat 6: HubertusB ($4.77 in chips) 
IDex777: posts small blind $0.02
MKV86: posts big blind $0.05
*** HOLE CARDS ***
Dealt to HubertusB [7d 5d]
SpaceOrca: folds 
manyak ps: folds 
HubertusB: raises $0.05 to $0.10
manegan123: folds 
IDex777: folds 
MKV86: folds 
Uncalled bet ($0.05) returned to HubertusB
HubertusB collected $0.12 from pot
HubertusB: doesn't show hand 
*** SUMMARY ***
Total pot $0.12 | Rake $0 
Seat 1: manegan123 (button) folded before Flop (didn't bet)
Seat 2: IDex777 (small blind) folded before Flop
Seat 3: MKV86 (big blind) folded before Flop
Seat 4: SpaceOrca folded before Flop (didn't bet)
Seat 5: manyak ps folded before Flop (didn't bet)
Seat 6: HubertusB collected ($0.12)



PokerStars Zoom Hand #185657862235:  Hold'em No Limit ($0.02/$0.05) - 2018/04/25 22:37:19 CCT [2018/04/25 10:37:19 ET]
Table 'Donati' 6-max Seat #1 is the button
Seat 1: J.A.S.W.45 ($12.82 in chips) 
Seat 2: JustRaise7 ($5 in chips) 
Seat 3: HubertusB ($4.84 in chips) 
Seat 4: VICK_C2 ($5.94 in chips) 
Seat 5: OfCouRse72 ($5.53 in chips) 
Seat 6: rent118 ($9.93 in chips) 
JustRaise7: posts small blind $0.02
HubertusB: posts big blind $0.05
*** HOLE CARDS ***
Dealt to HubertusB [7s 9h]
VICK_C2: raises $0.10 to $0.15
OfCouRse72: folds 
rent118: folds 
J.A.S.W.45: folds 
JustRaise7: folds 
HubertusB: folds 
Uncalled bet ($0.10) returned to VICK_C2
VICK_C2 collected $0.12 from pot
VICK_C2: doesn't show hand 
*** SUMMARY ***
Total pot $0.12 | Rake $0 
Seat 1: J.A.S.W.45 (button) folded before Flop (didn't bet)
Seat 2: JustRaise7 (small blind) folded before Flop
Seat 3: HubertusB (big blind) folded before Flop
Seat 4: VICK_C2 collected ($0.12)
Seat 5: OfCouRse72 folded before Flop (didn't bet)
Seat 6: rent118 folded before Flop (didn't bet)



PokerStars Zoom Hand #185657868521:  Hold'em No Limit ($0.02/$0.05) - 2018/04/25 22:37:31 CCT [2018/04/25 10:37:31 ET]
Table 'Donati' 6-max Seat #1 is the button
Seat 1: EvgVa ($5 in chips) 
Seat 2: HubertusB ($4.79 in chips) 
Seat 3: danilko777 ($7.99 in chips) 
Seat 4: Catalin16z ($7.74 in chips) 
Seat 5: folya87 ($5.08 in chips) 
Seat 6: Vorsix ($5.70 in chips) 
HubertusB: posts small blind $0.02
danilko777: posts big blind $0.05
*** HOLE CARDS ***
Dealt to HubertusB [4s 5s]
Catalin16z: raises $0.07 to $0.12
folya87: folds 
Vorsix: folds 
EvgVa: calls $0.12
HubertusB: calls $0.10
danilko777: folds 
*** FLOP *** [5d Th 8s]
HubertusB: checks 
Catalin16z: checks 
EvgVa: bets $0.20
HubertusB: folds 
Catalin16z: folds 
Uncalled bet ($0.20) returned to EvgVa
EvgVa collected $0.39 from pot
EvgVa: doesn't show hand 
*** SUMMARY ***
Total pot $0.41 | Rake $0.02 
Board [5d Th 8s]
Seat 1: EvgVa (button) collected ($0.39)
Seat 2: HubertusB (small blind) folded on the Flop
Seat 3: danilko777 (big blind) folded before Flop
Seat 4: Catalin16z folded on the Flop
Seat 5: folya87 folded before Flop (didn't bet)
Seat 6: Vorsix folded before Flop (didn't bet)



PokerStars Zoom Hand #185657895452:  Hold'em No Limit ($0.02/$0.05) - 2018/04/25 22:38:23 CCT [2018/04/25 10:38:23 ET]
Table 'Donati' 6-max Seat #1 is the button
Seat 1: drk55 ($5.46 in chips) 
Seat 2: Thiago_Carniel ($6.63 in chips) 
Seat 3: HubertusB ($4.67 in chips) 
Seat 4: yohyoxyd ($5.09 in chips) 
Seat 5: Girigal ($5.07 in chips) 
Seat 6: MKV86 ($5.39 in chips) 
Thiago_Carniel: posts small blind $0.02
HubertusB: posts big blind $0.05
*** HOLE CARDS ***
Dealt to HubertusB [Qd 8h]
yohyoxyd: folds 
Girigal: folds 
MKV86: folds 
drk55: folds 
Thiago_Carniel: folds 
Uncalled bet ($0.03) returned to HubertusB
HubertusB collected $0.04 from pot
HubertusB: doesn't show hand 
*** SUMMARY ***
Total pot $0.04 | Rake $0 
Seat 1: drk55 (button) folded before Flop (didn't bet)
Seat 2: Thiago_Carniel (small blind) folded before Flop
Seat 3: HubertusB (big blind) collected ($0.04)
Seat 4: yohyoxyd folded before Flop (didn't bet)
Seat 5: Girigal folded before Flop (didn't bet)
Seat 6: MKV86 folded before Flop (didn't bet)



PokerStars Zoom Hand #185657892352:  Hold'em No Limit ($0.02/$0.05) - 2018/04/25 22:38:17 CCT [2018/04/25 10:38:17 ET]
Table 'Donati' 6-max Seat #1 is the button
Seat 1: xafaki13 ($5 in chips) 
Seat 2: Krapat ($5.12 in chips) 
Seat 3: Tn 939 ($5.19 in chips) 
Seat 4: da-deu011 ($5 in chips) 
Seat 5: HubertusB ($4.67 in chips) 
Seat 6: MSKLucky007 ($5 in chips) 
Krapat: posts small blind $0.02
Tn 939: posts big blind $0.05
*** HOLE CARDS ***
Dealt to HubertusB [Jh 8c]
da-deu011: folds 
HubertusB: folds 
MSKLucky007: folds 
xafaki13: folds 
Krapat: raises $0.10 to $0.15
Tn 939: folds 
Uncalled bet ($0.10) returned to Krapat
Krapat collected $0.10 from pot
Krapat: doesn't show hand 
*** SUMMARY ***
Total pot $0.10 | Rake $0 
Seat 1: xafaki13 (button) folded before Flop (didn't bet)
Seat 2: Krapat (small blind) collected ($0.10)
Seat 3: Tn 939 (big blind) folded before Flop
Seat 4: da-deu011 folded before Flop (didn't bet)
Seat 5: HubertusB folded before Flop (didn't bet)
Seat 6: MSKLucky007 folded before Flop (didn't bet)



PokerStars Zoom Hand #185657899600:  Hold'em No Limit ($0.02/$0.05) - 2018/04/25 22:38:31 CCT [2018/04/25 10:38:31 ET]
Table 'Donati' 6-max Seat #1 is the button
Seat 1: MarinochkaLove ($8.42 in chips) 
Seat 2: helmiiinator ($7.37 in chips) 
Seat 3: mishuadi ($13.13 in chips) 
Seat 4: HubertusB ($4.69 in chips) 
Seat 5: Nirvana1970 ($5.89 in chips) 
Seat 6: FlopIsPrfect ($3.23 in chips) 
helmiiinator: posts small blind $0.02
mishuadi: posts big blind $0.05
*** HOLE CARDS ***
Dealt to HubertusB [Jh Ad]
HubertusB: raises $0.05 to $0.10
Nirvana1970: folds 
FlopIsPrfect: folds 
MarinochkaLove: folds 
helmiiinator: folds 
mishuadi: folds 
Uncalled bet ($0.05) returned to HubertusB
HubertusB collected $0.12 from pot
HubertusB: doesn't show hand 
*** SUMMARY ***
Total pot $0.12 | Rake $0 
Seat 1: MarinochkaLove (button) folded before Flop (didn't bet)
Seat 2: helmiiinator (small blind) folded before Flop
Seat 3: mishuadi (big blind) folded before Flop
Seat 4: HubertusB collected ($0.12)
Seat 5: Nirvana1970 folded before Flop (didn't bet)
Seat 6: FlopIsPrfect folded before Flop (didn't bet)



PokerStars Zoom Hand #185657889183:  Hold'em No Limit ($0.02/$0.05) - 2018/04/25 22:38:11 CCT [2018/04/25 10:38:11 ET]
Table 'Donati' 6-max Seat #1 is the button
Seat 1: BeeCool777 ($6.20 in chips) 
Seat 2: 14yk ($7.25 in chips) 
Seat 3: LTUBASKET ($6.82 in chips) 
Seat 4: HubertusB ($4.67 in chips) 
Seat 5: Zherabitu ($21.05 in chips) 
Seat 6: patriotmonte ($10.28 in chips) 
14yk: posts small blind $0.02
LTUBASKET: posts big blind $0.05
*** HOLE CARDS ***
Dealt to HubertusB [Td 8s]
HubertusB: folds 
Zherabitu: folds 
patriotmonte: raises $0.10 to $0.15
BeeCool777: folds 
14yk: calls $0.13
LTUBASKET: folds 
*** FLOP *** [Jc 6d Kh]
14yk: checks 
patriotmonte: checks 
*** TURN *** [Jc 6d Kh] [5d]
14yk: bets $0.34
patriotmonte: folds 
Uncalled bet ($0.34) returned to 14yk
14yk collected $0.34 from pot
14yk: doesn't show hand 
*** SUMMARY ***
Total pot $0.35 | Rake $0.01 
Board [Jc 6d Kh 5d]
Seat 1: BeeCool777 (button) folded before Flop (didn't bet)
Seat 2: 14yk (small blind) collected ($0.34)
Seat 3: LTUBASKET (big blind) folded before Flop
Seat 4: HubertusB folded before Flop (didn't bet)
Seat 5: Zherabitu folded before Flop (didn't bet)
Seat 6: patriotmonte folded on the Turn



PokerStars Zoom Hand #185657907002:  Hold'em No Limit ($0.02/$0.05) - 2018/04/25 22:38:45 CCT [2018/04/25 10:38:45 ET]
Table 'Donati' 6-max Seat #1 is the button
Seat 1: HubertusB ($4.76 in chips) 
Seat 2: salamandryko ($5.02 in chips) 
Seat 3: Y.Mirolim ($10.19 in chips) 
Seat 4: BBOD_001 ($9.12 in chips) 
Seat 5: LingPro ($5.62 in chips) 
Seat 6: arsad725 ($5.46 in chips) 
salamandryko: posts small blind $0.02
Y.Mirolim: posts big blind $0.05
*** HOLE CARDS ***
Dealt to HubertusB [9d Jc]
BBOD_001: raises $0.10 to $0.15
LingPro: folds 
arsad725: folds 
HubertusB: folds 
salamandryko: folds 
Y.Mirolim: folds 
Uncalled bet ($0.10) returned to BBOD_001
BBOD_001 collected $0.12 from pot
BBOD_001: doesn't show hand 
*** SUMMARY ***
Total pot $0.12 | Rake $0 
Seat 1: HubertusB (button) folded before Flop (didn't bet)
Seat 2: salamandryko (small blind) folded before Flop
Seat 3: Y.Mirolim (big blind) folded before Flop
Seat 4: BBOD_001 collected ($0.12)
Seat 5: LingPro folded before Flop (didn't bet)
Seat 6: arsad725 folded before Flop (didn't bet)



PokerStars Zoom Hand #185657921182:  Hold'em No Limit ($0.02/$0.05) - 2018/04/25 22:39:12 CCT [2018/04/25 10:39:12 ET]
Table 'Donati' 6-max Seat #1 is the button
Seat 1: NicSt4r ($9.24 in chips) 
Seat 2: HubertusB ($4.76 in chips) 
Seat 3: YudinAY ($2.63 in chips) 
Seat 4: 1Sania1 ($10.53 in chips) 
Seat 5: MarinochkaLove ($5.84 in chips) 
Seat 6: IGOR909 ($9.93 in chips) 
HubertusB: posts small blind $0.02
YudinAY: posts big blind $0.05
*** HOLE CARDS ***
Dealt to HubertusB [Kc 9h]
1Sania1: folds 
MarinochkaLove: folds 
IGOR909: folds 
NicSt4r: folds 
HubertusB: raises $0.10 to $0.15
YudinAY: folds 
Uncalled bet ($0.10) returned to HubertusB
HubertusB collected $0.10 from pot
HubertusB: doesn't show hand 
*** SUMMARY ***
Total pot $0.10 | Rake $0 
Seat 1: NicSt4r (button) folded before Flop (didn't bet)
Seat 2: HubertusB (small blind) collected ($0.10)
Seat 3: YudinAY (big blind) folded before Flop
Seat 4: 1Sania1 folded before Flop (didn't bet)
Seat 5: MarinochkaLove folded before Flop (didn't bet)
Seat 6: IGOR909 folded before Flop (didn't bet)



PokerStars Zoom Hand #185657916447:  Hold'em No Limit ($0.02/$0.05) - 2018/04/25 22:39:03 CCT [2018/04/25 10:39:03 ET]
Table 'Donati' 6-max Seat #1 is the button
Seat 1: maltrine ($5 in chips) 
Seat 2: BOSCOBOT ($5.20 in chips) 
Seat 3: Vedyschiy_ ($8.85 in chips) 
Seat 4: HubertusB ($4.76 in chips) 
Seat 5: eeeLOVEnkov ($7 in chips) 
Seat 6: BeeCool777 ($5.47 in chips) 
BOSCOBOT: posts small blind $0.02
Vedyschiy_: posts big blind $0.05
*** HOLE CARDS ***
Dealt to HubertusB [Qs 2s]
HubertusB: folds 
eeeLOVEnkov: raises $0.10 to $0.15
BeeCool777: folds 
maltrine: folds 
BOSCOBOT: folds 
Vedyschiy_: calls $0.10
*** FLOP *** [5s Qd 9h]
Vedyschiy_: checks 
eeeLOVEnkov: bets $0.20
Vedyschiy_: folds 
Uncalled bet ($0.20) returned to eeeLOVEnkov
eeeLOVEnkov collected $0.31 from pot
eeeLOVEnkov: doesn't show hand 
*** SUMMARY ***
Total pot $0.32 | Rake $0.01 
Board [5s Qd 9h]
Seat 1: maltrine (button) folded before Flop (didn't bet)
Seat 2: BOSCOBOT (small blind) folded before Flop
Seat 3: Vedyschiy_ (big blind) folded on the Flop
Seat 4: HubertusB folded before Flop (didn't bet)
Seat 5: eeeLOVEnkov collected ($0.31)
Seat 6: BeeCool777 folded before Flop (didn't bet)



PokerStars Zoom Hand #185657929965:  Hold'em No Limit ($0.02/$0.05) - 2018/04/25 22:39:29 CCT [2018/04/25 10:39:29 ET]
Table 'Donati' 6-max Seat #1 is the button
Seat 1: Shi Jack ($5.42 in chips) 
Seat 2: SereGka228 ($5.25 in chips) 
Seat 3: Rufin0 ($5 in chips) 
Seat 4: JonQveee ($5.62 in chips) 
Seat 5: LingPro ($5.73 in chips) 
Seat 6: HubertusB ($4.81 in chips) 
SereGka228: posts small blind $0.02
Rufin0: posts big blind $0.05
*** HOLE CARDS ***
Dealt to HubertusB [Qd Td]
JonQveee: folds 
LingPro: raises $0.07 to $0.12
HubertusB: raises $0.33 to $0.45
Shi Jack: folds 
SereGka228: folds 
Rufin0: folds 
LingPro: folds 
Uncalled bet ($0.33) returned to HubertusB
HubertusB collected $0.31 from pot
HubertusB: doesn't show hand 
*** SUMMARY ***
Total pot $0.31 | Rake $0 
Seat 1: Shi Jack (button) folded before Flop (didn't bet)
Seat 2: SereGka228 (small blind) folded before Flop
Seat 3: Rufin0 (big blind) folded before Flop
Seat 4: JonQveee folded before Flop (didn't bet)
Seat 5: LingPro folded before Flop
Seat 6: HubertusB collected ($0.31)



PokerStars Zoom Hand #185657946552:  Hold'em No Limit ($0.02/$0.05) - 2018/04/25 22:40:01 CCT [2018/04/25 10:40:01 ET]
Table 'Donati' 6-max Seat #1 is the button
Seat 1: brus77777 ($11.35 in chips) 
Seat 2: Mazgod ($5.41 in chips) 
Seat 3: HubertusB ($5 in chips) 
Seat 4: xafaki13 ($5 in chips) 
Seat 5: cabrabagua ($5 in chips) 
Seat 6: KKatalAA ($8.03 in chips) 
Mazgod: posts small blind $0.02
HubertusB: posts big blind $0.05
*** HOLE CARDS ***
Dealt to HubertusB [7h 9s]
xafaki13: folds 
cabrabagua: folds 
KKatalAA: folds 
brus77777: raises $0.10 to $0.15
Mazgod: folds 
HubertusB: folds 
Uncalled bet ($0.10) returned to brus77777
brus77777 collected $0.12 from pot
brus77777: doesn't show hand 
*** SUMMARY ***
Total pot $0.12 | Rake $0 
Seat 1: brus77777 (button) collected ($0.12)
Seat 2: Mazgod (small blind) folded before Flop
Seat 3: HubertusB (big blind) folded before Flop
Seat 4: xafaki13 folded before Flop (didn't bet)
Seat 5: cabrabagua folded before Flop (didn't bet)
Seat 6: KKatalAA folded before Flop (didn't bet)



PokerStars Zoom Hand #185657959123:  Hold'em No Limit ($0.02/$0.05) - 2018/04/25 22:40:25 CCT [2018/04/25 10:40:25 ET]
Table 'Donati' 6-max Seat #1 is the button
Seat 1: MaybeMayday ($5.08 in chips) 
Seat 2: Mg-cooke ($9.93 in chips) 
Seat 3: navy463 ($5.97 in chips) 
Seat 4: Draugsvoll ($5.44 in chips) 
Seat 5: HubertusB ($4.95 in chips) 
Seat 6: the_dest ($5.58 in chips) 
Mg-cooke: posts small blind $0.02
navy463: posts big blind $0.05
*** HOLE CARDS ***
Dealt to HubertusB [Kd Qd]
Draugsvoll: folds 
HubertusB: calls $0.05
the_dest: folds 
MaybeMayday: folds 
Mg-cooke: folds 
navy463: raises $0.20 to $0.25
HubertusB: calls $0.20
*** FLOP *** [Kc Tc 4h]
navy463: bets $0.38
HubertusB: calls $0.38
*** TURN *** [Kc Tc 4h] [7s]
navy463: bets $0.92
HubertusB: calls $0.92
*** RIVER *** [Kc Tc 4h 7s] [4c]
navy463: checks 
HubertusB: checks 
*** SHOW DOWN ***
navy463: shows [Kh As] (two pair, Kings and Fours)
HubertusB: mucks hand 
navy463 collected $2.99 from pot
*** SUMMARY ***
Total pot $3.12 | Rake $0.13 
Board [Kc Tc 4h 7s 4c]
Seat 1: MaybeMayday (button) folded before Flop (didn't bet)
Seat 2: Mg-cooke (small blind) folded before Flop
Seat 3: navy463 (big blind) showed [Kh As] and won ($2.99) with two pair, Kings and Fours
Seat 4: Draugsvoll folded before Flop (didn't bet)
Seat 5: HubertusB mucked [Kd Qd]
Seat 6: the_dest folded before Flop (didn't bet)



PokerStars Zoom Hand #185657993348:  Hold'em No Limit ($0.02/$0.05) - 2018/04/25 22:41:30 CCT [2018/04/25 10:41:30 ET]
Table 'Donati' 6-max Seat #1 is the button
Seat 1: HubertusB ($3.40 in chips) 
Seat 2: OwnedbySF ($2.81 in chips) 
Seat 3: Timberwol815 ($5.02 in chips) 
Seat 4: klavinsh1 ($3.64 in chips) 
Seat 5: Vorsix ($5 in chips) 
Seat 6: ppdesty ($9.79 in chips) 
OwnedbySF: posts small blind $0.02
Timberwol815: posts big blind $0.05
*** HOLE CARDS ***
Dealt to HubertusB [2s 7s]
klavinsh1: folds 
Vorsix: folds 
ppdesty: folds 
HubertusB: folds 
OwnedbySF: folds 
Uncalled bet ($0.03) returned to Timberwol815
Timberwol815 collected $0.04 from pot
Timberwol815: doesn't show hand 
*** SUMMARY ***
Total pot $0.04 | Rake $0 
Seat 1: HubertusB (button) folded before Flop (didn't bet)
Seat 2: OwnedbySF (small blind) folded before Flop
Seat 3: Timberwol815 (big blind) collected ($0.04)
Seat 4: klavinsh1 folded before Flop (didn't bet)
Seat 5: Vorsix folded before Flop (didn't bet)
Seat 6: ppdesty folded before Flop (didn't bet)



PokerStars Zoom Hand #185657997660:  Hold'em No Limit ($0.02/$0.05) - 2018/04/25 22:41:38 CCT [2018/04/25 10:41:38 ET]
Table 'Donati' 6-max Seat #1 is the button
Seat 1: vorobor ($5.16 in chips) 
Seat 2: HubertusB ($3.40 in chips) 
Seat 3: Kirsan-1980 ($4.19 in chips) 
Seat 4: MaybeMayday ($5.01 in chips) 
Seat 5: IDex777 ($4.42 in chips) 
Seat 6: Chris7212 ($6.60 in chips) 
HubertusB: posts small blind $0.02
Kirsan-1980: posts big blind $0.05
*** HOLE CARDS ***
Dealt to HubertusB [5c 4h]
MaybeMayday: folds 
IDex777: folds 
Chris7212: folds 
vorobor: folds 
HubertusB: folds 
Uncalled bet ($0.03) returned to Kirsan-1980
Kirsan-1980 collected $0.04 from pot
Kirsan-1980: doesn't show hand 
*** SUMMARY ***
Total pot $0.04 | Rake $0 
Seat 1: vorobor (button) folded before Flop (didn't bet)
Seat 2: HubertusB (small blind) folded before Flop
Seat 3: Kirsan-1980 (big blind) collected ($0.04)
Seat 4: MaybeMayday folded before Flop (didn't bet)
Seat 5: IDex777 folded before Flop (didn't bet)
Seat 6: Chris7212 folded before Flop (didn't bet)



PokerStars Zoom Hand #185657990702:  Hold'em No Limit ($0.02/$0.05) - 2018/04/25 22:41:25 CCT [2018/04/25 10:41:25 ET]
Table 'Donati' 6-max Seat #1 is the button
Seat 1: MaybeMayday ($5.01 in chips) 
Seat 2: skullsy ($5.36 in chips) 
Seat 3: adyrnicc ($6.48 in chips) 
Seat 4: AB5OLUTI0N ($5.12 in chips) 
Seat 5: HubertusB ($3.40 in chips) 
Seat 6: drk55 ($5.85 in chips) 
skullsy: posts small blind $0.02
adyrnicc: posts big blind $0.05
*** HOLE CARDS ***
Dealt to HubertusB [8d 4d]
AB5OLUTI0N: folds 
HubertusB: folds 
drk55: folds 
MaybeMayday: folds 
skullsy: raises $0.06 to $0.11
adyrnicc: calls $0.06
*** FLOP *** [5c 6c 6d]
skullsy: checks 
adyrnicc: bets $0.14
skullsy: folds 
Uncalled bet ($0.14) returned to adyrnicc
adyrnicc collected $0.21 from pot
adyrnicc: doesn't show hand 
*** SUMMARY ***
Total pot $0.22 | Rake $0.01 
Board [5c 6c 6d]
Seat 1: MaybeMayday (button) folded before Flop (didn't bet)
Seat 2: skullsy (small blind) folded on the Flop
Seat 3: adyrnicc (big blind) collected ($0.21)
Seat 4: AB5OLUTI0N folded before Flop (didn't bet)
Seat 5: HubertusB folded before Flop (didn't bet)
Seat 6: drk55 folded before Flop (didn't bet)



PokerStars Zoom Hand #185658000845:  Hold'em No Limit ($0.02/$0.05) - 2018/04/25 22:41:44 CCT [2018/04/25 10:41:44 ET]
Table 'Donati' 6-max Seat #1 is the button
Seat 1: J.A.S.W.45 ($15.64 in chips) 
Seat 2: Smith1358 ($4.03 in chips) 
Seat 3: NakashimaStr ($10.15 in chips) 
Seat 4: Alexsny13 ($7.67 in chips) 
Seat 5: Willi1604 ($4.15 in chips) 
Seat 6: HubertusB ($3.38 in chips) 
Smith1358: posts small blind $0.02
NakashimaStr: posts big blind $0.05
*** HOLE CARDS ***
Dealt to HubertusB [2s Ts]
Alexsny13: folds 
Willi1604: folds 
HubertusB: folds 
J.A.S.W.45: folds 
Smith1358: calls $0.03
NakashimaStr: checks 
*** FLOP *** [4s Th Tc]
Smith1358: checks 
NakashimaStr: checks 
*** TURN *** [4s Th Tc] [6c]
Smith1358: checks 
NakashimaStr: bets $0.06
Smith1358: folds 
Uncalled bet ($0.06) returned to NakashimaStr
NakashimaStr collected $0.10 from pot
NakashimaStr: doesn't show hand 
*** SUMMARY ***
Total pot $0.10 | Rake $0 
Board [4s Th Tc 6c]
Seat 1: J.A.S.W.45 (button) folded before Flop (didn't bet)
Seat 2: Smith1358 (small blind) folded on the Turn
Seat 3: NakashimaStr (big blind) collected ($0.10)
Seat 4: Alexsny13 folded before Flop (didn't bet)
Seat 5: Willi1604 folded before Flop (didn't bet)
Seat 6: HubertusB folded before Flop (didn't bet)



PokerStars Zoom Hand #185658009771:  Hold'em No Limit ($0.02/$0.05) - 2018/04/25 22:42:01 CCT [2018/04/25 10:42:01 ET]
Table 'Donati' 6-max Seat #1 is the button
Seat 1: 14yk ($8.71 in chips) 
Seat 2: patsanbek25 ($9.98 in chips) 
Seat 3: Willi1604 ($5.66 in chips) 
Seat 4: marrchelo_ ($8.19 in chips) 
Seat 5: maltrine ($5 in chips) 
Seat 6: HubertusB ($3.33 in chips) 
patsanbek25: posts small blind $0.02
Willi1604: posts big blind $0.05
*** HOLE CARDS ***
Dealt to HubertusB [4c 8s]
marrchelo_: folds 
maltrine: raises $0.10 to $0.15
HubertusB: folds 
14yk: folds 
patsanbek25: folds 
Willi1604: folds 
Uncalled bet ($0.10) returned to maltrine
maltrine collected $0.12 from pot
maltrine: doesn't show hand 
*** SUMMARY ***
Total pot $0.12 | Rake $0 
Seat 1: 14yk (button) folded before Flop (didn't bet)
Seat 2: patsanbek25 (small blind) folded before Flop
Seat 3: Willi1604 (big blind) folded before Flop
Seat 4: marrchelo_ folded before Flop (didn't bet)
Seat 5: maltrine collected ($0.12)
Seat 6: HubertusB folded before Flop (didn't bet)



PokerStars Zoom Hand #185658015577:  Hold'em No Limit ($0.02/$0.05) - 2018/04/25 22:42:12 CCT [2018/04/25 10:42:12 ET]
Table 'Donati' 6-max Seat #1 is the button
Seat 1: HubertusB ($3.33 in chips) 
Seat 2: Romeo rus89 ($4.74 in chips) 
Seat 3: crawerman ($5 in chips) 
Seat 4: lucaskissler ($5.27 in chips) 
Seat 5: Tn 939 ($5.28 in chips) 
Seat 6: adyrnicc ($6.57 in chips) 
Romeo rus89: posts small blind $0.02
crawerman: posts big blind $0.05
*** HOLE CARDS ***
Dealt to HubertusB [Th 9s]
lucaskissler: folds 
Tn 939: folds 
adyrnicc: raises $0.10 to $0.15
HubertusB: raises $0.35 to $0.50
Romeo rus89: folds 
crawerman: folds 
adyrnicc: folds 
Uncalled bet ($0.35) returned to HubertusB
HubertusB collected $0.37 from pot
HubertusB: doesn't show hand 
*** SUMMARY ***
Total pot $0.37 | Rake $0 
Seat 1: HubertusB (button) collected ($0.37)
Seat 2: Romeo rus89 (small blind) folded before Flop
Seat 3: crawerman (big blind) folded before Flop
Seat 4: lucaskissler folded before Flop (didn't bet)
Seat 5: Tn 939 folded before Flop (didn't bet)
Seat 6: adyrnicc folded before Flop



PokerStars Zoom Hand #185658004502:  Hold'em No Limit ($0.02/$0.05) - 2018/04/25 22:41:51 CCT [2018/04/25 10:41:51 ET]
Table 'Donati' 6-max Seat #1 is the button
Seat 1: TheRoyalBush ($6.29 in chips) 
Seat 2: MKV86 ($5.78 in chips) 
Seat 3: HubertusB ($3.38 in chips) 
Seat 4: cappss ($5.21 in chips) 
Seat 5: simonsand999 ($6.56 in chips) 
Seat 6: CIDUL21 ($4.46 in chips) 
MKV86: posts small blind $0.02
HubertusB: posts big blind $0.05
*** HOLE CARDS ***
Dealt to HubertusB [3d Kc]
cappss: folds 
simonsand999: raises $0.10 to $0.15
CIDUL21: calls $0.15
TheRoyalBush: folds 
MKV86: calls $0.13
HubertusB: folds 
*** FLOP *** [3h Ac As]
MKV86: checks 
simonsand999: bets $0.29
CIDUL21: calls $0.29
MKV86: raises $0.81 to $1.10
simonsand999: folds 
CIDUL21: calls $0.81
*** TURN *** [3h Ac As] [8c]
MKV86: bets $2.88
CIDUL21: raises $0.33 to $3.21 and is all-in
MKV86: calls $0.33
*** FIRST RIVER *** [3h Ac As 8c] [9d]
*** SECOND RIVER *** [3h Ac As 8c] [Qc]
*** FIRST SHOW DOWN ***
MKV86: shows [5s 4s] (a pair of Aces)
CIDUL21: shows [Td Ad] (three of a kind, Aces)
CIDUL21 collected $4.51 from pot
*** SECOND SHOW DOWN ***
MKV86: shows [5s 4s] (a pair of Aces)
CIDUL21: shows [Td Ad] (three of a kind, Aces)
CIDUL21 collected $4.51 from pot
*** SUMMARY ***
Total pot $9.41 | Rake $0.39 
Hand was run twice
FIRST Board [3h Ac As 8c 9d]
SECOND Board [3h Ac As 8c Qc]
Seat 1: TheRoyalBush (button) folded before Flop (didn't bet)
Seat 2: MKV86 (small blind) showed [5s 4s] and lost with a pair of Aces, and lost with a pair of Aces
Seat 3: HubertusB (big blind) folded before Flop
Seat 4: cappss folded before Flop (didn't bet)
Seat 5: simonsand999 folded on the Flop
Seat 6: CIDUL21 showed [Td Ad] and won ($4.51) with three of a kind, Aces, and won ($4.51) with three of a kind, Aces



PokerStars Zoom Hand #185658029404:  Hold'em No Limit ($0.02/$0.05) - 2018/04/25 22:42:38 CCT [2018/04/25 10:42:38 ET]
Table 'Donati' 6-max Seat #1 is the button
Seat 1: lukasamace ($5.72 in chips) 
Seat 2: HubertusB ($3.55 in chips) 
Seat 3: mbogdan32 ($2.70 in chips) 
Seat 4: quinnlin226 ($11.54 in chips) 
Seat 5: josah321 ($5.14 in chips) 
Seat 6: ronson1976 ($6.81 in chips) 
HubertusB: posts small blind $0.02
mbogdan32: posts big blind $0.05
*** HOLE CARDS ***
Dealt to HubertusB [4d 4h]
quinnlin226: folds 
josah321: folds 
ronson1976: folds 
lukasamace: folds 
HubertusB: raises $0.10 to $0.15
mbogdan32: calls $0.10
*** FLOP *** [7d Jd 5d]
HubertusB: bets $0.12
mbogdan32: folds 
Uncalled bet ($0.12) returned to HubertusB
HubertusB collected $0.29 from pot
HubertusB: doesn't show hand 
*** SUMMARY ***
Total pot $0.30 | Rake $0.01 
Board [7d Jd 5d]
Seat 1: lukasamace (button) folded before Flop (didn't bet)
Seat 2: HubertusB (small blind) collected ($0.29)
Seat 3: mbogdan32 (big blind) folded on the Flop
Seat 4: quinnlin226 folded before Flop (didn't bet)
Seat 5: josah321 folded before Flop (didn't bet)
Seat 6: ronson1976 folded before Flop (didn't bet)



PokerStars Zoom Hand #185658026202:  Hold'em No Limit ($0.02/$0.05) - 2018/04/25 22:42:32 CCT [2018/04/25 10:42:32 ET]
Table 'Donati' 6-max Seat #1 is the button
Seat 1: SerVilliam ($3.86 in chips) 
Seat 2: rent118 ($5.64 in chips) 
Seat 3: masterKoler ($5.26 in chips) 
Seat 4: HubertusB ($3.55 in chips) 
Seat 5: MarinochkaLove ($5 in chips) 
Seat 6: belyiy filin ($4.50 in chips) 
rent118: posts small blind $0.02
masterKoler: posts big blind $0.05
*** HOLE CARDS ***
Dealt to HubertusB [Qs 5d]
HubertusB: folds 
MarinochkaLove: folds 
belyiy filin: calls $0.05
SerVilliam: folds 
rent118: folds 
masterKoler: checks 
*** FLOP *** [6d 6s Ks]
masterKoler: checks 
belyiy filin: checks 
*** TURN *** [6d 6s Ks] [Tc]
masterKoler: checks 
belyiy filin: checks 
*** RIVER *** [6d 6s Ks Tc] [8d]
masterKoler: bets $0.06
belyiy filin: folds 
Uncalled bet ($0.06) returned to masterKoler
masterKoler collected $0.12 from pot
masterKoler: doesn't show hand 
*** SUMMARY ***
Total pot $0.12 | Rake $0 
Board [6d 6s Ks Tc 8d]
Seat 1: SerVilliam (button) folded before Flop (didn't bet)
Seat 2: rent118 (small blind) folded before Flop
Seat 3: masterKoler (big blind) collected ($0.12)
Seat 4: HubertusB folded before Flop (didn't bet)
Seat 5: MarinochkaLove folded before Flop (didn't bet)
Seat 6: belyiy filin folded on the River



PokerStars Zoom Hand #185658012409:  Hold'em No Limit ($0.02/$0.05) - 2018/04/25 22:42:06 CCT [2018/04/25 10:42:06 ET]
Table 'Donati' 6-max Seat #1 is the button
Seat 1: pajka ($5 in chips) 
Seat 2: pangTX ($5 in chips) 
Seat 3: Smith1358 ($4.77 in chips) 
Seat 4: iznasilL ($5.46 in chips) 
Seat 5: HubertusB ($3.33 in chips) 
Seat 6: blueGuy12 ($3.69 in chips) 
pangTX: posts small blind $0.02
Smith1358: posts big blind $0.05
*** HOLE CARDS ***
Dealt to HubertusB [8d Th]
iznasilL: folds 
HubertusB: folds 
blueGuy12: raises $0.05 to $0.10
pajka: raises $0.27 to $0.37
pangTX has timed out while disconnected
pangTX: folds 
Smith1358: folds 
blueGuy12: folds 
Uncalled bet ($0.27) returned to pajka
pajka collected $0.27 from pot
pajka: doesn't show hand 
*** SUMMARY ***
Total pot $0.27 | Rake $0 
Seat 1: pajka (button) collected ($0.27)
Seat 2: pangTX (small blind) folded before Flop
Seat 3: Smith1358 (big blind) folded before Flop
Seat 4: iznasilL folded before Flop (didn't bet)
Seat 5: HubertusB folded before Flop (didn't bet)
Seat 6: blueGuy12 folded before Flop



PokerStars Zoom Hand #185658038928:  Hold'em No Limit ($0.02/$0.05) - 2018/04/25 22:42:56 CCT [2018/04/25 10:42:56 ET]
Table 'Donati' 6-max Seat #1 is the button
Seat 1: Catalin16z ($8.29 in chips) 
Seat 2: mbogdan32 ($2.55 in chips) 
Seat 3: HubertusB ($3.69 in chips) 
Seat 4: viktor49ru ($10.28 in chips) 
Seat 5: kferte ($4.90 in chips) 
Seat 6: OfCouRse72 ($9.27 in chips) 
mbogdan32: posts small blind $0.02
HubertusB: posts big blind $0.05
*** HOLE CARDS ***
Dealt to HubertusB [Ks 2c]
viktor49ru: folds 
kferte: folds 
OfCouRse72: folds 
Catalin16z: raises $0.07 to $0.12
mbogdan32: folds 
HubertusB: folds 
Uncalled bet ($0.07) returned to Catalin16z
Catalin16z collected $0.12 from pot
Catalin16z: doesn't show hand 
*** SUMMARY ***
Total pot $0.12 | Rake $0 
Seat 1: Catalin16z (button) collected ($0.12)
Seat 2: mbogdan32 (small blind) folded before Flop
Seat 3: HubertusB (big blind) folded before Flop
Seat 4: viktor49ru folded before Flop (didn't bet)
Seat 5: kferte folded before Flop (didn't bet)
Seat 6: OfCouRse72 folded before Flop (didn't bet)



PokerStars Zoom Hand #185658048112:  Hold'em No Limit ($0.02/$0.05) - 2018/04/25 22:43:13 CCT [2018/04/25 10:43:13 ET]
Table 'Donati' 6-max Seat #1 is the button
Seat 1: HubertusB ($3.64 in chips) 
Seat 2: Tautvi5 ($1.87 in chips) 
Seat 3: N.G 1960 ($1.26 in chips) 
Seat 4: MKV86 ($5 in chips) 
Seat 5: fantazja8 ($13.19 in chips) 
Seat 6: JonQveee ($15.66 in chips) 
Tautvi5: posts small blind $0.02
N.G 1960: posts big blind $0.05
*** HOLE CARDS ***
Dealt to HubertusB [Kc 9h]
MKV86: folds 
fantazja8: raises $0.10 to $0.15
JonQveee: calls $0.15
HubertusB: folds 
Tautvi5: folds 
N.G 1960: folds 
*** FLOP *** [7c Ad 4h]
fantazja8: bets $0.18
JonQveee: folds 
Uncalled bet ($0.18) returned to fantazja8
fantazja8 collected $0.35 from pot
fantazja8: doesn't show hand 
*** SUMMARY ***
Total pot $0.37 | Rake $0.02 
Board [7c Ad 4h]
Seat 1: HubertusB (button) folded before Flop (didn't bet)
Seat 2: Tautvi5 (small blind) folded before Flop
Seat 3: N.G 1960 (big blind) folded before Flop
Seat 4: MKV86 folded before Flop (didn't bet)
Seat 5: fantazja8 collected ($0.35)
Seat 6: JonQveee folded on the Flop



PokerStars Zoom Hand #185658053916:  Hold'em No Limit ($0.02/$0.05) - 2018/04/25 22:43:24 CCT [2018/04/25 10:43:24 ET]
Table 'Donati' 6-max Seat #1 is the button
Seat 1: karatav ($24.09 in chips) 
Seat 2: slimnios21 ($5 in chips) 
Seat 3: pajka ($5.15 in chips) 
Seat 4: Tn 939 ($5 in chips) 
Seat 5: zuga8888 ($2.35 in chips) 
Seat 6: HubertusB ($3.64 in chips) 
slimnios21: posts small blind $0.02
pajka: posts big blind $0.05
*** HOLE CARDS ***
Dealt to HubertusB [Kd 6d]
Tn 939: folds 
zuga8888: folds 
HubertusB: raises $0.05 to $0.10
karatav: folds 
slimnios21: folds 
pajka: folds 
Uncalled bet ($0.05) returned to HubertusB
HubertusB collected $0.12 from pot
HubertusB: doesn't show hand 
*** SUMMARY ***
Total pot $0.12 | Rake $0 
Seat 1: karatav (button) folded before Flop (didn't bet)
Seat 2: slimnios21 (small blind) folded before Flop
Seat 3: pajka (big blind) folded before Flop
Seat 4: Tn 939 folded before Flop (didn't bet)
Seat 5: zuga8888 folded before Flop (didn't bet)
Seat 6: HubertusB collected ($0.12)



PokerStars Zoom Hand #185658044782:  Hold'em No Limit ($0.02/$0.05) - 2018/04/25 22:43:07 CCT [2018/04/25 10:43:07 ET]
Table 'Donati' 6-max Seat #1 is the button
Seat 1: xafaki13 ($5.16 in chips) 
Seat 2: sapiosss1 ($12.57 in chips) 
Seat 3: chirva007 ($5.36 in chips) 
Seat 4: AUHailov ($13.55 in chips) 
Seat 5: HubertusB ($3.64 in chips) 
Seat 6: BoNiKa23 ($4.17 in chips) 
sapiosss1: posts small blind $0.02
chirva007: posts big blind $0.05
*** HOLE CARDS ***
Dealt to HubertusB [3c 5d]
AUHailov: raises $0.10 to $0.15
HubertusB: folds 
BoNiKa23: raises $0.10 to $0.25
xafaki13: folds 
sapiosss1: folds 
chirva007: folds 
AUHailov: calls $0.10
*** FLOP *** [2c 8h Ks]
AUHailov: checks 
BoNiKa23: bets $0.05
AUHailov: raises $0.33 to $0.38
BoNiKa23: calls $0.33
*** TURN *** [2c 8h Ks] [Td]
AUHailov: bets $0.85
BoNiKa23: folds 
Uncalled bet ($0.85) returned to AUHailov
AUHailov collected $1.27 from pot
AUHailov: doesn't show hand 
*** SUMMARY ***
Total pot $1.33 | Rake $0.06 
Board [2c 8h Ks Td]
Seat 1: xafaki13 (button) folded before Flop (didn't bet)
Seat 2: sapiosss1 (small blind) folded before Flop
Seat 3: chirva007 (big blind) folded before Flop
Seat 4: AUHailov collected ($1.27)
Seat 5: HubertusB folded before Flop (didn't bet)
Seat 6: BoNiKa23 folded on the Turn



PokerStars Zoom Hand #185658059249:  Hold'em No Limit ($0.02/$0.05) - 2018/04/25 22:43:34 CCT [2018/04/25 10:43:34 ET]
Table 'Donati' 6-max Seat #1 is the button
Seat 1: GRAYSPRAY ($8.80 in chips) 
Seat 2: HubertusB ($3.71 in chips) 
Seat 3: Chris7212 ($11.91 in chips) 
Seat 4: Kelt2 ($5.03 in chips) 
Seat 5: Willi1604 ($4.01 in chips) 
Seat 6: xafaki13 ($5.16 in chips) 
HubertusB: posts small blind $0.02
Chris7212: posts big blind $0.05
*** HOLE CARDS ***
Dealt to HubertusB [Qs 2s]
Kelt2: folds 
Willi1604: folds 
xafaki13: folds 
GRAYSPRAY: folds 
HubertusB: folds 
Uncalled bet ($0.03) returned to Chris7212
Chris7212 collected $0.04 from pot
Chris7212: doesn't show hand 
*** SUMMARY ***
Total pot $0.04 | Rake $0 
Seat 1: GRAYSPRAY (button) folded before Flop (didn't bet)
Seat 2: HubertusB (small blind) folded before Flop
Seat 3: Chris7212 (big blind) collected ($0.04)
Seat 4: Kelt2 folded before Flop (didn't bet)
Seat 5: Willi1604 folded before Flop (didn't bet)
Seat 6: xafaki13 folded before Flop (didn't bet)



PokerStars Zoom Hand #185658065030:  Hold'em No Limit ($0.02/$0.05) - 2018/04/25 22:43:45 CCT [2018/04/25 10:43:45 ET]
Table 'Donati' 6-max Seat #1 is the button
Seat 1: HubertusB ($3.69 in chips) 
Seat 2: yumeko0001 ($6.22 in chips) 
Seat 3: yohyoxyd ($5.63 in chips) 
Seat 4: NOWEATFISH ($6.82 in chips) 
Seat 5: BOSCOBOT ($5.07 in chips) 
Seat 6: Chris7212 ($11.93 in chips) 
yumeko0001: posts small blind $0.02
yohyoxyd: posts big blind $0.05
*** HOLE CARDS ***
Dealt to HubertusB [Qs 4c]
NOWEATFISH: folds 
BOSCOBOT: folds 
Chris7212: folds 
HubertusB: raises $0.05 to $0.10
yumeko0001: folds 
yohyoxyd: folds 
Uncalled bet ($0.05) returned to HubertusB
HubertusB collected $0.12 from pot
HubertusB: doesn't show hand 
*** SUMMARY ***
Total pot $0.12 | Rake $0 
Seat 1: HubertusB (button) collected ($0.12)
Seat 2: yumeko0001 (small blind) folded before Flop
Seat 3: yohyoxyd (big blind) folded before Flop
Seat 4: NOWEATFISH folded before Flop (didn't bet)
Seat 5: BOSCOBOT folded before Flop (didn't bet)
Seat 6: Chris7212 folded before Flop (didn't bet)



PokerStars Zoom Hand #185658062414:  Hold'em No Limit ($0.02/$0.05) - 2018/04/25 22:43:40 CCT [2018/04/25 10:43:40 ET]
Table 'Donati' 6-max Seat #1 is the button
Seat 1: Scheck1363 ($3.32 in chips) 
Seat 2: EvgVa ($5.37 in chips) 
Seat 3: AsterixBrn ($12.54 in chips) 
Seat 4: chirva007 ($5.29 in chips) 
Seat 5: HubertusB ($3.69 in chips) 
Seat 6: braywa888 ($4.93 in chips) 
EvgVa: posts small blind $0.02
AsterixBrn: posts big blind $0.05
*** HOLE CARDS ***
Dealt to HubertusB [Ad 5c]
chirva007: raises $0.10 to $0.15
HubertusB: folds 
braywa888: folds 
Scheck1363: calls $0.15
EvgVa: folds 
AsterixBrn: folds 
*** FLOP *** [9s Kh 2d]
chirva007: bets $0.23
Scheck1363: calls $0.23
*** TURN *** [9s Kh 2d] [Th]
chirva007: bets $0.53
Scheck1363: calls $0.53
*** RIVER *** [9s Kh 2d Th] [3s]
chirva007: bets $1.21
Scheck1363: folds 
Uncalled bet ($1.21) returned to chirva007
chirva007 collected $1.81 from pot
chirva007: doesn't show hand 
*** SUMMARY ***
Total pot $1.89 | Rake $0.08 
Board [9s Kh 2d Th 3s]
Seat 1: Scheck1363 (button) folded on the River
Seat 2: EvgVa (small blind) folded before Flop
Seat 3: AsterixBrn (big blind) folded before Flop
Seat 4: chirva007 collected ($1.81)
Seat 5: HubertusB folded before Flop (didn't bet)
Seat 6: braywa888 folded before Flop (didn't bet)



PokerStars Zoom Hand #185658074092:  Hold'em No Limit ($0.02/$0.05) - 2018/04/25 22:44:02 CCT [2018/04/25 10:44:02 ET]
Table 'Donati' 6-max Seat #1 is the button
Seat 1: flushcrush01 ($2.21 in chips) 
Seat 2: ckmtl5 ($4.26 in chips) 
Seat 3: Timxx7 ($5.05 in chips) 
Seat 4: HubertusB ($3.76 in chips) 
Seat 5: plaz v ($2.93 in chips) 
Seat 6: aodwntm ($5 in chips) 
ckmtl5: posts small blind $0.02
Timxx7: posts big blind $0.05
*** HOLE CARDS ***
Dealt to HubertusB [2h 4c]
HubertusB: folds 
plaz v: raises $0.10 to $0.15
aodwntm: folds 
flushcrush01: folds 
ckmtl5: folds 
Timxx7: folds 
Uncalled bet ($0.10) returned to plaz v
plaz v collected $0.12 from pot
plaz v: doesn't show hand 
*** SUMMARY ***
Total pot $0.12 | Rake $0 
Seat 1: flushcrush01 (button) folded before Flop (didn't bet)
Seat 2: ckmtl5 (small blind) folded before Flop
Seat 3: Timxx7 (big blind) folded before Flop
Seat 4: HubertusB folded before Flop (didn't bet)
Seat 5: plaz v collected ($0.12)
Seat 6: aodwntm folded before Flop (didn't bet)



PokerStars Zoom Hand #185658077283:  Hold'em No Limit ($0.02/$0.05) - 2018/04/25 22:44:08 CCT [2018/04/25 10:44:08 ET]
Table 'Donati' 6-max Seat #1 is the button
Seat 1: SereGka228 ($5.41 in chips) 
Seat 2: 252triumph ($5.02 in chips) 
Seat 3: HubertusB ($3.76 in chips) 
Seat 4: Chris7212 ($4.29 in chips) 
Seat 5: Romeo rus89 ($5.06 in chips) 
Seat 6: Valeria_sh_s ($8.07 in chips) 
252triumph: posts small blind $0.02
HubertusB: posts big blind $0.05
*** HOLE CARDS ***
Dealt to HubertusB [Qd 2d]
Chris7212: folds 
Romeo rus89: folds 
Valeria_sh_s: raises $0.07 to $0.12
SereGka228: folds 
252triumph: folds 
HubertusB: folds 
Uncalled bet ($0.07) returned to Valeria_sh_s
Valeria_sh_s collected $0.12 from pot
Valeria_sh_s: doesn't show hand 
*** SUMMARY ***
Total pot $0.12 | Rake $0 
Seat 1: SereGka228 (button) folded before Flop (didn't bet)
Seat 2: 252triumph (small blind) folded before Flop
Seat 3: HubertusB (big blind) folded before Flop
Seat 4: Chris7212 folded before Flop (didn't bet)
Seat 5: Romeo rus89 folded before Flop (didn't bet)
Seat 6: Valeria_sh_s collected ($0.12)



PokerStars Zoom Hand #185658082038:  Hold'em No Limit ($0.02/$0.05) - 2018/04/25 22:44:17 CCT [2018/04/25 10:44:17 ET]
Table 'Donati' 6-max Seat #1 is the button
Seat 1: Vory_stop ($6.32 in chips) 
Seat 2: HubertusB ($3.71 in chips) 
Seat 3: Chris7212 ($11.91 in chips) 
Seat 4: nAzgulpl ($5.31 in chips) 
Seat 5: NicSt4r ($14.44 in chips) 
Seat 6: donevi4 ($5.19 in chips) 
HubertusB: posts small blind $0.02
Chris7212: posts big blind $0.05
*** HOLE CARDS ***
Dealt to HubertusB [9h 3h]
nAzgulpl: folds 
NicSt4r: raises $0.10 to $0.15
donevi4: folds 
Vory_stop: folds 
HubertusB: folds 
Chris7212: folds 
Uncalled bet ($0.10) returned to NicSt4r
NicSt4r collected $0.12 from pot
NicSt4r: doesn't show hand 
*** SUMMARY ***
Total pot $0.12 | Rake $0 
Seat 1: Vory_stop (button) folded before Flop (didn't bet)
Seat 2: HubertusB (small blind) folded before Flop
Seat 3: Chris7212 (big blind) folded before Flop
Seat 4: nAzgulpl folded before Flop (didn't bet)
Seat 5: NicSt4r collected ($0.12)
Seat 6: donevi4 folded before Flop (didn't bet)



PokerStars Zoom Hand #185658085235:  Hold'em No Limit ($0.02/$0.05) - 2018/04/25 22:44:23 CCT [2018/04/25 10:44:23 ET]
Table 'Donati' 6-max Seat #1 is the button
Seat 1: Alex 1234569 ($8.73 in chips) 
Seat 2: tofsty ($9.10 in chips) 
Seat 3: here-ftw-AA ($9.01 in chips) 
Seat 4: manyak ps ($5.03 in chips) 
Seat 5: HubertusB ($3.69 in chips) 
Seat 6: stephandlily ($5.45 in chips) 
tofsty: posts small blind $0.02
here-ftw-AA: posts big blind $0.05
*** HOLE CARDS ***
Dealt to HubertusB [Td 5c]
manyak ps: folds 
HubertusB: folds 
stephandlily: folds 
Alex 1234569: calls $0.05
tofsty: folds 
here-ftw-AA: checks 
*** FLOP *** [9h Qd Ad]
here-ftw-AA: checks 
Alex 1234569: bets $0.15
here-ftw-AA: folds 
Uncalled bet ($0.15) returned to Alex 1234569
Alex 1234569 collected $0.12 from pot
Alex 1234569: doesn't show hand 
*** SUMMARY ***
Total pot $0.12 | Rake $0 
Board [9h Qd Ad]
Seat 1: Alex 1234569 (button) collected ($0.12)
Seat 2: tofsty (small blind) folded before Flop
Seat 3: here-ftw-AA (big blind) folded on the Flop
Seat 4: manyak ps folded before Flop (didn't bet)
Seat 5: HubertusB folded before Flop (didn't bet)
Seat 6: stephandlily folded before Flop (didn't bet)



PokerStars Zoom Hand #185658087940:  Hold'em No Limit ($0.02/$0.05) - 2018/04/25 22:44:28 CCT [2018/04/25 10:44:28 ET]
Table 'Donati' 6-max Seat #1 is the button
Seat 1: MarinochkaLove ($6.56 in chips) 
Seat 2: brus77777 ($9.69 in chips) 
Seat 3: manyak ps ($5.19 in chips) 
Seat 4: XmagadanX ($5.35 in chips) 
Seat 5: maltrine ($5 in chips) 
Seat 6: HubertusB ($3.69 in chips) 
brus77777: posts small blind $0.02
manyak ps: posts big blind $0.05
*** HOLE CARDS ***
Dealt to HubertusB [2h Kh]
XmagadanX: folds 
maltrine: folds 
HubertusB: folds 
MarinochkaLove: folds 
brus77777: folds 
Uncalled bet ($0.03) returned to manyak ps
manyak ps collected $0.04 from pot
manyak ps: doesn't show hand 
*** SUMMARY ***
Total pot $0.04 | Rake $0 
Seat 1: MarinochkaLove (button) folded before Flop (didn't bet)
Seat 2: brus77777 (small blind) folded before Flop
Seat 3: manyak ps (big blind) collected ($0.04)
Seat 4: XmagadanX folded before Flop (didn't bet)
Seat 5: maltrine folded before Flop (didn't bet)
Seat 6: HubertusB folded before Flop (didn't bet)



PokerStars Zoom Hand #185658091081:  Hold'em No Limit ($0.02/$0.05) - 2018/04/25 22:44:34 CCT [2018/04/25 10:44:34 ET]
Table 'Donati' 6-max Seat #1 is the button
Seat 1: Y0ure0utDude ($6.27 in chips) 
Seat 2: yat1129 ($2.29 in chips) 
Seat 3: HubertusB ($3.69 in chips) 
Seat 4: lucaskissler ($5 in chips) 
Seat 5: aodwntm ($11.14 in chips) 
Seat 6: moon0828 ($9.62 in chips) 
yat1129: posts small blind $0.02
HubertusB: posts big blind $0.05
*** HOLE CARDS ***
Dealt to HubertusB [4h 8s]
lucaskissler: folds 
aodwntm: folds 
moon0828: folds 
Y0ure0utDude: folds 
yat1129: folds 
Uncalled bet ($0.03) returned to HubertusB
HubertusB collected $0.04 from pot
HubertusB: doesn't show hand 
*** SUMMARY ***
Total pot $0.04 | Rake $0 
Seat 1: Y0ure0utDude (button) folded before Flop (didn't bet)
Seat 2: yat1129 (small blind) folded before Flop
Seat 3: HubertusB (big blind) collected ($0.04)
Seat 4: lucaskissler folded before Flop (didn't bet)
Seat 5: aodwntm folded before Flop (didn't bet)
Seat 6: moon0828 folded before Flop (didn't bet)



PokerStars Zoom Hand #185658096871:  Hold'em No Limit ($0.02/$0.05) - 2018/04/25 22:44:45 CCT [2018/04/25 10:44:45 ET]
Table 'Donati' 6-max Seat #1 is the button
Seat 1: krezifrut ($5.05 in chips) 
Seat 2: Y0ure0utDude ($8.44 in chips) 
Seat 3: satiros.exe ($6.56 in chips) 
Seat 4: Nico1149 ($6.58 in chips) 
Seat 5: HubertusB ($3.71 in chips) 
Seat 6: NicSt4r ($9.67 in chips) 
Y0ure0utDude: posts small blind $0.02
satiros.exe: posts big blind $0.05
*** HOLE CARDS ***
Dealt to HubertusB [As 9c]
Nico1149: folds 
HubertusB: raises $0.05 to $0.10
NicSt4r: folds 
krezifrut: folds 
Y0ure0utDude: folds 
satiros.exe: folds 
Uncalled bet ($0.05) returned to HubertusB
HubertusB collected $0.12 from pot
HubertusB: doesn't show hand 
*** SUMMARY ***
Total pot $0.12 | Rake $0 
Seat 1: krezifrut (button) folded before Flop (didn't bet)
Seat 2: Y0ure0utDude (small blind) folded before Flop
Seat 3: satiros.exe (big blind) folded before Flop
Seat 4: Nico1149 folded before Flop (didn't bet)
Seat 5: HubertusB collected ($0.12)
Seat 6: NicSt4r folded before Flop (didn't bet)



PokerStars Zoom Hand #185658107536:  Hold'em No Limit ($0.02/$0.05) - 2018/04/25 22:45:05 CCT [2018/04/25 10:45:05 ET]
Table 'Donati' 6-max Seat #1 is the button
Seat 1: -azat-378 ($5.95 in chips) 
Seat 2: HubertusB ($3.78 in chips) 
Seat 3: Timxx7 ($5 in chips) 
Seat 4: satiros.exe ($5.09 in chips) 
Seat 5: limity ($13.07 in chips) 
Seat 6: manegan123 ($4.36 in chips) 
HubertusB: posts small blind $0.02
Timxx7: posts big blind $0.05
*** HOLE CARDS ***
Dealt to HubertusB [6h 5c]
satiros.exe: folds 
limity: folds 
manegan123: folds 
-azat-378: raises $0.10 to $0.15
HubertusB: folds 
Timxx7: folds 
Uncalled bet ($0.10) returned to -azat-378
-azat-378 collected $0.12 from pot
-azat-378: doesn't show hand 
*** SUMMARY ***
Total pot $0.12 | Rake $0 
Seat 1: -azat-378 (button) collected ($0.12)
Seat 2: HubertusB (small blind) folded before Flop
Seat 3: Timxx7 (big blind) folded before Flop
Seat 4: satiros.exe folded before Flop (didn't bet)
Seat 5: limity folded before Flop (didn't bet)
Seat 6: manegan123 folded before Flop (didn't bet)



PokerStars Zoom Hand #185658111263:  Hold'em No Limit ($0.02/$0.05) - 2018/04/25 22:45:12 CCT [2018/04/25 10:45:12 ET]
Table 'Donati' 6-max Seat #1 is the button
Seat 1: HubertusB ($3.76 in chips) 
Seat 2: krzys19697 ($4.95 in chips) 
Seat 3: John6661 ($2.41 in chips) 
Seat 4: Valeria_sh_s ($21.30 in chips) 
Seat 5: slimnios21 ($5.71 in chips) 
Seat 6: Modo_Kid ($8.29 in chips) 
krzys19697: posts small blind $0.02
John6661: posts big blind $0.05
*** HOLE CARDS ***
Dealt to HubertusB [Js As]
Valeria_sh_s: folds 
slimnios21: raises $0.10 to $0.15
Modo_Kid: folds 
HubertusB: calls $0.15
krzys19697: folds 
John6661: calls $0.10
*** FLOP *** [8h Ks 9h]
John6661: checks 
slimnios21: bets $0.20
HubertusB: folds 
John6661: folds 
Uncalled bet ($0.20) returned to slimnios21
slimnios21 collected $0.45 from pot
slimnios21: doesn't show hand 
*** SUMMARY ***
Total pot $0.47 | Rake $0.02 
Board [8h Ks 9h]
Seat 1: HubertusB (button) folded on the Flop
Seat 2: krzys19697 (small blind) folded before Flop
Seat 3: John6661 (big blind) folded on the Flop
Seat 4: Valeria_sh_s folded before Flop (didn't bet)
Seat 5: slimnios21 collected ($0.45)
Seat 6: Modo_Kid folded before Flop (didn't bet)



PokerStars Zoom Hand #185658123003:  Hold'em No Limit ($0.02/$0.05) - 2018/04/25 22:45:34 CCT [2018/04/25 10:45:34 ET]
Table 'Donati' 6-max Seat #1 is the button
Seat 1: VICK_C2 ($10.94 in chips) 
Seat 2: GRAYSPRAY ($8.34 in chips) 
Seat 3: JuraV.31 ($8.52 in chips) 
Seat 4: AB5OLUTI0N ($6.08 in chips) 
Seat 5: Wodgy ($5.63 in chips) 
Seat 6: HubertusB ($3.61 in chips) 
GRAYSPRAY: posts small blind $0.02
JuraV.31: posts big blind $0.05
*** HOLE CARDS ***
Dealt to HubertusB [9h Ts]
AB5OLUTI0N: raises $0.06 to $0.11
Wodgy: folds 
HubertusB: raises $0.34 to $0.45
VICK_C2: folds 
GRAYSPRAY: folds 
JuraV.31: folds 
AB5OLUTI0N: calls $0.34
*** FLOP *** [Kc Kd Qc]
AB5OLUTI0N: checks 
HubertusB: bets $0.55
AB5OLUTI0N: calls $0.55
*** TURN *** [Kc Kd Qc] [3c]
AB5OLUTI0N: checks 
HubertusB: checks 
*** RIVER *** [Kc Kd Qc 3c] [Tc]
AB5OLUTI0N: checks 
HubertusB: bets $2.61 and is all-in
AB5OLUTI0N: calls $2.61
*** SHOW DOWN ***
HubertusB: shows [9h Ts] (two pair, Kings and Tens)
AB5OLUTI0N: shows [Qs Qh] (a full house, Queens full of Kings)
AB5OLUTI0N collected $6.99 from pot
*** SUMMARY ***
Total pot $7.29 | Rake $0.30 
Board [Kc Kd Qc 3c Tc]
Seat 1: VICK_C2 (button) folded before Flop (didn't bet)
Seat 2: GRAYSPRAY (small blind) folded before Flop
Seat 3: JuraV.31 (big blind) folded before Flop
Seat 4: AB5OLUTI0N showed [Qs Qh] and won ($6.99) with a full house, Queens full of Kings
Seat 5: Wodgy folded before Flop (didn't bet)
Seat 6: HubertusB showed [9h Ts] and lost with two pair, Kings and Tens



PokerStars Zoom Hand #185658175298:  Hold'em No Limit ($0.02/$0.05) - 2018/04/25 22:47:12 CCT [2018/04/25 10:47:12 ET]
Table 'Donati' 6-max Seat #1 is the button
Seat 1: Schofkopf1 ($6.07 in chips) 
Seat 2: mikkas111 ($17.28 in chips) 
Seat 3: maciasht ($6.26 in chips) 
Seat 4: HubertusB ($5 in chips) 
Seat 5: vorobor ($5.30 in chips) 
Seat 6: soulvova ($5.24 in chips) 
mikkas111: posts small blind $0.02
maciasht: posts big blind $0.05
*** HOLE CARDS ***
Dealt to HubertusB [9s Qh]
HubertusB: folds 
vorobor: folds 
soulvova: folds 
Schofkopf1: folds 
mikkas111: folds 
Uncalled bet ($0.03) returned to maciasht
maciasht collected $0.04 from pot
maciasht: doesn't show hand 
*** SUMMARY ***
Total pot $0.04 | Rake $0 
Seat 1: Schofkopf1 (button) folded before Flop (didn't bet)
Seat 2: mikkas111 (small blind) folded before Flop
Seat 3: maciasht (big blind) collected ($0.04)
Seat 4: HubertusB folded before Flop (didn't bet)
Seat 5: vorobor folded before Flop (didn't bet)
Seat 6: soulvova folded before Flop (didn't bet)



PokerStars Zoom Hand #185658168352:  Hold'em No Limit ($0.02/$0.05) - 2018/04/25 22:46:59 CCT [2018/04/25 10:46:59 ET]
Table 'Donati' 6-max Seat #1 is the button
Seat 1: JustRaise7 ($11.46 in chips) 
Seat 2: JonQveee ($11.36 in chips) 
Seat 3: PilipRR ($0.76 in chips) 
Seat 4: HubertusB ($5 in chips) 
Seat 5: Timxx7 ($6.70 in chips) 
Seat 6: thouyu ($5.14 in chips) 
JonQveee: posts small blind $0.02
PilipRR: posts big blind $0.05
*** HOLE CARDS ***
Dealt to HubertusB [2s 8d]
HubertusB: folds 
Timxx7: folds 
thouyu: raises $0.08 to $0.13
JustRaise7: calls $0.13
JonQveee: folds 
PilipRR: raises $0.63 to $0.76 and is all-in
thouyu: folds 
JustRaise7: calls $0.63
*** FLOP *** [5c 9d 5d]
*** TURN *** [5c 9d 5d] [Kd]
*** RIVER *** [5c 9d 5d Kd] [Ks]
*** SHOW DOWN ***
PilipRR: shows [Qd Qc] (two pair, Kings and Queens)
JustRaise7: shows [4h 4s] (two pair, Kings and Fives)
PilipRR collected $1.60 from pot
*** SUMMARY ***
Total pot $1.67 | Rake $0.07 
Board [5c 9d 5d Kd Ks]
Seat 1: JustRaise7 (button) showed [4h 4s] and lost with two pair, Kings and Fives
Seat 2: JonQveee (small blind) folded before Flop
Seat 3: PilipRR (big blind) showed [Qd Qc] and won ($1.60) with two pair, Kings and Queens
Seat 4: HubertusB folded before Flop (didn't bet)
Seat 5: Timxx7 folded before Flop (didn't bet)
Seat 6: thouyu folded before Flop



PokerStars Zoom Hand #185658178493:  Hold'em No Limit ($0.02/$0.05) - 2018/04/25 22:47:18 CCT [2018/04/25 10:47:18 ET]
Table 'Donati' 6-max Seat #1 is the button
Seat 1: eeeLOVEnkov ($9.30 in chips) 
Seat 2: Kirikulu ($5 in chips) 
Seat 3: HubertusB ($5 in chips) 
Seat 4: marrchelo_ ($9.40 in chips) 
Seat 5: Timberwol815 ($5.05 in chips) 
Seat 6: Reg1N55 ($4.88 in chips) 
Kirikulu: posts small blind $0.02
HubertusB: posts big blind $0.05
*** HOLE CARDS ***
Dealt to HubertusB [9h Js]
marrchelo_: folds 
Timberwol815: folds 
Reg1N55: raises $0.07 to $0.12
eeeLOVEnkov: folds 
Kirikulu: folds 
HubertusB: raises $0.33 to $0.45
Reg1N55: folds 
Uncalled bet ($0.33) returned to HubertusB
HubertusB collected $0.26 from pot
HubertusB: doesn't show hand 
*** SUMMARY ***
Total pot $0.26 | Rake $0 
Seat 1: eeeLOVEnkov (button) folded before Flop (didn't bet)
Seat 2: Kirikulu (small blind) folded before Flop
Seat 3: HubertusB (big blind) collected ($0.26)
Seat 4: marrchelo_ folded before Flop (didn't bet)
Seat 5: Timberwol815 folded before Flop (didn't bet)
Seat 6: Reg1N55 folded before Flop



PokerStars Zoom Hand #185658194954:  Hold'em No Limit ($0.02/$0.05) - 2018/04/25 22:47:49 CCT [2018/04/25 10:47:49 ET]
Table 'Donati' 6-max Seat #1 is the button
Seat 1: HubertusB ($5.14 in chips) 
Seat 2: crawerman ($5.42 in chips) 
Seat 3: Wodgy ($5 in chips) 
Seat 4: GRAYSPRAY ($5.37 in chips) 
Seat 5: Kirikulu ($5.58 in chips) 
Seat 6: maltrine ($5.09 in chips) 
crawerman: posts small blind $0.02
Wodgy: posts big blind $0.05
*** HOLE CARDS ***
Dealt to HubertusB [8c Ad]
GRAYSPRAY: folds 
Kirikulu: folds 
maltrine: folds 
HubertusB: raises $0.05 to $0.10
crawerman: folds 
Wodgy: folds 
Uncalled bet ($0.05) returned to HubertusB
HubertusB collected $0.12 from pot
HubertusB: doesn't show hand 
*** SUMMARY ***
Total pot $0.12 | Rake $0 
Seat 1: HubertusB (button) collected ($0.12)
Seat 2: crawerman (small blind) folded before Flop
Seat 3: Wodgy (big blind) folded before Flop
Seat 4: GRAYSPRAY folded before Flop (didn't bet)
Seat 5: Kirikulu folded before Flop (didn't bet)
Seat 6: maltrine folded before Flop (didn't bet)



PokerStars Zoom Hand #185658215782:  Hold'em No Limit ($0.02/$0.05) - 2018/04/25 22:48:28 CCT [2018/04/25 10:48:28 ET]
Table 'Donati' 6-max Seat #1 is the button
Seat 1: OfCouRse72 ($5.41 in chips) 
Seat 2: FAHHH168 ($6.89 in chips) 
Seat 3: SereGka228 ($5.14 in chips) 
Seat 4: Wodgy ($5.42 in chips) 
Seat 5: HubertusB ($5.19 in chips) 
Seat 6: LTUBASKET ($7.66 in chips) 
FAHHH168: posts small blind $0.02
SereGka228: posts big blind $0.05
*** HOLE CARDS ***
Dealt to HubertusB [6s 9d]
Wodgy: folds 
HubertusB: folds 
LTUBASKET: folds 
OfCouRse72: folds 
FAHHH168: folds 
Uncalled bet ($0.03) returned to SereGka228
SereGka228 collected $0.04 from pot
SereGka228: doesn't show hand 
*** SUMMARY ***
Total pot $0.04 | Rake $0 
Seat 1: OfCouRse72 (button) folded before Flop (didn't bet)
Seat 2: FAHHH168 (small blind) folded before Flop
Seat 3: SereGka228 (big blind) collected ($0.04)
Seat 4: Wodgy folded before Flop (didn't bet)
Seat 5: HubertusB folded before Flop (didn't bet)
Seat 6: LTUBASKET folded before Flop (didn't bet)



PokerStars Zoom Hand #185658201877:  Hold'em No Limit ($0.02/$0.05) - 2018/04/25 22:48:02 CCT [2018/04/25 10:48:02 ET]
Table 'Donati' 6-max Seat #1 is the button
Seat 1: karatav ($24.61 in chips) 
Seat 2: HubertusB ($5.21 in chips) 
Seat 3: pajka ($7.31 in chips) 
Seat 4: Kirsan-1980 ($17.39 in chips) 
Seat 5: levelmode42 ($5.18 in chips) 
Seat 6: Ugol76 ($2.39 in chips) 
HubertusB: posts small blind $0.02
pajka: posts big blind $0.05
*** HOLE CARDS ***
Dealt to HubertusB [Jh Qc]
Kirsan-1980: folds 
levelmode42: raises $0.10 to $0.15
Ugol76: folds 
karatav: calls $0.15
HubertusB: folds 
pajka: calls $0.10
*** FLOP *** [As 2s Ad]
pajka: checks 
levelmode42: checks 
karatav: bets $0.15
pajka: calls $0.15
levelmode42: calls $0.15
*** TURN *** [As 2s Ad] [6c]
pajka: checks 
levelmode42: checks 
karatav: checks 
*** RIVER *** [As 2s Ad 6c] [Jd]
pajka: checks 
levelmode42: bets $0.88
karatav: folds 
pajka: folds 
Uncalled bet ($0.88) returned to levelmode42
levelmode42 collected $0.88 from pot
levelmode42: doesn't show hand 
*** SUMMARY ***
Total pot $0.92 | Rake $0.04 
Board [As 2s Ad 6c Jd]
Seat 1: karatav (button) folded on the River
Seat 2: HubertusB (small blind) folded before Flop
Seat 3: pajka (big blind) folded on the River
Seat 4: Kirsan-1980 folded before Flop (didn't bet)
Seat 5: levelmode42 collected ($0.88)
Seat 6: Ugol76 folded before Flop (didn't bet)



PokerStars Zoom Hand #185658222167:  Hold'em No Limit ($0.02/$0.05) - 2018/04/25 22:48:40 CCT [2018/04/25 10:48:40 ET]
Table 'Donati' 6-max Seat #1 is the button
Seat 1: Knife-kis ($5.02 in chips) 
Seat 2: Region059 ($5.83 in chips) 
Seat 3: patkányember ($5.81 in chips) 
Seat 4: justme_misha ($10.04 in chips) 
Seat 5: HubertusB ($5.19 in chips) 
Seat 6: renji1988 ($3.33 in chips) 
Region059: posts small blind $0.02
patkányember: posts big blind $0.05
*** HOLE CARDS ***
Dealt to HubertusB [9h 2s]
justme_misha: folds 
HubertusB: folds 
renji1988: raises $0.10 to $0.15
Knife-kis: folds 
Region059: folds 
patkányember: folds 
Uncalled bet ($0.10) returned to renji1988
renji1988 collected $0.12 from pot
renji1988: doesn't show hand 
*** SUMMARY ***
Total pot $0.12 | Rake $0 
Seat 1: Knife-kis (button) folded before Flop (didn't bet)
Seat 2: Region059 (small blind) folded before Flop
Seat 3: patkányember (big blind) folded before Flop
Seat 4: justme_misha folded before Flop (didn't bet)
Seat 5: HubertusB folded before Flop (didn't bet)
Seat 6: renji1988 collected ($0.12)



PokerStars Zoom Hand #185658219008:  Hold'em No Limit ($0.02/$0.05) - 2018/04/25 22:48:34 CCT [2018/04/25 10:48:34 ET]
Table 'Donati' 6-max Seat #1 is the button
Seat 1: josah321 ($5 in chips) 
Seat 2: YSZ458 ($5.33 in chips) 
Seat 3: nAzgulpl ($5.12 in chips) 
Seat 4: GSMaik ($3.38 in chips) 
Seat 5: adyrnicc ($5.73 in chips) 
Seat 6: HubertusB ($5.19 in chips) 
YSZ458: posts small blind $0.02
nAzgulpl: posts big blind $0.05
*** HOLE CARDS ***
Dealt to HubertusB [Kc 2s]
GSMaik: folds 
adyrnicc: folds 
HubertusB: folds 
josah321: raises $0.10 to $0.15
YSZ458: folds 
nAzgulpl: calls $0.10
*** FLOP *** [Jd Jc 9s]
nAzgulpl: checks 
josah321: checks 
*** TURN *** [Jd Jc 9s] [8s]
nAzgulpl: checks 
josah321: checks 
*** RIVER *** [Jd Jc 9s 8s] [2h]
nAzgulpl: checks 
josah321: checks 
*** SHOW DOWN ***
nAzgulpl: shows [Ad Td] (a pair of Jacks)
josah321: shows [Kd 8d] (two pair, Jacks and Eights)
josah321 collected $0.31 from pot
*** SUMMARY ***
Total pot $0.32 | Rake $0.01 
Board [Jd Jc 9s 8s 2h]
Seat 1: josah321 (button) showed [Kd 8d] and won ($0.31) with two pair, Jacks and Eights
Seat 2: YSZ458 (small blind) folded before Flop
Seat 3: nAzgulpl (big blind) showed [Ad Td] and lost with a pair of Jacks
Seat 4: GSMaik folded before Flop (didn't bet)
Seat 5: adyrnicc folded before Flop (didn't bet)
Seat 6: HubertusB folded before Flop (didn't bet)



PokerStars Zoom Hand #185658225329:  Hold'em No Limit ($0.02/$0.05) - 2018/04/25 22:48:46 CCT [2018/04/25 10:48:46 ET]
Table 'Donati' 6-max Seat #1 is the button
Seat 1: someep1ck ($5.02 in chips) 
Seat 2: Region059 ($5.34 in chips) 
Seat 3: AB5OLUTI0N ($5.29 in chips) 
Seat 4: HubertusB ($5.19 in chips) 
Seat 5: da-deu011 ($6.97 in chips) 
Seat 6: Vory_stop ($6.45 in chips) 
Region059: posts small blind $0.02
AB5OLUTI0N: posts big blind $0.05
*** HOLE CARDS ***
Dealt to HubertusB [9d 9c]
HubertusB: raises $0.05 to $0.10
da-deu011: calls $0.10
Vory_stop: folds 
someep1ck: folds 
Region059: folds 
AB5OLUTI0N: raises $0.55 to $0.65
HubertusB: folds 
da-deu011: folds 
Uncalled bet ($0.55) returned to AB5OLUTI0N
AB5OLUTI0N collected $0.32 from pot
AB5OLUTI0N: doesn't show hand 
*** SUMMARY ***
Total pot $0.32 | Rake $0 
Seat 1: someep1ck (button) folded before Flop (didn't bet)
Seat 2: Region059 (small blind) folded before Flop
Seat 3: AB5OLUTI0N (big blind) collected ($0.32)
Seat 4: HubertusB folded before Flop
Seat 5: da-deu011 folded before Flop
Seat 6: Vory_stop folded before Flop (didn't bet)



PokerStars Zoom Hand #185658247962:  Hold'em No Limit ($0.02/$0.05) - 2018/04/25 22:49:28 CCT [2018/04/25 10:49:28 ET]
Table 'Donati' 6-max Seat #1 is the button
Seat 1: GSMaik ($3.50 in chips) 
Seat 2: rozabo ($4.66 in chips) 
Seat 3: HubertusB ($5.09 in chips) 
Seat 4: steven_stans ($11.88 in chips) 
Seat 5: AB5OLUTI0N ($5.51 in chips) 
Seat 6: Willi1604 ($7.79 in chips) 
rozabo: posts small blind $0.02
HubertusB: posts big blind $0.05
*** HOLE CARDS ***
Dealt to HubertusB [3c Js]
steven_stans: folds 
AB5OLUTI0N: folds 
Willi1604: folds 
GSMaik: folds 
rozabo: calls $0.03
HubertusB: checks 
*** FLOP *** [3s 5d 4h]
rozabo: bets $0.05
HubertusB: calls $0.05
*** TURN *** [3s 5d 4h] [Td]
rozabo: bets $0.10
HubertusB: calls $0.10
*** RIVER *** [3s 5d 4h Td] [9d]
rozabo: bets $0.30
HubertusB: folds 
Uncalled bet ($0.30) returned to rozabo
rozabo collected $0.38 from pot
rozabo: doesn't show hand 
*** SUMMARY ***
Total pot $0.40 | Rake $0.02 
Board [3s 5d 4h Td 9d]
Seat 1: GSMaik (button) folded before Flop (didn't bet)
Seat 2: rozabo (small blind) collected ($0.38)
Seat 3: HubertusB (big blind) folded on the River
Seat 4: steven_stans folded before Flop (didn't bet)
Seat 5: AB5OLUTI0N folded before Flop (didn't bet)
Seat 6: Willi1604 folded before Flop (didn't bet)



PokerStars Zoom Hand #185658267146:  Hold'em No Limit ($0.02/$0.05) - 2018/04/25 22:50:04 CCT [2018/04/25 10:50:04 ET]
Table 'Donati' 6-max Seat #1 is the button
Seat 1: Reg1N55 ($5.12 in chips) 
Seat 2: HubertusB ($4.89 in chips) 
Seat 3: crawerman ($5 in chips) 
Seat 4: danilko777 ($6.01 in chips) 
Seat 5: adyrnicc ($19.28 in chips) 
Seat 6: koltsovskij ($4.76 in chips) 
HubertusB: posts small blind $0.02
crawerman: posts big blind $0.05
*** HOLE CARDS ***
Dealt to HubertusB [As Qc]
danilko777: folds 
adyrnicc: folds 
koltsovskij: folds 
Reg1N55: folds 
HubertusB: raises $0.10 to $0.15
crawerman: folds 
Uncalled bet ($0.10) returned to HubertusB
HubertusB collected $0.10 from pot
HubertusB: doesn't show hand 
*** SUMMARY ***
Total pot $0.10 | Rake $0 
Seat 1: Reg1N55 (button) folded before Flop (didn't bet)
Seat 2: HubertusB (small blind) collected ($0.10)
Seat 3: crawerman (big blind) folded before Flop
Seat 4: danilko777 folded before Flop (didn't bet)
Seat 5: adyrnicc folded before Flop (didn't bet)
Seat 6: koltsovskij folded before Flop (didn't bet)



PokerStars Zoom Hand #185658274019:  Hold'em No Limit ($0.02/$0.05) - 2018/04/25 22:50:17 CCT [2018/04/25 10:50:17 ET]
Table 'Donati' 6-max Seat #1 is the button
Seat 1: HubertusB ($4.94 in chips) 
Seat 2: sdbhsfb ($4.61 in chips) 
Seat 3: Agull1109 ($13.26 in chips) 
Seat 4: Bashkir_12 ($15.26 in chips) 
Seat 5: BOSCOBOT ($21.66 in chips) 
Seat 6: MKV86 ($5 in chips) 
sdbhsfb: posts small blind $0.02
Agull1109: posts big blind $0.05
*** HOLE CARDS ***
Dealt to HubertusB [Ks 2c]
Bashkir_12: folds 
BOSCOBOT: folds 
MKV86: folds 
HubertusB: folds 
sdbhsfb: folds 
Uncalled bet ($0.03) returned to Agull1109
Agull1109 collected $0.04 from pot
Agull1109: doesn't show hand 
*** SUMMARY ***
Total pot $0.04 | Rake $0 
Seat 1: HubertusB (button) folded before Flop (didn't bet)
Seat 2: sdbhsfb (small blind) folded before Flop
Seat 3: Agull1109 (big blind) collected ($0.04)
Seat 4: Bashkir_12 folded before Flop (didn't bet)
Seat 5: BOSCOBOT folded before Flop (didn't bet)
Seat 6: MKV86 folded before Flop (didn't bet)



PokerStars Zoom Hand #185658284628:  Hold'em No Limit ($0.02/$0.05) - 2018/04/25 22:50:37 CCT [2018/04/25 10:50:37 ET]
Table 'Donati' 6-max Seat #1 is the button
Seat 1: OwnedbySF ($3.29 in chips) 
Seat 2: krezifrut ($5.07 in chips) 
Seat 3: Nico1149 ($10.60 in chips) 
Seat 4: aodwntm ($8.05 in chips) 
Seat 5: Timberwol815 ($7.10 in chips) 
Seat 6: HubertusB ($4.94 in chips) 
krezifrut: posts small blind $0.02
Nico1149: posts big blind $0.05
*** HOLE CARDS ***
Dealt to HubertusB [8h Th]
aodwntm: folds 
Timberwol815: folds 
HubertusB: raises $0.10 to $0.15
OwnedbySF: folds 
krezifrut: folds 
Nico1149: folds 
Uncalled bet ($0.10) returned to HubertusB
HubertusB collected $0.12 from pot
HubertusB: doesn't show hand 
*** SUMMARY ***
Total pot $0.12 | Rake $0 
Seat 1: OwnedbySF (button) folded before Flop (didn't bet)
Seat 2: krezifrut (small blind) folded before Flop
Seat 3: Nico1149 (big blind) folded before Flop
Seat 4: aodwntm folded before Flop (didn't bet)
Seat 5: Timberwol815 folded before Flop (didn't bet)
Seat 6: HubertusB collected ($0.12)



PokerStars Zoom Hand #185658280914:  Hold'em No Limit ($0.02/$0.05) - 2018/04/25 22:50:30 CCT [2018/04/25 10:50:30 ET]
Table 'Donati' 6-max Seat #1 is the button
Seat 1: MSKLucky007 ($5 in chips) 
Seat 2: JustRaise7 ($5.95 in chips) 
Seat 3: yat1129 ($3.48 in chips) 
Seat 4: YSZ458 ($5.81 in chips) 
Seat 5: HubertusB ($4.94 in chips) 
Seat 6: ros100k ($1.10 in chips) 
JustRaise7: posts small blind $0.02
yat1129: posts big blind $0.05
*** HOLE CARDS ***
Dealt to HubertusB [5c Jd]
YSZ458: folds 
HubertusB: folds 
ros100k: raises $0.05 to $0.10
MSKLucky007: folds 
JustRaise7: folds 
yat1129: raises $0.15 to $0.25
ros100k: calls $0.15
*** FLOP *** [8h Ts As]
yat1129: bets $0.25
ros100k: calls $0.25
*** TURN *** [8h Ts As] [3s]
yat1129: checks 
ros100k: bets $0.60 and is all-in
yat1129: calls $0.60
*** RIVER *** [8h Ts As 3s] [Qc]
*** SHOW DOWN ***
yat1129: shows [7d 7s] (a pair of Sevens)
ros100k: shows [6d Ad] (a pair of Aces)
ros100k collected $2.13 from pot
*** SUMMARY ***
Total pot $2.22 | Rake $0.09 
Board [8h Ts As 3s Qc]
Seat 1: MSKLucky007 (button) folded before Flop (didn't bet)
Seat 2: JustRaise7 (small blind) folded before Flop
Seat 3: yat1129 (big blind) showed [7d 7s] and lost with a pair of Sevens
Seat 4: YSZ458 folded before Flop (didn't bet)
Seat 5: HubertusB folded before Flop (didn't bet)
Seat 6: ros100k showed [6d Ad] and won ($2.13) with a pair of Aces



PokerStars Zoom Hand #185658277193:  Hold'em No Limit ($0.02/$0.05) - 2018/04/25 22:50:23 CCT [2018/04/25 10:50:23 ET]
Table 'Donati' 6-max Seat #1 is the button
Seat 1: BOSCOBOT ($5.03 in chips) 
Seat 2: Smith1358 ($6.14 in chips) 
Seat 3: Rufin0 ($6.44 in chips) 
Seat 4: greedis555 ($5.67 in chips) 
Seat 5: Lucaswas ($2.28 in chips) 
Seat 6: HubertusB ($4.94 in chips) 
Smith1358: posts small blind $0.02
Rufin0: posts big blind $0.05
*** HOLE CARDS ***
Dealt to HubertusB [Jc 6s]
greedis555: folds 
Lucaswas: folds 
HubertusB: folds 
BOSCOBOT: raises $0.07 to $0.12
Smith1358: calls $0.10
Rufin0: calls $0.07
*** FLOP *** [Kh 4h Td]
Smith1358: checks 
Rufin0: checks 
BOSCOBOT: checks 
*** TURN *** [Kh 4h Td] [7c]
Smith1358: checks 
Rufin0: checks 
BOSCOBOT: checks 
*** RIVER *** [Kh 4h Td 7c] [7d]
Smith1358: checks 
Rufin0: checks 
BOSCOBOT: checks 
*** SHOW DOWN ***
Smith1358: shows [Ah Qd] (a pair of Sevens)
Rufin0: shows [Th Ac] (two pair, Tens and Sevens)
BOSCOBOT: mucks hand 
Rufin0 collected $0.35 from pot
*** SUMMARY ***
Total pot $0.36 | Rake $0.01 
Board [Kh 4h Td 7c 7d]
Seat 1: BOSCOBOT (button) mucked [Qs 8s]
Seat 2: Smith1358 (small blind) showed [Ah Qd] and lost with a pair of Sevens
Seat 3: Rufin0 (big blind) showed [Th Ac] and won ($0.35) with two pair, Tens and Sevens
Seat 4: greedis555 folded before Flop (didn't bet)
Seat 5: Lucaswas folded before Flop (didn't bet)
Seat 6: HubertusB folded before Flop (didn't bet)



PokerStars Zoom Hand #185658305111:  Hold'em No Limit ($0.02/$0.05) - 2018/04/25 22:51:15 CCT [2018/04/25 10:51:15 ET]
Table 'Donati' 6-max Seat #1 is the button
Seat 1: Catalin16z ($13.22 in chips) 
Seat 2: Dimas169 ($5.50 in chips) 
Seat 3: HubertusB ($5.01 in chips) 
Seat 4: greedis555 ($5.79 in chips) 
Seat 5: Timberwol815 ($5.35 in chips) 
Seat 6: Reg1N55 ($7.77 in chips) 
Dimas169: posts small blind $0.02
HubertusB: posts big blind $0.05
*** HOLE CARDS ***
Dealt to HubertusB [Qh As]
greedis555: folds 
Timberwol815: folds 
Reg1N55: folds 
Catalin16z: folds 
Dimas169: raises $0.07 to $0.12
HubertusB: raises $0.28 to $0.40
Dimas169: folds 
Uncalled bet ($0.28) returned to HubertusB
HubertusB collected $0.24 from pot
HubertusB: doesn't show hand 
*** SUMMARY ***
Total pot $0.24 | Rake $0 
Seat 1: Catalin16z (button) folded before Flop (didn't bet)
Seat 2: Dimas169 (small blind) folded before Flop
Seat 3: HubertusB (big blind) collected ($0.24)
Seat 4: greedis555 folded before Flop (didn't bet)
Seat 5: Timberwol815 folded before Flop (didn't bet)
Seat 6: Reg1N55 folded before Flop (didn't bet)



PokerStars Zoom Hand #185658315354:  Hold'em No Limit ($0.02/$0.05) - 2018/04/25 22:51:34 CCT [2018/04/25 10:51:34 ET]
Table 'Donati' 6-max Seat #1 is the button
Seat 1: maltrine ($5 in chips) 
Seat 2: HubertusB ($5.13 in chips) 
Seat 3: yumeko0001 ($10.06 in chips) 
Seat 4: SteN 4 ($5.27 in chips) 
Seat 5: OfCouRse72 ($8 in chips) 
Seat 6: Willi1604 ($6.67 in chips) 
HubertusB: posts small blind $0.02
yumeko0001: posts big blind $0.05
*** HOLE CARDS ***
Dealt to HubertusB [7c Th]
SteN 4: folds 
OfCouRse72: folds 
Willi1604: folds 
maltrine: folds 
HubertusB: folds 
Uncalled bet ($0.03) returned to yumeko0001
yumeko0001 collected $0.04 from pot
yumeko0001: doesn't show hand 
*** SUMMARY ***
Total pot $0.04 | Rake $0 
Seat 1: maltrine (button) folded before Flop (didn't bet)
Seat 2: HubertusB (small blind) folded before Flop
Seat 3: yumeko0001 (big blind) collected ($0.04)
Seat 4: SteN 4 folded before Flop (didn't bet)
Seat 5: OfCouRse72 folded before Flop (didn't bet)
Seat 6: Willi1604 folded before Flop (didn't bet)



PokerStars Zoom Hand #185658297622:  Hold'em No Limit ($0.02/$0.05) - 2018/04/25 22:51:01 CCT [2018/04/25 10:51:01 ET]
Table 'Donati' 6-max Seat #1 is the button
Seat 1: HubertusB ($5.01 in chips) 
Seat 2: patkányember ($4.30 in chips) 
Seat 3: shogo0415 ($1.20 in chips) 
Seat 4: da-deu011 ($11.03 in chips) 
Seat 5: LTUBASKET ($6.64 in chips) 
Seat 6: mikkas111 ($15.32 in chips) 
patkányember: posts small blind $0.02
shogo0415: posts big blind $0.05
*** HOLE CARDS ***
Dealt to HubertusB [Kd Jh]
da-deu011: folds 
LTUBASKET: raises $0.08 to $0.13
mikkas111: raises $0.26 to $0.39
HubertusB: folds 
patkányember: calls $0.37
shogo0415: folds 
LTUBASKET: folds 
*** FLOP *** [9s Ts Qs]
patkányember: bets $0.45
mikkas111: calls $0.45
*** TURN *** [9s Ts Qs] [3c]
patkányember: bets $0.90
mikkas111: calls $0.90
*** RIVER *** [9s Ts Qs 3c] [Th]
patkányember: checks 
mikkas111: checks 
*** SHOW DOWN ***
patkányember: shows [Qd Kh] (two pair, Queens and Tens)
mikkas111: shows [Ac Qc] (two pair, Queens and Tens - Ace kicker)
mikkas111 collected $3.51 from pot
*** SUMMARY ***
Total pot $3.66 | Rake $0.15 
Board [9s Ts Qs 3c Th]
Seat 1: HubertusB (button) folded before Flop (didn't bet)
Seat 2: patkányember (small blind) showed [Qd Kh] and lost with two pair, Queens and Tens
Seat 3: shogo0415 (big blind) folded before Flop
Seat 4: da-deu011 folded before Flop (didn't bet)
Seat 5: LTUBASKET folded before Flop
Seat 6: mikkas111 showed [Ac Qc] and won ($3.51) with two pair, Queens and Tens



PokerStars Zoom Hand #185658318553:  Hold'em No Limit ($0.02/$0.05) - 2018/04/25 22:51:40 CCT [2018/04/25 10:51:40 ET]
Table 'Donati' 6-max Seat #1 is the button
Seat 1: satiros.exe ($6.57 in chips) 
Seat 2: marrchelo_ ($4.20 in chips) 
Seat 3: Nikk185 ($12.76 in chips) 
Seat 4: thePauliuss ($5.59 in chips) 
Seat 5: HubertusB ($5.11 in chips) 
Seat 6: Masticlox ($5.07 in chips) 
marrchelo_: posts small blind $0.02
Nikk185: posts big blind $0.05
*** HOLE CARDS ***
Dealt to HubertusB [Ad Qc]
thePauliuss: folds 
HubertusB: raises $0.08 to $0.13
Masticlox: folds 
satiros.exe: folds 
marrchelo_: calls $0.11
Nikk185: folds 
*** FLOP *** [4h Js 5d]
marrchelo_: bets $0.20
HubertusB: folds 
Uncalled bet ($0.20) returned to marrchelo_
marrchelo_ collected $0.30 from pot
marrchelo_: doesn't show hand 
*** SUMMARY ***
Total pot $0.31 | Rake $0.01 
Board [4h Js 5d]
Seat 1: satiros.exe (button) folded before Flop (didn't bet)
Seat 2: marrchelo_ (small blind) collected ($0.30)
Seat 3: Nikk185 (big blind) folded before Flop
Seat 4: thePauliuss folded before Flop (didn't bet)
Seat 5: HubertusB folded on the Flop
Seat 6: Masticlox folded before Flop (didn't bet)



PokerStars Zoom Hand #185658329830:  Hold'em No Limit ($0.02/$0.05) - 2018/04/25 22:52:01 CCT [2018/04/25 10:52:01 ET]
Table 'Donati' 6-max Seat #1 is the button
Seat 1: belyiy filin ($4.95 in chips) 
Seat 2: Chinaski50 ($5.34 in chips) 
Seat 3: IGOR909 ($5.07 in chips) 
Seat 4: HubertusB ($4.98 in chips) 
Seat 5: MSKLucky007 ($5.02 in chips) 
Seat 6: adyrnicc ($20.13 in chips) 
Chinaski50: posts small blind $0.02
IGOR909: posts big blind $0.05
*** HOLE CARDS ***
Dealt to HubertusB [6d Ad]
HubertusB: folds 
MSKLucky007: folds 
adyrnicc: folds 
belyiy filin: folds 
Chinaski50: folds 
Uncalled bet ($0.03) returned to IGOR909
IGOR909 collected $0.04 from pot
IGOR909: doesn't show hand 
*** SUMMARY ***
Total pot $0.04 | Rake $0 
Seat 1: belyiy filin (button) folded before Flop (didn't bet)
Seat 2: Chinaski50 (small blind) folded before Flop
Seat 3: IGOR909 (big blind) collected ($0.04)
Seat 4: HubertusB folded before Flop (didn't bet)
Seat 5: MSKLucky007 folded before Flop (didn't bet)
Seat 6: adyrnicc folded before Flop (didn't bet)



PokerStars Zoom Hand #185658333642:  Hold'em No Limit ($0.02/$0.05) - 2018/04/25 22:52:08 CCT [2018/04/25 10:52:08 ET]
Table 'Donati' 6-max Seat #1 is the button
Seat 1: thouyu ($5.76 in chips) 
Seat 2: gadskiy pap ($7.69 in chips) 
Seat 3: MKV86 ($7.22 in chips) 
Seat 4: HubertusB ($4.98 in chips) 
Seat 5: maltrine ($5 in chips) 
Seat 6: MSKLucky007 ($5.02 in chips) 
gadskiy pap: posts small blind $0.02
MKV86: posts big blind $0.05
*** HOLE CARDS ***
Dealt to HubertusB [Ks Tc]
HubertusB: folds 
maltrine: folds 
MSKLucky007: folds 
thouyu: raises $0.08 to $0.13
gadskiy pap: folds 
MKV86: folds 
Uncalled bet ($0.08) returned to thouyu
thouyu collected $0.12 from pot
thouyu: doesn't show hand 
*** SUMMARY ***
Total pot $0.12 | Rake $0 
Seat 1: thouyu (button) collected ($0.12)
Seat 2: gadskiy pap (small blind) folded before Flop
Seat 3: MKV86 (big blind) folded before Flop
Seat 4: HubertusB folded before Flop (didn't bet)
Seat 5: maltrine folded before Flop (didn't bet)
Seat 6: MSKLucky007 folded before Flop (didn't bet)



PokerStars Zoom Hand #185658350455:  Hold'em No Limit ($0.02/$0.05) - 2018/04/25 22:52:39 CCT [2018/04/25 10:52:39 ET]
Table 'Donati' 6-max Seat #1 is the button
Seat 1: HubertusB ($4.91 in chips) 
Seat 2: mikkas111 ($6.96 in chips) 
Seat 3: YudinAY ($1.40 in chips) 
Seat 4: Draugsvoll ($7.80 in chips) 
Seat 5: greedis555 ($5.64 in chips) 
Seat 6: OfCouRse72 ($5 in chips) 
mikkas111: posts small blind $0.02
YudinAY: posts big blind $0.05
*** HOLE CARDS ***
Dealt to HubertusB [9h 4h]
Draugsvoll: folds 
greedis555: folds 
OfCouRse72: folds 
HubertusB: folds 
mikkas111: folds 
Uncalled bet ($0.03) returned to YudinAY
YudinAY collected $0.04 from pot
YudinAY: doesn't show hand 
*** SUMMARY ***
Total pot $0.04 | Rake $0 
Seat 1: HubertusB (button) folded before Flop (didn't bet)
Seat 2: mikkas111 (small blind) folded before Flop
Seat 3: YudinAY (big blind) collected ($0.04)
Seat 4: Draugsvoll folded before Flop (didn't bet)
Seat 5: greedis555 folded before Flop (didn't bet)
Seat 6: OfCouRse72 folded before Flop (didn't bet)



PokerStars Zoom Hand #185658346082:  Hold'em No Limit ($0.02/$0.05) - 2018/04/25 22:52:31 CCT [2018/04/25 10:52:31 ET]
Table 'Donati' 6-max Seat #1 is the button
Seat 1: rolyeah ($2.85 in chips) 
Seat 2: bedboy1de ($7.24 in chips) 
Seat 3: HubertusB ($4.96 in chips) 
Seat 4: someep1ck ($5.30 in chips) 
Seat 5: maks.0xa115a ($11.42 in chips) 
Seat 6: limity ($8.48 in chips) 
bedboy1de: posts small blind $0.02
HubertusB: posts big blind $0.05
*** HOLE CARDS ***
Dealt to HubertusB [7c Kd]
someep1ck: raises $0.10 to $0.15
maks.0xa115a: folds 
limity: folds 
rolyeah: raises $0.30 to $0.45
bedboy1de: folds 
HubertusB: folds 
someep1ck: raises $2.55 to $3
rolyeah: calls $2.40 and is all-in
Uncalled bet ($0.15) returned to someep1ck
*** FLOP *** [4h 2c 8d]
*** TURN *** [4h 2c 8d] [9d]
*** RIVER *** [4h 2c 8d 9d] [4d]
*** SHOW DOWN ***
someep1ck: shows [Th Td] (two pair, Tens and Fours)
rolyeah: shows [Ac Kh] (a pair of Fours)
someep1ck collected $5.53 from pot
*** SUMMARY ***
Total pot $5.77 | Rake $0.24 
Board [4h 2c 8d 9d 4d]
Seat 1: rolyeah (button) showed [Ac Kh] and lost with a pair of Fours
Seat 2: bedboy1de (small blind) folded before Flop
Seat 3: HubertusB (big blind) folded before Flop
Seat 4: someep1ck showed [Th Td] and won ($5.53) with two pair, Tens and Fours
Seat 5: maks.0xa115a folded before Flop (didn't bet)
Seat 6: limity folded before Flop (didn't bet)



PokerStars Zoom Hand #185658354130:  Hold'em No Limit ($0.02/$0.05) - 2018/04/25 22:52:46 CCT [2018/04/25 10:52:46 ET]
Table 'Donati' 6-max Seat #1 is the button
Seat 1: mikkas111 ($17.02 in chips) 
Seat 2: justme_misha ($4.11 in chips) 
Seat 3: greens3141 ($5 in chips) 
Seat 4: Alexsny13 ($9.17 in chips) 
Seat 5: yumeko0001 ($26.07 in chips) 
Seat 6: HubertusB ($4.91 in chips) 
justme_misha: posts small blind $0.02
greens3141: posts big blind $0.05
*** HOLE CARDS ***
Dealt to HubertusB [6c Jd]
Alexsny13: folds 
yumeko0001: folds 
HubertusB: folds 
mikkas111: folds 
justme_misha: raises $0.10 to $0.15
greens3141: folds 
Uncalled bet ($0.10) returned to justme_misha
justme_misha collected $0.10 from pot
justme_misha: doesn't show hand 
*** SUMMARY ***
Total pot $0.10 | Rake $0 
Seat 1: mikkas111 (button) folded before Flop (didn't bet)
Seat 2: justme_misha (small blind) collected ($0.10)
Seat 3: greens3141 (big blind) folded before Flop
Seat 4: Alexsny13 folded before Flop (didn't bet)
Seat 5: yumeko0001 folded before Flop (didn't bet)
Seat 6: HubertusB folded before Flop (didn't bet)



PokerStars Zoom Hand #185658357382:  Hold'em No Limit ($0.02/$0.05) - 2018/04/25 22:52:52 CCT [2018/04/25 10:52:52 ET]
Table 'Donati' 6-max Seat #1 is the button
Seat 1: crawerman ($5.77 in chips) 
Seat 2: lucaskissler ($6.88 in chips) 
Seat 3: -azat-378 ($3.11 in chips) 
Seat 4: Andriy.Dosch ($6.17 in chips) 
Seat 5: Vorsix ($9.92 in chips) 
Seat 6: HubertusB ($4.91 in chips) 
lucaskissler: posts small blind $0.02
-azat-378: posts big blind $0.05
*** HOLE CARDS ***
Dealt to HubertusB [8s 9h]
Andriy.Dosch: folds 
Vorsix: folds 
HubertusB: raises $0.05 to $0.10
crawerman: folds 
lucaskissler: calls $0.08
-azat-378: folds 
*** FLOP *** [5h Kh 2s]
lucaskissler: checks 
HubertusB: bets $0.13
lucaskissler: folds 
Uncalled bet ($0.13) returned to HubertusB
HubertusB collected $0.24 from pot
HubertusB: doesn't show hand 
*** SUMMARY ***
Total pot $0.25 | Rake $0.01 
Board [5h Kh 2s]
Seat 1: crawerman (button) folded before Flop (didn't bet)
Seat 2: lucaskissler (small blind) folded on the Flop
Seat 3: -azat-378 (big blind) folded before Flop
Seat 4: Andriy.Dosch folded before Flop (didn't bet)
Seat 5: Vorsix folded before Flop (didn't bet)
Seat 6: HubertusB collected ($0.24)



PokerStars Zoom Hand #185658368818:  Hold'em No Limit ($0.02/$0.05) - 2018/04/25 22:53:13 CCT [2018/04/25 10:53:13 ET]
Table 'Donati' 6-max Seat #1 is the button
Seat 1: kingmj_rss ($5.31 in chips) 
Seat 2: Rep_Nothing ($5.36 in chips) 
Seat 3: HubertusB ($5.05 in chips) 
Seat 4: SpaceOrca ($5.48 in chips) 
Seat 5: jackpot2104 ($5 in chips) 
Seat 6: yellowandblu ($8.34 in chips) 
Rep_Nothing: posts small blind $0.02
HubertusB: posts big blind $0.05
*** HOLE CARDS ***
Dealt to HubertusB [Qh 3c]
SpaceOrca: raises $0.07 to $0.12
jackpot2104: folds 
yellowandblu: folds 
kingmj_rss: folds 
Rep_Nothing: folds 
HubertusB: folds 
Uncalled bet ($0.07) returned to SpaceOrca
SpaceOrca collected $0.12 from pot
SpaceOrca: doesn't show hand 
*** SUMMARY ***
Total pot $0.12 | Rake $0 
Seat 1: kingmj_rss (button) folded before Flop (didn't bet)
Seat 2: Rep_Nothing (small blind) folded before Flop
Seat 3: HubertusB (big blind) folded before Flop
Seat 4: SpaceOrca collected ($0.12)
Seat 5: jackpot2104 folded before Flop (didn't bet)
Seat 6: yellowandblu folded before Flop (didn't bet)



PokerStars Zoom Hand #185658336829:  Hold'em No Limit ($0.02/$0.05) - 2018/04/25 22:52:14 CCT [2018/04/25 10:52:14 ET]
Table 'Donati' 6-max Seat #1 is the button
Seat 1: Timberwol815 ($5.62 in chips) 
Seat 2: HubertusB ($4.98 in chips) 
Seat 3: NeverFold27o ($5.43 in chips) 
Seat 4: MSKLucky007 ($5.02 in chips) 
Seat 5: GGssmeda ($5 in chips) 
Seat 6: matej.481 ($5.28 in chips) 
HubertusB: posts small blind $0.02
NeverFold27o: posts big blind $0.05
*** HOLE CARDS ***
Dealt to HubertusB [3c 9h]
MSKLucky007: folds 
GGssmeda: raises $0.10 to $0.15
matej.481: folds 
Timberwol815: folds 
HubertusB: folds 
NeverFold27o: calls $0.10
*** FLOP *** [2c 7c Ts]
NeverFold27o: checks 
GGssmeda: bets $0.20
NeverFold27o: raises $0.40 to $0.60
GGssmeda: folds 
Uncalled bet ($0.40) returned to NeverFold27o
NeverFold27o collected $0.69 from pot
NeverFold27o: doesn't show hand 
*** SUMMARY ***
Total pot $0.72 | Rake $0.03 
Board [2c 7c Ts]
Seat 1: Timberwol815 (button) folded before Flop (didn't bet)
Seat 2: HubertusB (small blind) folded before Flop
Seat 3: NeverFold27o (big blind) collected ($0.69)
Seat 4: MSKLucky007 folded before Flop (didn't bet)
Seat 5: GGssmeda folded on the Flop
Seat 6: matej.481 folded before Flop (didn't bet)



PokerStars Zoom Hand #185658375118:  Hold'em No Limit ($0.02/$0.05) - 2018/04/25 22:53:25 CCT [2018/04/25 10:53:25 ET]
Table 'Donati' 6-max Seat #1 is the button
Seat 1: episthmwn ($5.45 in chips) 
Seat 2: HubertusB ($5 in chips) 
Seat 3: adyrnicc ($9.89 in chips) 
Seat 4: Verbutl ($5.32 in chips) 
Seat 5: forggame ($6.85 in chips) 
Seat 6: moon0828 ($10.61 in chips) 
HubertusB: posts small blind $0.02
adyrnicc: posts big blind $0.05
*** HOLE CARDS ***
Dealt to HubertusB [Ac 2h]
Verbutl: raises $0.07 to $0.12
forggame: folds 
moon0828: folds 
episthmwn: folds 
HubertusB: folds 
adyrnicc: calls $0.07
*** FLOP *** [Ad 4h Qc]
adyrnicc: checks 
Verbutl: bets $0.17
adyrnicc: folds 
Uncalled bet ($0.17) returned to Verbutl
Verbutl collected $0.25 from pot
Verbutl: doesn't show hand 
*** SUMMARY ***
Total pot $0.26 | Rake $0.01 
Board [Ad 4h Qc]
Seat 1: episthmwn (button) folded before Flop (didn't bet)
Seat 2: HubertusB (small blind) folded before Flop
Seat 3: adyrnicc (big blind) folded on the Flop
Seat 4: Verbutl collected ($0.25)
Seat 5: forggame folded before Flop (didn't bet)
Seat 6: moon0828 folded before Flop (didn't bet)



PokerStars Zoom Hand #185658371968:  Hold'em No Limit ($0.02/$0.05) - 2018/04/25 22:53:19 CCT [2018/04/25 10:53:19 ET]
Table 'Donati' 6-max Seat #1 is the button
Seat 1: wanfernandes ($22.45 in chips) 
Seat 2: salpi7 ($8.14 in chips) 
Seat 3: tofsty ($7.54 in chips) 
Seat 4: HubertusB ($5 in chips) 
Seat 5: Efi Giannis ($2.18 in chips) 
Seat 6: maltrine ($5.07 in chips) 
salpi7: posts small blind $0.02
tofsty: posts big blind $0.05
*** HOLE CARDS ***
Dealt to HubertusB [Ad 5s]
HubertusB: folds 
Efi Giannis: folds 
maltrine: folds 
wanfernandes: folds 
salpi7: raises $0.07 to $0.12
tofsty: raises $0.33 to $0.45
salpi7: folds 
Uncalled bet ($0.33) returned to tofsty
tofsty collected $0.24 from pot
tofsty: doesn't show hand 
*** SUMMARY ***
Total pot $0.24 | Rake $0 
Seat 1: wanfernandes (button) folded before Flop (didn't bet)
Seat 2: salpi7 (small blind) folded before Flop
Seat 3: tofsty (big blind) collected ($0.24)
Seat 4: HubertusB folded before Flop (didn't bet)
Seat 5: Efi Giannis folded before Flop (didn't bet)
Seat 6: maltrine folded before Flop (didn't bet)



PokerStars Zoom Hand #185658378848:  Hold'em No Limit ($0.02/$0.05) - 2018/04/25 22:53:32 CCT [2018/04/25 10:53:32 ET]
Table 'Donati' 6-max Seat #1 is the button
Seat 1: HubertusB ($4.98 in chips) 
Seat 2: limity ($5.37 in chips) 
Seat 3: Tn 939 ($5.05 in chips) 
Seat 4: faris0 ($7.57 in chips) 
Seat 5: koltsovskij ($6.22 in chips) 
Seat 6: ElectroSNB ($5 in chips) 
limity: posts small blind $0.02
Tn 939: posts big blind $0.05
*** HOLE CARDS ***
Dealt to HubertusB [7h 7d]
faris0: folds 
koltsovskij: folds 
ElectroSNB: raises $0.06 to $0.11
HubertusB: calls $0.11
limity: folds 
Tn 939: folds 
*** FLOP *** [Th 4d 5h]
ElectroSNB: checks 
HubertusB: bets $0.15
ElectroSNB: calls $0.15
*** TURN *** [Th 4d 5h] [3d]
ElectroSNB: checks 
HubertusB: bets $0.25
ElectroSNB: folds 
Uncalled bet ($0.25) returned to HubertusB
HubertusB collected $0.57 from pot
HubertusB: doesn't show hand 
*** SUMMARY ***
Total pot $0.59 | Rake $0.02 
Board [Th 4d 5h 3d]
Seat 1: HubertusB (button) collected ($0.57)
Seat 2: limity (small blind) folded before Flop
Seat 3: Tn 939 (big blind) folded before Flop
Seat 4: faris0 folded before Flop (didn't bet)
Seat 5: koltsovskij folded before Flop (didn't bet)
Seat 6: ElectroSNB folded on the Turn



PokerStars Zoom Hand #185658400901:  Hold'em No Limit ($0.02/$0.05) - 2018/04/25 22:54:13 CCT [2018/04/25 10:54:13 ET]
Table 'Donati' 6-max Seat #1 is the button
Seat 1: maltrine ($5 in chips) 
Seat 2: mmelo4 ($5.23 in chips) 
Seat 3: wayfarer629 ($4.11 in chips) 
Seat 4: Vorsix ($13.07 in chips) 
Seat 5: HubertusB ($5.29 in chips) 
Seat 6: josah321 ($5 in chips) 
mmelo4: posts small blind $0.02
wayfarer629: posts big blind $0.05
*** HOLE CARDS ***
Dealt to HubertusB [9s 5h]
Vorsix: raises $0.10 to $0.15
HubertusB: folds 
josah321: folds 
maltrine: folds 
mmelo4: folds 
wayfarer629: folds 
Uncalled bet ($0.10) returned to Vorsix
Vorsix collected $0.12 from pot
Vorsix: doesn't show hand 
*** SUMMARY ***
Total pot $0.12 | Rake $0 
Seat 1: maltrine (button) folded before Flop (didn't bet)
Seat 2: mmelo4 (small blind) folded before Flop
Seat 3: wayfarer629 (big blind) folded before Flop
Seat 4: Vorsix collected ($0.12)
Seat 5: HubertusB folded before Flop (didn't bet)
Seat 6: josah321 folded before Flop (didn't bet)



PokerStars Zoom Hand #185658403613:  Hold'em No Limit ($0.02/$0.05) - 2018/04/25 22:54:18 CCT [2018/04/25 10:54:18 ET]
Table 'Donati' 6-max Seat #1 is the button
Seat 1: MSKLucky007 ($5.02 in chips) 
Seat 2: Têocu ($4.95 in chips) 
Seat 3: GRAYSPRAY ($6.46 in chips) 
Seat 4: HubertusB ($5.29 in chips) 
Seat 5: rent118 ($5.16 in chips) 
Seat 6: dem&n777 ($3.72 in chips) 
Têocu: posts small blind $0.02
GRAYSPRAY: posts big blind $0.05
*** HOLE CARDS ***
Dealt to HubertusB [6d 2h]
HubertusB: folds 
rent118: folds 
dem&n777: folds 
MSKLucky007: folds 
Têocu: folds 
Uncalled bet ($0.03) returned to GRAYSPRAY
GRAYSPRAY collected $0.04 from pot
GRAYSPRAY: doesn't show hand 
*** SUMMARY ***
Total pot $0.04 | Rake $0 
Seat 1: MSKLucky007 (button) folded before Flop (didn't bet)
Seat 2: Têocu (small blind) folded before Flop
Seat 3: GRAYSPRAY (big blind) collected ($0.04)
Seat 4: HubertusB folded before Flop (didn't bet)
Seat 5: rent118 folded before Flop (didn't bet)
Seat 6: dem&n777 folded before Flop (didn't bet)



PokerStars Zoom Hand #185658406733:  Hold'em No Limit ($0.02/$0.05) - 2018/04/25 22:54:24 CCT [2018/04/25 10:54:24 ET]
Table 'Donati' 6-max Seat #1 is the button
Seat 1: HubertusB ($5.29 in chips) 
Seat 2: antoniad8 ($11.54 in chips) 
Seat 3: Jovani_Silva ($5 in chips) 
Seat 4: -azat-378 ($9.92 in chips) 
Seat 5: kferte ($5.25 in chips) 
Seat 6: vorobor ($5 in chips) 
antoniad8: posts small blind $0.02
Jovani_Silva: posts big blind $0.05
*** HOLE CARDS ***
Dealt to HubertusB [Kc 9c]
-azat-378: folds 
kferte: raises $0.10 to $0.15
vorobor: folds 
HubertusB: calls $0.15
antoniad8: folds 
Jovani_Silva: folds 
*** FLOP *** [2h 7d 3d]
kferte: bets $0.23
HubertusB: raises $0.42 to $0.65
kferte: folds 
Uncalled bet ($0.42) returned to HubertusB
HubertusB collected $0.80 from pot
HubertusB: doesn't show hand 
*** SUMMARY ***
Total pot $0.83 | Rake $0.03 
Board [2h 7d 3d]
Seat 1: HubertusB (button) collected ($0.80)
Seat 2: antoniad8 (small blind) folded before Flop
Seat 3: Jovani_Silva (big blind) folded before Flop
Seat 4: -azat-378 folded before Flop (didn't bet)
Seat 5: kferte folded on the Flop
Seat 6: vorobor folded before Flop (didn't bet)



PokerStars Zoom Hand #185658425762:  Hold'em No Limit ($0.02/$0.05) - 2018/04/25 22:55:00 CCT [2018/04/25 10:55:00 ET]
Table 'Donati' 6-max Seat #1 is the button
Seat 1: Rufin0 ($5.07 in chips) 
Seat 2: da-deu011 ($10.66 in chips) 
Seat 3: HubertusB ($5.71 in chips) 
Seat 4: Kirsan-1980 ($19.27 in chips) 
Seat 5: TheRoyalBush ($5.73 in chips) 
Seat 6: lucaskissler ($5.30 in chips) 
da-deu011: posts small blind $0.02
HubertusB: posts big blind $0.05
*** HOLE CARDS ***
Dealt to HubertusB [8c Td]
Kirsan-1980: folds 
TheRoyalBush: folds 
lucaskissler: folds 
Rufin0: raises $0.07 to $0.12
da-deu011: folds 
HubertusB: folds 
Uncalled bet ($0.07) returned to Rufin0
Rufin0 collected $0.12 from pot
Rufin0: doesn't show hand 
*** SUMMARY ***
Total pot $0.12 | Rake $0 
Seat 1: Rufin0 (button) collected ($0.12)
Seat 2: da-deu011 (small blind) folded before Flop
Seat 3: HubertusB (big blind) folded before Flop
Seat 4: Kirsan-1980 folded before Flop (didn't bet)
Seat 5: TheRoyalBush folded before Flop (didn't bet)
Seat 6: lucaskissler folded before Flop (didn't bet)



PokerStars Zoom Hand #185658438150:  Hold'em No Limit ($0.02/$0.05) - 2018/04/25 22:55:27 CCT [2018/04/25 10:55:27 ET]
Table 'Donati' 6-max Seat #1 is the button
Seat 1: Schofkopf1 ($4.93 in chips) 
Seat 2: HubertusB ($5.66 in chips) 
Seat 3: Agull1109 ($26.89 in chips) 
Seat 4: Mazgod ($5.82 in chips) 
Seat 5: thouyu ($5 in chips) 
Seat 6: infiniteness ($2.36 in chips) 
HubertusB: posts small blind $0.02
Agull1109: posts big blind $0.05
*** HOLE CARDS ***
Dealt to HubertusB [Qd Ah]
Mazgod: folds 
thouyu: raises $0.08 to $0.13
infiniteness: calls $0.13
Schofkopf1: folds 
HubertusB: raises $0.47 to $0.60
Agull1109: folds 
thouyu: folds 
infiniteness: folds 
Uncalled bet ($0.47) returned to HubertusB
HubertusB collected $0.44 from pot
HubertusB: doesn't show hand 
*** SUMMARY ***
Total pot $0.44 | Rake $0 
Seat 1: Schofkopf1 (button) folded before Flop (didn't bet)
Seat 2: HubertusB (small blind) collected ($0.44)
Seat 3: Agull1109 (big blind) folded before Flop
Seat 4: Mazgod folded before Flop (didn't bet)
Seat 5: thouyu folded before Flop
Seat 6: infiniteness folded before Flop



PokerStars Zoom Hand #185658451242:  Hold'em No Limit ($0.02/$0.05) - 2018/04/25 22:55:56 CCT [2018/04/25 10:55:56 ET]
Table 'Donati' 6-max Seat #1 is the button
Seat 1: docent3366 ($5.64 in chips) 
Seat 2: maltrine ($5 in chips) 
Seat 3: crawerman ($7.90 in chips) 
Seat 4: Rep_Nothing ($5 in chips) 
Seat 5: da-deu011 ($7.84 in chips) 
Seat 6: HubertusB ($5.97 in chips) 
maltrine: posts small blind $0.02
crawerman: posts big blind $0.05
*** HOLE CARDS ***
Dealt to HubertusB [Js Kc]
Rep_Nothing: folds 
da-deu011: folds 
HubertusB: raises $0.05 to $0.10
docent3366: raises $0.27 to $0.37
maltrine: folds 
crawerman: folds 
HubertusB: folds 
Uncalled bet ($0.27) returned to docent3366
docent3366 collected $0.27 from pot
docent3366: doesn't show hand 
*** SUMMARY ***
Total pot $0.27 | Rake $0 
Seat 1: docent3366 (button) collected ($0.27)
Seat 2: maltrine (small blind) folded before Flop
Seat 3: crawerman (big blind) folded before Flop
Seat 4: Rep_Nothing folded before Flop (didn't bet)
Seat 5: da-deu011 folded before Flop (didn't bet)
Seat 6: HubertusB folded before Flop



PokerStars Zoom Hand #185658457641:  Hold'em No Limit ($0.02/$0.05) - 2018/04/25 22:56:10 CCT [2018/04/25 10:56:10 ET]
Table 'Donati' 6-max Seat #1 is the button
Seat 1: someep1ck ($5 in chips) 
Seat 2: pokerdvors ($2.89 in chips) 
Seat 3: poverinov ($5 in chips) 
Seat 4: Alexsny13 ($8.46 in chips) 
Seat 5: HubertusB ($5.87 in chips) 
Seat 6: tom P69 ($12.54 in chips) 
pokerdvors: posts small blind $0.02
poverinov: posts big blind $0.05
*** HOLE CARDS ***
Dealt to HubertusB [2c 9h]
Alexsny13: folds 
HubertusB: folds 
tom P69: folds 
someep1ck: folds 
pokerdvors: folds 
Uncalled bet ($0.03) returned to poverinov
poverinov collected $0.04 from pot
poverinov: doesn't show hand 
*** SUMMARY ***
Total pot $0.04 | Rake $0 
Seat 1: someep1ck (button) folded before Flop (didn't bet)
Seat 2: pokerdvors (small blind) folded before Flop
Seat 3: poverinov (big blind) collected ($0.04)
Seat 4: Alexsny13 folded before Flop (didn't bet)
Seat 5: HubertusB folded before Flop (didn't bet)
Seat 6: tom P69 folded before Flop (didn't bet)



PokerStars Zoom Hand #185658460394:  Hold'em No Limit ($0.02/$0.05) - 2018/04/25 22:56:16 CCT [2018/04/25 10:56:16 ET]
Table 'Donati' 6-max Seat #1 is the button
Seat 1: xiazhen ($5.02 in chips) 
Seat 2: BrazilSkills ($6.13 in chips) 
Seat 3: born8sleepy ($5.89 in chips) 
Seat 4: HubertusB ($5.87 in chips) 
Seat 5: lucaskissler ($5.58 in chips) 
Seat 6: maks.0xa115a ($5.57 in chips) 
BrazilSkills: posts small blind $0.02
born8sleepy: posts big blind $0.05
*** HOLE CARDS ***
Dealt to HubertusB [Qh As]
HubertusB: raises $0.05 to $0.10
lucaskissler: folds 
maks.0xa115a: folds 
xiazhen: folds 
BrazilSkills: folds 
born8sleepy: calls $0.05
*** FLOP *** [5c Js 7d]
born8sleepy: checks 
HubertusB: checks 
*** TURN *** [5c Js 7d] [4s]
born8sleepy: bets $0.14
HubertusB: calls $0.14
*** RIVER *** [5c Js 7d 4s] [6s]
born8sleepy: bets $0.32
HubertusB: folds 
Uncalled bet ($0.32) returned to born8sleepy
born8sleepy collected $0.48 from pot
born8sleepy: doesn't show hand 
*** SUMMARY ***
Total pot $0.50 | Rake $0.02 
Board [5c Js 7d 4s 6s]
Seat 1: xiazhen (button) folded before Flop (didn't bet)
Seat 2: BrazilSkills (small blind) folded before Flop
Seat 3: born8sleepy (big blind) collected ($0.48)
Seat 4: HubertusB folded on the River
Seat 5: lucaskissler folded before Flop (didn't bet)
Seat 6: maks.0xa115a folded before Flop (didn't bet)



PokerStars Zoom Hand #185658475144:  Hold'em No Limit ($0.02/$0.05) - 2018/04/25 22:56:48 CCT [2018/04/25 10:56:48 ET]
Table 'Donati' 6-max Seat #1 is the button
Seat 1: Vedyschiy_ ($9.39 in chips) 
Seat 2: someep1ck ($7.16 in chips) 
Seat 3: Rep_Nothing ($5 in chips) 
Seat 4: DOOST1978 ($4.10 in chips) 
Seat 5: HubertusB ($5.63 in chips) 
Seat 6: Tn 939 ($5.29 in chips) 
someep1ck: posts small blind $0.02
Rep_Nothing: posts big blind $0.05
*** HOLE CARDS ***
Dealt to HubertusB [Ad 9h]
DOOST1978: folds 
HubertusB: raises $0.05 to $0.10
Tn 939: folds 
Vedyschiy_: folds 
someep1ck: raises $0.30 to $0.40
Rep_Nothing: folds 
HubertusB: folds 
Uncalled bet ($0.30) returned to someep1ck
someep1ck collected $0.25 from pot
someep1ck: doesn't show hand 
*** SUMMARY ***
Total pot $0.25 | Rake $0 
Seat 1: Vedyschiy_ (button) folded before Flop (didn't bet)
Seat 2: someep1ck (small blind) collected ($0.25)
Seat 3: Rep_Nothing (big blind) folded before Flop
Seat 4: DOOST1978 folded before Flop (didn't bet)
Seat 5: HubertusB folded before Flop
Seat 6: Tn 939 folded before Flop (didn't bet)



PokerStars Zoom Hand #185658481157:  Hold'em No Limit ($0.02/$0.05) - 2018/04/25 22:57:01 CCT [2018/04/25 10:57:01 ET]
Table 'Donati' 6-max Seat #1 is the button
Seat 1: OfCouRse72 ($6.14 in chips) 
Seat 2: Rep_Nothing ($5 in chips) 
Seat 3: HubertusB ($5.53 in chips) 
Seat 4: Shomsie ($5.88 in chips) 
Seat 5: Kirsan-1980 ($12.44 in chips) 
Seat 6: koltsovskij ($11.45 in chips) 
Rep_Nothing: posts small blind $0.02
HubertusB: posts big blind $0.05
*** HOLE CARDS ***
Dealt to HubertusB [6s As]
Shomsie: folds 
Kirsan-1980: raises $0.05 to $0.10
koltsovskij: folds 
OfCouRse72: folds 
Rep_Nothing: folds 
HubertusB: calls $0.05
*** FLOP *** [6c Ad 3s]
HubertusB: checks 
Kirsan-1980: checks 
*** TURN *** [6c Ad 3s] [7d]
HubertusB: bets $0.05
Kirsan-1980: folds 
Uncalled bet ($0.05) returned to HubertusB
HubertusB collected $0.21 from pot
HubertusB: doesn't show hand 
*** SUMMARY ***
Total pot $0.22 | Rake $0.01 
Board [6c Ad 3s 7d]
Seat 1: OfCouRse72 (button) folded before Flop (didn't bet)
Seat 2: Rep_Nothing (small blind) folded before Flop
Seat 3: HubertusB (big blind) collected ($0.21)
Seat 4: Shomsie folded before Flop (didn't bet)
Seat 5: Kirsan-1980 folded on the Turn
Seat 6: koltsovskij folded before Flop (didn't bet)



PokerStars Zoom Hand #185658495842:  Hold'em No Limit ($0.02/$0.05) - 2018/04/25 22:57:33 CCT [2018/04/25 10:57:33 ET]
Table 'Donati' 6-max Seat #1 is the button
Seat 1: GGssmeda ($5.07 in chips) 
Seat 2: HubertusB ($5.64 in chips) 
Seat 3: AUHailov ($5.46 in chips) 
Seat 4: manyak ps ($5 in chips) 
Seat 5: mklimek ($5.81 in chips) 
Seat 6: josah321 ($5.06 in chips) 
HubertusB: posts small blind $0.02
AUHailov: posts big blind $0.05
*** HOLE CARDS ***
Dealt to HubertusB [Kc 9c]
manyak ps: folds 
mklimek: folds 
josah321: folds 
GGssmeda: folds 
HubertusB: raises $0.05 to $0.10
AUHailov: folds 
Uncalled bet ($0.05) returned to HubertusB
HubertusB collected $0.10 from pot
HubertusB: doesn't show hand 
*** SUMMARY ***
Total pot $0.10 | Rake $0 
Seat 1: GGssmeda (button) folded before Flop (didn't bet)
Seat 2: HubertusB (small blind) collected ($0.10)
Seat 3: AUHailov (big blind) folded before Flop
Seat 4: manyak ps folded before Flop (didn't bet)
Seat 5: mklimek folded before Flop (didn't bet)
Seat 6: josah321 folded before Flop (didn't bet)



PokerStars Zoom Hand #185658501347:  Hold'em No Limit ($0.02/$0.05) - 2018/04/25 22:57:45 CCT [2018/04/25 10:57:45 ET]
Table 'Donati' 6-max Seat #1 is the button
Seat 1: HubertusB ($5.69 in chips) 
Seat 2: NeverFold27o ($8.74 in chips) 
Seat 3: thouyu ($10.27 in chips) 
Seat 4: Region059 ($5 in chips) 
Seat 5: Lucaswas ($4.36 in chips) 
Seat 6: Masticlox ($8.25 in chips) 
NeverFold27o: posts small blind $0.02
thouyu: posts big blind $0.05
*** HOLE CARDS ***
Dealt to HubertusB [6s Ah]
Region059: folds 
Lucaswas: folds 
Masticlox: folds 
HubertusB: raises $0.10 to $0.15
NeverFold27o: folds 
thouyu: calls $0.10
*** FLOP *** [3c Qc 3s]
thouyu: checks 
HubertusB: bets $0.17
thouyu: calls $0.17
*** TURN *** [3c Qc 3s] [9s]
thouyu: checks 
HubertusB: bets $0.35
thouyu: calls $0.35
*** RIVER *** [3c Qc 3s 9s] [4s]
thouyu: checks 
HubertusB: bets $0.72
thouyu: folds 
Uncalled bet ($0.72) returned to HubertusB
HubertusB collected $1.30 from pot
HubertusB: doesn't show hand 
*** SUMMARY ***
Total pot $1.36 | Rake $0.06 
Board [3c Qc 3s 9s 4s]
Seat 1: HubertusB (button) collected ($1.30)
Seat 2: NeverFold27o (small blind) folded before Flop
Seat 3: thouyu (big blind) folded on the River
Seat 4: Region059 folded before Flop (didn't bet)
Seat 5: Lucaswas folded before Flop (didn't bet)
Seat 6: Masticlox folded before Flop (didn't bet)



PokerStars Zoom Hand #185658523408:  Hold'em No Limit ($0.02/$0.05) - 2018/04/25 22:58:33 CCT [2018/04/25 10:58:33 ET]
Table 'Donati' 6-max Seat #1 is the button
Seat 1: dskhrt ($3.33 in chips) 
Seat 2: Bjol2016 ($4.42 in chips) 
Seat 3: Schofkopf1 ($5.86 in chips) 
Seat 4: HubertusB ($6.32 in chips) 
Seat 5: iam_dOpO ($6.11 in chips) 
Seat 6: ElectroSNB ($5.25 in chips) 
Bjol2016: posts small blind $0.02
Schofkopf1: posts big blind $0.05
*** HOLE CARDS ***
Dealt to HubertusB [Td 4h]
HubertusB: folds 
iam_dOpO: folds 
ElectroSNB: folds 
dskhrt: raises $0.10 to $0.15
Bjol2016: folds 
Schofkopf1: folds 
Uncalled bet ($0.10) returned to dskhrt
dskhrt collected $0.12 from pot
dskhrt: doesn't show hand 
*** SUMMARY ***
Total pot $0.12 | Rake $0 
Seat 1: dskhrt (button) collected ($0.12)
Seat 2: Bjol2016 (small blind) folded before Flop
Seat 3: Schofkopf1 (big blind) folded before Flop
Seat 4: HubertusB folded before Flop (didn't bet)
Seat 5: iam_dOpO folded before Flop (didn't bet)
Seat 6: ElectroSNB folded before Flop (didn't bet)



PokerStars Zoom Hand #185658526176:  Hold'em No Limit ($0.02/$0.05) - 2018/04/25 22:58:39 CCT [2018/04/25 10:58:39 ET]
Table 'Donati' 6-max Seat #1 is the button
Seat 1: crawerman ($5.15 in chips) 
Seat 2: CygNu5X1 ($11.52 in chips) 
Seat 3: limity ($5 in chips) 
Seat 4: HubertusB ($6.32 in chips) 
Seat 5: Nymburger ($7.71 in chips) 
Seat 6: GRAYSPRAY ($6.34 in chips) 
CygNu5X1: posts small blind $0.02
limity: posts big blind $0.05
*** HOLE CARDS ***
Dealt to HubertusB [Jc 6c]
HubertusB: folds 
Nymburger: raises $0.15 to $0.20
GRAYSPRAY: folds 
crawerman: folds 
CygNu5X1: folds 
limity: folds 
Uncalled bet ($0.15) returned to Nymburger
Nymburger collected $0.12 from pot
Nymburger: doesn't show hand 
*** SUMMARY ***
Total pot $0.12 | Rake $0 
Seat 1: crawerman (button) folded before Flop (didn't bet)
Seat 2: CygNu5X1 (small blind) folded before Flop
Seat 3: limity (big blind) folded before Flop
Seat 4: HubertusB folded before Flop (didn't bet)
Seat 5: Nymburger collected ($0.12)
Seat 6: GRAYSPRAY folded before Flop (didn't bet)



PokerStars Zoom Hand #185658521130:  Hold'em No Limit ($0.02/$0.05) - 2018/04/25 22:58:28 CCT [2018/04/25 10:58:28 ET]
Table 'Donati' 6-max Seat #1 is the button
Seat 1: marrchelo_ ($7 in chips) 
Seat 2: dzari22 ($5.33 in chips) 
Seat 3: AB5OLUTI0N ($5.30 in chips) 
Seat 4: kas386 ($5.66 in chips) 
Seat 5: mameldur 69 ($5.54 in chips) 
Seat 6: HubertusB ($6.32 in chips) 
dzari22: posts small blind $0.02
AB5OLUTI0N: posts big blind $0.05
*** HOLE CARDS ***
Dealt to HubertusB [3d 6c]
kas386: folds 
mameldur 69: calls $0.05
HubertusB: folds 
marrchelo_: folds 
dzari22: folds 
AB5OLUTI0N: checks 
*** FLOP *** [Ks 2h Qc]
AB5OLUTI0N: checks 
mameldur 69: bets $0.20
AB5OLUTI0N: folds 
Uncalled bet ($0.20) returned to mameldur 69
mameldur 69 collected $0.12 from pot
mameldur 69: doesn't show hand 
*** SUMMARY ***
Total pot $0.12 | Rake $0 
Board [Ks 2h Qc]
Seat 1: marrchelo_ (button) folded before Flop (didn't bet)
Seat 2: dzari22 (small blind) folded before Flop
Seat 3: AB5OLUTI0N (big blind) folded on the Flop
Seat 4: kas386 folded before Flop (didn't bet)
Seat 5: mameldur 69 collected ($0.12)
Seat 6: HubertusB folded before Flop (didn't bet)



PokerStars Zoom Hand #185658531764:  Hold'em No Limit ($0.02/$0.05) - 2018/04/25 22:58:51 CCT [2018/04/25 10:58:51 ET]
Table 'Donati' 6-max Seat #1 is the button
Seat 1: pajka ($8.18 in chips) 
Seat 2: SereGka228 ($5 in chips) 
Seat 3: HubertusB ($6.32 in chips) 
Seat 4: Reg1N55 ($8.85 in chips) 
Seat 5: adyrnicc ($5 in chips) 
Seat 6: paper94 ($3.34 in chips) 
SereGka228: posts small blind $0.02
HubertusB: posts big blind $0.05
*** HOLE CARDS ***
Dealt to HubertusB [Jc Ah]
Reg1N55: folds 
adyrnicc: folds 
paper94: folds 
pajka: folds 
SereGka228: folds 
Uncalled bet ($0.03) returned to HubertusB
HubertusB collected $0.04 from pot
HubertusB: doesn't show hand 
*** SUMMARY ***
Total pot $0.04 | Rake $0 
Seat 1: pajka (button) folded before Flop (didn't bet)
Seat 2: SereGka228 (small blind) folded before Flop
Seat 3: HubertusB (big blind) collected ($0.04)
Seat 4: Reg1N55 folded before Flop (didn't bet)
Seat 5: adyrnicc folded before Flop (didn't bet)
Seat 6: paper94 folded before Flop (didn't bet)



PokerStars Zoom Hand #185658538366:  Hold'em No Limit ($0.02/$0.05) - 2018/04/25 22:59:05 CCT [2018/04/25 10:59:05 ET]
Table 'Donati' 6-max Seat #1 is the button
Seat 1: MaybeMayday ($7.61 in chips) 
Seat 2: HubertusB ($6.34 in chips) 
Seat 3: greens3141 ($5.61 in chips) 
Seat 4: Nymburger ($7.73 in chips) 
Seat 5: Tn 939 ($5 in chips) 
Seat 6: Smith1358 ($2.24 in chips) 
HubertusB: posts small blind $0.02
greens3141: posts big blind $0.05
*** HOLE CARDS ***
Dealt to HubertusB [3d 6c]
Nymburger: raises $0.15 to $0.20
Tn 939: folds 
Smith1358: folds 
MaybeMayday: folds 
HubertusB: folds 
greens3141: folds 
Uncalled bet ($0.15) returned to Nymburger
Nymburger collected $0.12 from pot
Nymburger: doesn't show hand 
*** SUMMARY ***
Total pot $0.12 | Rake $0 
Seat 1: MaybeMayday (button) folded before Flop (didn't bet)
Seat 2: HubertusB (small blind) folded before Flop
Seat 3: greens3141 (big blind) folded before Flop
Seat 4: Nymburger collected ($0.12)
Seat 5: Tn 939 folded before Flop (didn't bet)
Seat 6: Smith1358 folded before Flop (didn't bet)



PokerStars Zoom Hand #185658541611:  Hold'em No Limit ($0.02/$0.05) - 2018/04/25 22:59:12 CCT [2018/04/25 10:59:12 ET]
Table 'Donati' 6-max Seat #1 is the button
Seat 1: HubertusB ($6.32 in chips) 
Seat 2: zuga8888 ($3.52 in chips) 
Seat 3: patkányember ($4.31 in chips) 
Seat 4: xiazhen ($6.93 in chips) 
Seat 5: CygNu5X1 ($11.50 in chips) 
Seat 6: tuz073rus ($18.97 in chips) 
zuga8888: posts small blind $0.02
patkányember: posts big blind $0.05
*** HOLE CARDS ***
Dealt to HubertusB [6s 2d]
xiazhen: folds 
CygNu5X1: raises $0.07 to $0.12
tuz073rus: folds 
HubertusB: folds 
zuga8888: folds 
patkányember: folds 
Uncalled bet ($0.07) returned to CygNu5X1
CygNu5X1 collected $0.12 from pot
CygNu5X1: doesn't show hand 
*** SUMMARY ***
Total pot $0.12 | Rake $0 
Seat 1: HubertusB (button) folded before Flop (didn't bet)
Seat 2: zuga8888 (small blind) folded before Flop
Seat 3: patkányember (big blind) folded before Flop
Seat 4: xiazhen folded before Flop (didn't bet)
Seat 5: CygNu5X1 collected ($0.12)
Seat 6: tuz073rus folded before Flop (didn't bet)



PokerStars Zoom Hand #185658546679:  Hold'em No Limit ($0.02/$0.05) - 2018/04/25 22:59:23 CCT [2018/04/25 10:59:23 ET]
Table 'Donati' 6-max Seat #1 is the button
Seat 1: satiros.exe ($9.56 in chips) 
Seat 2: Masticlox ($5.74 in chips) 
Seat 3: flushcrush01 ($1.11 in chips) 
Seat 4: Catalin16z ($7.79 in chips) 
Seat 5: Rep_Nothing ($5.48 in chips) 
Seat 6: HubertusB ($6.32 in chips) 
Masticlox: posts small blind $0.02
flushcrush01: posts big blind $0.05
*** HOLE CARDS ***
Dealt to HubertusB [7s 3s]
Catalin16z: folds 
Rep_Nothing: folds 
HubertusB: folds 
satiros.exe: raises $0.10 to $0.15
Masticlox: folds 
flushcrush01: folds 
Uncalled bet ($0.10) returned to satiros.exe
satiros.exe collected $0.12 from pot
satiros.exe: doesn't show hand 
*** SUMMARY ***
Total pot $0.12 | Rake $0 
Seat 1: satiros.exe (button) collected ($0.12)
Seat 2: Masticlox (small blind) folded before Flop
Seat 3: flushcrush01 (big blind) folded before Flop
Seat 4: Catalin16z folded before Flop (didn't bet)
Seat 5: Rep_Nothing folded before Flop (didn't bet)
Seat 6: HubertusB folded before Flop (didn't bet)



PokerStars Zoom Hand #185658528991:  Hold'em No Limit ($0.02/$0.05) - 2018/04/25 22:58:45 CCT [2018/04/25 10:58:45 ET]
Table 'Donati' 6-max Seat #1 is the button
Seat 1: Reg1N55 ($8.85 in chips) 
Seat 2: drk55 ($14 in chips) 
Seat 3: marrchelo_ ($7 in chips) 
Seat 4: FlopIsPrfect ($14.34 in chips) 
Seat 5: HubertusB ($6.32 in chips) 
Seat 6: Kirikulu ($5 in chips) 
drk55: posts small blind $0.02
marrchelo_: posts big blind $0.05
*** HOLE CARDS ***
Dealt to HubertusB [4s 6d]
FlopIsPrfect: folds 
HubertusB: folds 
Kirikulu: raises $0.08 to $0.13
Reg1N55: folds 
drk55: raises $0.35 to $0.48
marrchelo_: calls $0.43
Kirikulu: calls $0.35
*** FLOP *** [Th 9s 2h]
drk55: checks 
marrchelo_: bets $0.92
Kirikulu: calls $0.92
drk55: folds 
*** TURN *** [Th 9s 2h] [2s]
marrchelo_: bets $1.15
Kirikulu: raises $2.45 to $3.60 and is all-in
marrchelo_: calls $2.45
*** RIVER *** [Th 9s 2h 2s] [Kh]
*** SHOW DOWN ***
marrchelo_: shows [2d Ac] (three of a kind, Deuces)
Kirikulu: shows [Jh 9h] (a flush, King high)
Kirikulu collected $10.05 from pot
*** SUMMARY ***
Total pot $10.48 | Rake $0.43 
Board [Th 9s 2h 2s Kh]
Seat 1: Reg1N55 (button) folded before Flop (didn't bet)
Seat 2: drk55 (small blind) folded on the Flop
Seat 3: marrchelo_ (big blind) showed [2d Ac] and lost with three of a kind, Deuces
Seat 4: FlopIsPrfect folded before Flop (didn't bet)
Seat 5: HubertusB folded before Flop (didn't bet)
Seat 6: Kirikulu showed [Jh 9h] and won ($10.05) with a flush, King high



PokerStars Zoom Hand #185658549490:  Hold'em No Limit ($0.02/$0.05) - 2018/04/25 22:59:29 CCT [2018/04/25 10:59:29 ET]
Table 'Donati' 6-max Seat #1 is the button
Seat 1: thePauliuss ($5.13 in chips) 
Seat 2: yat1129 ($10.81 in chips) 
Seat 3: Aurum9999 ($4.50 in chips) 
Seat 4: HubertusB ($6.32 in chips) 
Seat 5: Constantia ($12.65 in chips) 
Seat 6: VICK_C2 ($11.28 in chips) 
yat1129: posts small blind $0.02
Aurum9999: posts big blind $0.05
*** HOLE CARDS ***
Dealt to HubertusB [Kd Jc]
HubertusB: raises $0.05 to $0.10
Constantia: calls $0.10
VICK_C2: folds 
thePauliuss: folds 
yat1129: folds 
Aurum9999: folds 
*** FLOP *** [Ad Jd Jh]
HubertusB: checks 
Constantia: bets $0.15
HubertusB: raises $0.20 to $0.35
Constantia: calls $0.20
*** TURN *** [Ad Jd Jh] [8s]
HubertusB: bets $0.68
Constantia: calls $0.68
*** RIVER *** [Ad Jd Jh 8s] [3s]
HubertusB: bets $1.70
Constantia: folds 
Uncalled bet ($1.70) returned to HubertusB
HubertusB collected $2.23 from pot
HubertusB: doesn't show hand 
*** SUMMARY ***
Total pot $2.33 | Rake $0.10 
Board [Ad Jd Jh 8s 3s]
Seat 1: thePauliuss (button) folded before Flop (didn't bet)
Seat 2: yat1129 (small blind) folded before Flop
Seat 3: Aurum9999 (big blind) folded before Flop
Seat 4: HubertusB collected ($2.23)
Seat 5: Constantia folded on the River
Seat 6: VICK_C2 folded before Flop (didn't bet)



PokerStars Zoom Hand #185658581531:  Hold'em No Limit ($0.02/$0.05) - 2018/04/25 23:00:36 CCT [2018/04/25 11:00:36 ET]
Table 'Donati' 6-max Seat #1 is the button
Seat 1: HubertusB ($7.42 in chips) 
Seat 2: Daylor570 ($7.27 in chips) 
Seat 3: Alex316316 ($5.07 in chips) 
Seat 4: MawwtY ($5.07 in chips) 
Seat 5: steven_stans ($10.71 in chips) 
Seat 6: limity ($8.18 in chips) 
Daylor570: posts small blind $0.02
Alex316316: posts big blind $0.05
*** HOLE CARDS ***
Dealt to HubertusB [Th Qs]
MawwtY: folds 
steven_stans: folds 
limity: folds 
HubertusB: folds 
Daylor570: folds 
Uncalled bet ($0.03) returned to Alex316316
Alex316316 collected $0.04 from pot
Alex316316: doesn't show hand 
*** SUMMARY ***
Total pot $0.04 | Rake $0 
Seat 1: HubertusB (button) folded before Flop (didn't bet)
Seat 2: Daylor570 (small blind) folded before Flop
Seat 3: Alex316316 (big blind) collected ($0.04)
Seat 4: MawwtY folded before Flop (didn't bet)
Seat 5: steven_stans folded before Flop (didn't bet)
Seat 6: limity folded before Flop (didn't bet)



PokerStars Zoom Hand #185658587477:  Hold'em No Limit ($0.02/$0.05) - 2018/04/25 23:00:48 CCT [2018/04/25 11:00:48 ET]
Table 'Donati' 6-max Seat #1 is the button
Seat 1: MawwtY ($5 in chips) 
Seat 2: farzanda140 ($1.65 in chips) 
Seat 3: HubertusB ($7.42 in chips) 
Seat 4: chirva007 ($5.30 in chips) 
Seat 5: Tn 939 ($5.41 in chips) 
Seat 6: SchaKKalDD ($5 in chips) 
farzanda140: posts small blind $0.02
HubertusB: posts big blind $0.05
*** HOLE CARDS ***
Dealt to HubertusB [Kh 6d]
chirva007: folds 
Tn 939: folds 
SchaKKalDD: raises $0.10 to $0.15
MawwtY: folds 
farzanda140: folds 
HubertusB: folds 
Uncalled bet ($0.10) returned to SchaKKalDD
SchaKKalDD collected $0.12 from pot
SchaKKalDD: doesn't show hand 
*** SUMMARY ***
Total pot $0.12 | Rake $0 
Seat 1: MawwtY (button) folded before Flop (didn't bet)
Seat 2: farzanda140 (small blind) folded before Flop
Seat 3: HubertusB (big blind) folded before Flop
Seat 4: chirva007 folded before Flop (didn't bet)
Seat 5: Tn 939 folded before Flop (didn't bet)
Seat 6: SchaKKalDD collected ($0.12)



