PokerStars Hand #174037499507:  Hold'em No Limit ($0.05/$0.10) - 2017/08/08 0:19:53 CCT [2017/08/07 12:19:53 ET]
Table 'Aludra' 6-max Seat #1 is the button
Seat 1: x_Tackle_x ($10 in chips) 
Seat 2: HubertusB ($9.90 in chips) 
Seat 3: VitAAliKK ($11.71 in chips) 
Seat 4: Arcaniya ($11.33 in chips) 
Seat 5: Boterbloem ($5.08 in chips) 
Seat 6: mioayu ($21.40 in chips) 
HubertusB: posts small blind $0.05
VitAAliKK: posts big blind $0.10
*** HOLE CARDS ***
Dealt to HubertusB [Kh Qs]
Arcaniya: folds 
Boterbloem: folds 
mioayu: folds 
x_Tackle_x: folds 
HubertusB: raises $0.20 to $0.30
VitAAliKK: folds 
Uncalled bet ($0.20) returned to HubertusB
HubertusB collected $0.20 from pot
HubertusB: doesn't show hand 
*** SUMMARY ***
Total pot $0.20 | Rake $0 
Seat 1: x_Tackle_x (button) folded before Flop (didn't bet)
Seat 2: HubertusB (small blind) collected ($0.20)
Seat 3: VitAAliKK (big blind) folded before Flop
Seat 4: Arcaniya folded before Flop (didn't bet)
Seat 5: Boterbloem folded before Flop (didn't bet)
Seat 6: mioayu folded before Flop (didn't bet)



PokerStars Hand #174037621135:  Hold'em No Limit ($0.05/$0.10) - 2017/08/08 0:23:09 CCT [2017/08/07 12:23:09 ET]
Table 'Aludra' 6-max Seat #1 is the button
Seat 1: vlad oleynik ($18.77 in chips) 
Seat 2: HubertusB ($7.97 in chips) 
Seat 3: starkmage ($10.79 in chips) 
Seat 4: KnME ($17.07 in chips) 
Seat 5: -Z3RO_DAY- ($15.22 in chips) 
Seat 6: Gostina ($11.01 in chips) 
HubertusB: posts small blind $0.05
starkmage: posts big blind $0.10
*** HOLE CARDS ***
Dealt to HubertusB [8c Ac]
KnME: folds 
-Z3RO_DAY-: folds 
Gostina: folds 
vlad oleynik: raises $0.10 to $0.20
HubertusB: calls $0.15
starkmage: folds 
*** FLOP *** [As 5c 5s]
HubertusB: checks 
vlad oleynik: bets $0.20
HubertusB: calls $0.20
*** TURN *** [As 5c 5s] [9h]
HubertusB: checks 
vlad oleynik: bets $0.80
HubertusB: calls $0.80
*** RIVER *** [As 5c 5s 9h] [Kd]
HubertusB: checks 
vlad oleynik: bets $2.30
HubertusB: calls $2.30
*** SHOW DOWN ***
vlad oleynik: shows [5d Ad] (a full house, Fives full of Aces)
HubertusB: mucks hand 
vlad oleynik collected $6.78 from pot
*** SUMMARY ***
Total pot $7.10 | Rake $0.32 
Board [As 5c 5s 9h Kd]
Seat 1: vlad oleynik (button) showed [5d Ad] and won ($6.78) with a full house, Fives full of Aces
Seat 2: HubertusB (small blind) mucked [8c Ac]
Seat 3: starkmage (big blind) folded before Flop
Seat 4: KnME folded before Flop (didn't bet)
Seat 5: -Z3RO_DAY- folded before Flop (didn't bet)
Seat 6: Gostina folded before Flop (didn't bet)



PokerStars Hand #174037679581:  Hold'em No Limit ($0.05/$0.10) - 2017/08/08 0:24:43 CCT [2017/08/07 12:24:43 ET]
Table 'Aludra' 6-max Seat #1 is the button
Seat 1: invincy ($10 in chips) 
Seat 2: HubertusB ($4.52 in chips) 
Seat 3: ubituibiego ($14.37 in chips) 
Seat 4: x!Pasby!x ($23.70 in chips) 
Seat 5: LoempeBoempa ($14.09 in chips) 
Seat 6: Komdol ($12.60 in chips) 
HubertusB: posts small blind $0.05
ubituibiego: posts big blind $0.10
*** HOLE CARDS ***
Dealt to HubertusB [3s 3c]
x!Pasby!x: folds 
LoempeBoempa: folds 
Komdol: raises $0.15 to $0.25
invincy: folds 
HubertusB: calls $0.20
ubituibiego: folds 
*** FLOP *** [2h 6d 4s]
HubertusB: checks 
Komdol: checks 
*** TURN *** [2h 6d 4s] [As]
HubertusB: bets $0.40
Komdol: folds 
Uncalled bet ($0.40) returned to HubertusB
HubertusB collected $0.57 from pot
HubertusB: doesn't show hand 
*** SUMMARY ***
Total pot $0.60 | Rake $0.03 
Board [2h 6d 4s As]
Seat 1: invincy (button) folded before Flop (didn't bet)
Seat 2: HubertusB (small blind) collected ($0.57)
Seat 3: ubituibiego (big blind) folded before Flop
Seat 4: x!Pasby!x folded before Flop (didn't bet)
Seat 5: LoempeBoempa folded before Flop (didn't bet)
Seat 6: Komdol folded on the Turn



PokerStars Hand #174037919717:  Hold'em No Limit ($0.05/$0.10) - 2017/08/08 0:31:08 CCT [2017/08/07 12:31:08 ET]
Table 'Aludra' 6-max Seat #1 is the button
Seat 1: andykai ($10 in chips) 
Seat 2: HubertusB ($16.61 in chips) 
Seat 3: kefaln ($13.12 in chips) 
Seat 4: PokerShame ($17.03 in chips) 
Seat 5: šimunada ($13.50 in chips) 
Seat 6: Big-Ulli1958 ($13.04 in chips) 
HubertusB: posts small blind $0.05
kefaln: posts big blind $0.10
*** HOLE CARDS ***
Dealt to HubertusB [6d 7d]
PokerShame: folds 
šimunada: folds 
Big-Ulli1958: folds 
andykai: raises $0.15 to $0.25
HubertusB: raises $0.55 to $0.80
kefaln: folds 
andykai: folds 
Uncalled bet ($0.55) returned to HubertusB
HubertusB collected $0.60 from pot
HubertusB: doesn't show hand 
*** SUMMARY ***
Total pot $0.60 | Rake $0 
Seat 1: andykai (button) folded before Flop
Seat 2: HubertusB (small blind) collected ($0.60)
Seat 3: kefaln (big blind) folded before Flop
Seat 4: PokerShame folded before Flop (didn't bet)
Seat 5: šimunada folded before Flop (didn't bet)
Seat 6: Big-Ulli1958 folded before Flop (didn't bet)



PokerStars Hand #174038027900:  Hold'em No Limit ($0.05/$0.10) - 2017/08/08 0:33:59 CCT [2017/08/07 12:33:59 ET]
Table 'Aludra' 6-max Seat #1 is the button
Seat 1: Andriyko1982 ($10.08 in chips) 
Seat 2: HubertusB ($10.97 in chips) 
Seat 3: JohnStrannik ($10 in chips) 
Seat 4: Blom21 ($14.35 in chips) 
Seat 5: Gostina ($9.85 in chips) 
Seat 6: Arcaniya ($10.25 in chips) 
HubertusB: posts small blind $0.05
JohnStrannik: posts big blind $0.10
*** HOLE CARDS ***
Dealt to HubertusB [9h Jd]
Blom21: folds 
Gostina: folds 
Arcaniya: folds 
Andriyko1982: raises $0.10 to $0.20
HubertusB: calls $0.15
JohnStrannik: raises $0.70 to $0.90
Andriyko1982: folds 
HubertusB: folds 
Uncalled bet ($0.70) returned to JohnStrannik
JohnStrannik collected $0.60 from pot
JohnStrannik: doesn't show hand 
*** SUMMARY ***
Total pot $0.60 | Rake $0 
Seat 1: Andriyko1982 (button) folded before Flop
Seat 2: HubertusB (small blind) folded before Flop
Seat 3: JohnStrannik (big blind) collected ($0.60)
Seat 4: Blom21 folded before Flop (didn't bet)
Seat 5: Gostina folded before Flop (didn't bet)
Seat 6: Arcaniya folded before Flop (didn't bet)



PokerStars Hand #174038196103:  Hold'em No Limit ($0.05/$0.10) - 2017/08/08 0:38:21 CCT [2017/08/07 12:38:21 ET]
Table 'Aludra' 6-max Seat #1 is the button
Seat 1: grimage2 ($10 in chips) 
Seat 2: HubertusB ($8.40 in chips) 
Seat 3: sunday261 ($34.20 in chips) 
Seat 4: lidgatedave ($15.13 in chips) 
Seat 5: MATH CULTURE ($16 in chips) 
Seat 6: Badesalz ($5.68 in chips) 
HubertusB: posts small blind $0.05
sunday261: posts big blind $0.10
*** HOLE CARDS ***
Dealt to HubertusB [Qd 8d]
lidgatedave: folds 
MATH CULTURE: folds 
Badesalz: folds 
grimage2: raises $0.20 to $0.30
HubertusB: raises $0.70 to $1
sunday261: folds 
grimage2: folds 
Uncalled bet ($0.70) returned to HubertusB
HubertusB collected $0.70 from pot
HubertusB: doesn't show hand 
*** SUMMARY ***
Total pot $0.70 | Rake $0 
Seat 1: grimage2 (button) folded before Flop
Seat 2: HubertusB (small blind) collected ($0.70)
Seat 3: sunday261 (big blind) folded before Flop
Seat 4: lidgatedave folded before Flop (didn't bet)
Seat 5: MATH CULTURE folded before Flop (didn't bet)
Seat 6: Badesalz folded before Flop (didn't bet)



PokerStars Hand #174038528540:  Hold'em No Limit ($0.05/$0.10) - 2017/08/08 0:46:46 CCT [2017/08/07 12:46:46 ET]
Table 'Aludra' 6-max Seat #1 is the button
Seat 1: hungaro74 ($17.40 in chips) 
Seat 2: HubertusB ($6.25 in chips) 
Seat 3: MATH CULTURE ($18.01 in chips) 
Seat 4: NO_PASARAN_2 ($9.63 in chips) 
Seat 5: djdzy65 ($10.47 in chips) 
Seat 6: lenya_stein ($10 in chips) 
HubertusB: posts small blind $0.05
MATH CULTURE: posts big blind $0.10
*** HOLE CARDS ***
Dealt to HubertusB [Qc As]
NO_PASARAN_2: folds 
djdzy65: folds 
lenya_stein: folds 
hungaro74: folds 
HubertusB: raises $0.20 to $0.30
MATH CULTURE: folds 
Uncalled bet ($0.20) returned to HubertusB
HubertusB collected $0.20 from pot
HubertusB: doesn't show hand 
*** SUMMARY ***
Total pot $0.20 | Rake $0 
Seat 1: hungaro74 (button) folded before Flop (didn't bet)
Seat 2: HubertusB (small blind) collected ($0.20)
Seat 3: MATH CULTURE (big blind) folded before Flop
Seat 4: NO_PASARAN_2 folded before Flop (didn't bet)
Seat 5: djdzy65 folded before Flop (didn't bet)
Seat 6: lenya_stein folded before Flop (didn't bet)



PokerStars Hand #174038863021:  Hold'em No Limit ($0.05/$0.10) - 2017/08/08 0:55:24 CCT [2017/08/07 12:55:24 ET]
Table 'Aludra' 6-max Seat #1 is the button
Seat 1: accaugl ($11.19 in chips) 
Seat 2: HubertusB ($13.55 in chips) 
Seat 3: Armani4200 ($10.35 in chips) 
Seat 4: ArchKon ($10.20 in chips) 
Seat 5: Makkekoo ($10.50 in chips) 
Seat 6: grimage2 ($15.37 in chips) 
HubertusB: posts small blind $0.05
Armani4200: posts big blind $0.10
*** HOLE CARDS ***
Dealt to HubertusB [Th Ah]
ArchKon: folds 
Makkekoo: folds 
grimage2: folds 
accaugl: folds 
HubertusB: raises $0.20 to $0.30
Armani4200: folds 
Uncalled bet ($0.20) returned to HubertusB
HubertusB collected $0.20 from pot
HubertusB: doesn't show hand 
*** SUMMARY ***
Total pot $0.20 | Rake $0 
Seat 1: accaugl (button) folded before Flop (didn't bet)
Seat 2: HubertusB (small blind) collected ($0.20)
Seat 3: Armani4200 (big blind) folded before Flop
Seat 4: ArchKon folded before Flop (didn't bet)
Seat 5: Makkekoo folded before Flop (didn't bet)
Seat 6: grimage2 folded before Flop (didn't bet)



