PokerStars Zoom Hand #175929666574:  Hold'em No Limit ($0.05/$0.10) - 2017/09/21 21:52:42 CCT [2017/09/21 9:52:42 ET]
Table 'Aludra' 6-max Seat #1 is the button
Seat 1: Kolben611 ($12.60 in chips) 
Seat 2: kotpigav ($9.85 in chips) 
Seat 3: HubertusB ($10 in chips) 
Seat 4: JulRas ($11.98 in chips) 
Seat 5: Acc0-swe ($10 in chips) 
Seat 6: sl1n555 ($17.70 in chips) 
kotpigav: posts small blind $0.05
HubertusB: posts big blind $0.10
*** HOLE CARDS ***
Dealt to HubertusB [3d 8c]
JulRas: folds 
Acc0-swe: folds 
sl1n555: folds 
Kolben611: folds 
kotpigav: folds 
Uncalled bet ($0.05) returned to HubertusB
HubertusB collected $0.10 from pot
HubertusB: doesn't show hand 
*** SUMMARY ***
Total pot $0.10 | Rake $0 
Seat 1: Kolben611 (button) folded before Flop (didn't bet)
Seat 2: kotpigav (small blind) folded before Flop
Seat 3: HubertusB (big blind) collected ($0.10)
Seat 4: JulRas folded before Flop (didn't bet)
Seat 5: Acc0-swe folded before Flop (didn't bet)
Seat 6: sl1n555 folded before Flop (didn't bet)



PokerStars Zoom Hand #175929671522:  Hold'em No Limit ($0.05/$0.10) - 2017/09/21 21:52:52 CCT [2017/09/21 9:52:52 ET]
Table 'Aludra' 6-max Seat #1 is the button
Seat 1: Dasha_1989 ($10 in chips) 
Seat 2: rastayes420 ($13.37 in chips) 
Seat 3: Limbo777 ($12.66 in chips) 
Seat 4: prata2008 ($22.80 in chips) 
Seat 5: W1zard2008 ($12.02 in chips) 
Seat 6: HubertusB ($10.05 in chips) 
rastayes420: posts small blind $0.05
Limbo777: posts big blind $0.10
*** HOLE CARDS ***
Dealt to HubertusB [Ks 5c]
prata2008: folds 
W1zard2008: folds 
HubertusB has timed out
HubertusB: folds 
Dasha_1989: raises $0.15 to $0.25
rastayes420: folds 
Limbo777: calls $0.15
*** FLOP *** [3s Qh 8d]
Limbo777: checks 
Dasha_1989: checks 
*** TURN *** [3s Qh 8d] [7c]
Limbo777: checks 
Dasha_1989: checks 
*** RIVER *** [3s Qh 8d 7c] [Jh]
Limbo777: bets $0.35
Dasha_1989: folds 
Uncalled bet ($0.35) returned to Limbo777
Limbo777 collected $0.53 from pot
Limbo777: doesn't show hand 
*** SUMMARY ***
Total pot $0.55 | Rake $0.02 
Board [3s Qh 8d 7c Jh]
Seat 1: Dasha_1989 (button) folded on the River
Seat 2: rastayes420 (small blind) folded before Flop
Seat 3: Limbo777 (big blind) collected ($0.53)
Seat 4: prata2008 folded before Flop (didn't bet)
Seat 5: W1zard2008 folded before Flop (didn't bet)
Seat 6: HubertusB folded before Flop (didn't bet)



PokerStars Zoom Hand #175929684679:  Hold'em No Limit ($0.05/$0.10) - 2017/09/21 21:53:18 CCT [2017/09/21 9:53:18 ET]
Table 'Aludra' 6-max Seat #1 is the button
Seat 1: pingWINaLLin ($10 in chips) 
Seat 2: HubertusB ($10.05 in chips) 
Seat 3: egamaa ($10 in chips) 
Seat 4: kotpigav ($9.70 in chips) 
Seat 5: zainaz ($10 in chips) 
Seat 6: kleidl1978 ($13.16 in chips) 
HubertusB: posts small blind $0.05
egamaa: posts big blind $0.10
*** HOLE CARDS ***
Dealt to HubertusB [Ks Kd]
kotpigav: folds 
zainaz: raises $0.20 to $0.30
kleidl1978: folds 
pingWINaLLin: folds 
HubertusB: raises $0.65 to $0.95
egamaa has timed out while disconnected
egamaa: folds 
zainaz: calls $0.65
*** FLOP *** [7d Ts Td]
HubertusB: bets $1.39
zainaz: calls $1.39
*** TURN *** [7d Ts Td] [As]
HubertusB: checks 
zainaz: checks 
*** RIVER *** [7d Ts Td As] [Jd]
HubertusB: checks 
zainaz: bets $3.40
HubertusB: folds 
Uncalled bet ($3.40) returned to zainaz
zainaz collected $4.56 from pot
zainaz: doesn't show hand 
*** SUMMARY ***
Total pot $4.78 | Rake $0.22 
Board [7d Ts Td As Jd]
Seat 1: pingWINaLLin (button) folded before Flop (didn't bet)
Seat 2: HubertusB (small blind) folded on the River
Seat 3: egamaa (big blind) folded before Flop
Seat 4: kotpigav folded before Flop (didn't bet)
Seat 5: zainaz collected ($4.56)
Seat 6: kleidl1978 folded before Flop (didn't bet)



PokerStars Zoom Hand #175929770220:  Hold'em No Limit ($0.05/$0.10) - 2017/09/21 21:56:15 CCT [2017/09/21 9:56:15 ET]
Table 'Aludra' 6-max Seat #1 is the button
Seat 1: Limbo777 ($18.42 in chips) 
Seat 2: Acc0-swe ($10.32 in chips) 
Seat 3: HubertusB ($7.71 in chips) 
Seat 4: Char0n84 ($1.29 in chips) 
Seat 5: prata2008 ($22.55 in chips) 
Seat 6: Dasha_1989 ($10.25 in chips) 
Acc0-swe: posts small blind $0.05
HubertusB: posts big blind $0.10
*** HOLE CARDS ***
Dealt to HubertusB [8s 6s]
Char0n84: folds 
prata2008: folds 
Dasha_1989: folds 
Limbo777: folds 
Acc0-swe: folds 
Uncalled bet ($0.05) returned to HubertusB
HubertusB collected $0.10 from pot
HubertusB: doesn't show hand 
*** SUMMARY ***
Total pot $0.10 | Rake $0 
Seat 1: Limbo777 (button) folded before Flop (didn't bet)
Seat 2: Acc0-swe (small blind) folded before Flop
Seat 3: HubertusB (big blind) collected ($0.10)
Seat 4: Char0n84 folded before Flop (didn't bet)
Seat 5: prata2008 folded before Flop (didn't bet)
Seat 6: Dasha_1989 folded before Flop (didn't bet)



PokerStars Zoom Hand #175929768033:  Hold'em No Limit ($0.05/$0.10) - 2017/09/21 21:56:10 CCT [2017/09/21 9:56:10 ET]
Table 'Aludra' 6-max Seat #1 is the button
Seat 1: HubertusB ($7.71 in chips) 
Seat 2: -=l Grek l=- ($42.83 in chips) 
Seat 3: J.A. Thelot ($15.56 in chips) 
Seat 4: focxovi ($10.49 in chips) 
Seat 5: v1lo4ka ($13.79 in chips) 
Seat 6: Unfortunater ($9.48 in chips) 
-=l Grek l=-: posts small blind $0.05
J.A. Thelot: posts big blind $0.10
*** HOLE CARDS ***
Dealt to HubertusB [Ts 8h]
focxovi: folds 
v1lo4ka: folds 
Unfortunater: folds 
HubertusB: folds 
-=l Grek l=-: raises $0.15 to $0.25
J.A. Thelot: calls $0.15
*** FLOP *** [4d 4h 3h]
-=l Grek l=-: bets $0.24
J.A. Thelot: raises $0.76 to $1
-=l Grek l=-: folds 
Uncalled bet ($0.76) returned to J.A. Thelot
J.A. Thelot collected $0.94 from pot
J.A. Thelot: doesn't show hand 
*** SUMMARY ***
Total pot $0.98 | Rake $0.04 
Board [4d 4h 3h]
Seat 1: HubertusB (button) folded before Flop (didn't bet)
Seat 2: -=l Grek l=- (small blind) folded on the Flop
Seat 3: J.A. Thelot (big blind) collected ($0.94)
Seat 4: focxovi folded before Flop (didn't bet)
Seat 5: v1lo4ka folded before Flop (didn't bet)
Seat 6: Unfortunater folded before Flop (didn't bet)



PokerStars Zoom Hand #175929775524:  Hold'em No Limit ($0.05/$0.10) - 2017/09/21 21:56:27 CCT [2017/09/21 9:56:27 ET]
Table 'Aludra' 6-max Seat #1 is the button
Seat 1: IllestFlu ($5.68 in chips) 
Seat 2: HubertusB ($7.76 in chips) 
Seat 3: focxovi ($10.44 in chips) 
Seat 4: Riverluckyem ($10.92 in chips) 
Seat 5: dosaken2268 ($9.85 in chips) 
Seat 6: babloboy ($10.10 in chips) 
HubertusB: posts small blind $0.05
focxovi: posts big blind $0.10
*** HOLE CARDS ***
Dealt to HubertusB [2h 3c]
Riverluckyem: raises $0.20 to $0.30
dosaken2268: folds 
babloboy: folds 
IllestFlu: calls $0.30
HubertusB: folds 
focxovi: folds 
*** FLOP *** [4d Jc 7c]
Riverluckyem: checks 
IllestFlu: bets $0.43
Riverluckyem: folds 
Uncalled bet ($0.43) returned to IllestFlu
IllestFlu collected $0.72 from pot
IllestFlu: doesn't show hand 
*** SUMMARY ***
Total pot $0.75 | Rake $0.03 
Board [4d Jc 7c]
Seat 1: IllestFlu (button) collected ($0.72)
Seat 2: HubertusB (small blind) folded before Flop
Seat 3: focxovi (big blind) folded before Flop
Seat 4: Riverluckyem folded on the Flop
Seat 5: dosaken2268 folded before Flop (didn't bet)
Seat 6: babloboy folded before Flop (didn't bet)



PokerStars Zoom Hand #175929781690:  Hold'em No Limit ($0.05/$0.10) - 2017/09/21 21:56:41 CCT [2017/09/21 9:56:41 ET]
Table 'Aludra' 6-max Seat #1 is the button
Seat 1: Dr.Erguen ($9.90 in chips) 
Seat 2: pekarinu7203 ($15.17 in chips) 
Seat 3: macika-81 ($9.30 in chips) 
Seat 4: Burovoytov ($10 in chips) 
Seat 5: HubertusB ($7.71 in chips) 
Seat 6: betterray ($16.78 in chips) 
pekarinu7203: posts small blind $0.05
macika-81: posts big blind $0.10
*** HOLE CARDS ***
Dealt to HubertusB [Kh 7d]
Burovoytov: folds 
HubertusB: folds 
betterray: folds 
Dr.Erguen: folds 
pekarinu7203: folds 
Uncalled bet ($0.05) returned to macika-81
macika-81 collected $0.10 from pot
macika-81: doesn't show hand 
*** SUMMARY ***
Total pot $0.10 | Rake $0 
Seat 1: Dr.Erguen (button) folded before Flop (didn't bet)
Seat 2: pekarinu7203 (small blind) folded before Flop
Seat 3: macika-81 (big blind) collected ($0.10)
Seat 4: Burovoytov folded before Flop (didn't bet)
Seat 5: HubertusB folded before Flop (didn't bet)
Seat 6: betterray folded before Flop (didn't bet)



PokerStars Zoom Hand #175929778147:  Hold'em No Limit ($0.05/$0.10) - 2017/09/21 21:56:33 CCT [2017/09/21 9:56:33 ET]
Table 'Aludra' 6-max Seat #1 is the button
Seat 1: Omicron333 ($32.78 in chips) 
Seat 2: kleidl1978 ($10 in chips) 
Seat 3: adel651 ($8.47 in chips) 
Seat 4: kokostav ($18.11 in chips) 
Seat 5: kairòs ($10 in chips) 
Seat 6: HubertusB ($7.71 in chips) 
kleidl1978: posts small blind $0.05
adel651: posts big blind $0.10
*** HOLE CARDS ***
Dealt to HubertusB [5s 6s]
kokostav: raises $0.20 to $0.30
kairòs: folds 
HubertusB: folds 
Omicron333: folds 
kleidl1978: folds 
adel651: calls $0.20
*** FLOP *** [Jh 6d 8s]
adel651: bets $0.30
kokostav: folds 
Uncalled bet ($0.30) returned to adel651
adel651 collected $0.62 from pot
adel651: doesn't show hand 
*** SUMMARY ***
Total pot $0.65 | Rake $0.03 
Board [Jh 6d 8s]
Seat 1: Omicron333 (button) folded before Flop (didn't bet)
Seat 2: kleidl1978 (small blind) folded before Flop
Seat 3: adel651 (big blind) collected ($0.62)
Seat 4: kokostav folded on the Flop
Seat 5: kairòs folded before Flop (didn't bet)
Seat 6: HubertusB folded before Flop (didn't bet)



PokerStars Zoom Hand #175929783845:  Hold'em No Limit ($0.05/$0.10) - 2017/09/21 21:56:46 CCT [2017/09/21 9:56:46 ET]
Table 'Aludra' 6-max Seat #1 is the button
Seat 1: HubertusB ($7.71 in chips) 
Seat 2: kicold ($9.90 in chips) 
Seat 3: Wieselich ($10.23 in chips) 
Seat 4: Dolzhnik ($10 in chips) 
Seat 5: oisterwijk1 ($19.24 in chips) 
Seat 6: lethal4646 ($14.50 in chips) 
kicold: posts small blind $0.05
Wieselich: posts big blind $0.10
*** HOLE CARDS ***
Dealt to HubertusB [2h 5c]
Dolzhnik: folds 
oisterwijk1: raises $0.20 to $0.30
lethal4646: calls $0.30
HubertusB: folds 
kicold: folds 
Wieselich: folds 
*** FLOP *** [6s Th 9s]
oisterwijk1: bets $0.40
lethal4646: calls $0.40
*** TURN *** [6s Th 9s] [9c]
oisterwijk1: bets $0.70
lethal4646: calls $0.70
*** RIVER *** [6s Th 9s 9c] [4d]
oisterwijk1: checks 
lethal4646: bets $2
oisterwijk1: calls $2
*** SHOW DOWN ***
lethal4646: shows [3s As] (a pair of Nines)
oisterwijk1: shows [Jc Td] (two pair, Tens and Nines)
oisterwijk1 collected $6.64 from pot
*** SUMMARY ***
Total pot $6.95 | Rake $0.31 
Board [6s Th 9s 9c 4d]
Seat 1: HubertusB (button) folded before Flop (didn't bet)
Seat 2: kicold (small blind) folded before Flop
Seat 3: Wieselich (big blind) folded before Flop
Seat 4: Dolzhnik folded before Flop (didn't bet)
Seat 5: oisterwijk1 showed [Jc Td] and won ($6.64) with two pair, Tens and Nines
Seat 6: lethal4646 showed [3s As] and lost with a pair of Nines



PokerStars Zoom Hand #175929786089:  Hold'em No Limit ($0.05/$0.10) - 2017/09/21 21:56:51 CCT [2017/09/21 9:56:51 ET]
Table 'Aludra' 6-max Seat #1 is the button
Seat 1: lolwat777 ($9.93 in chips) 
Seat 2: Guspichkata ($10 in chips) 
Seat 3: HubertusB ($7.71 in chips) 
Seat 4: ilo7891 ($13.98 in chips) 
Seat 5: JhonnyShu ($15.20 in chips) 
Seat 6: kairòs ($12.08 in chips) 
Guspichkata: posts small blind $0.05
HubertusB: posts big blind $0.10
*** HOLE CARDS ***
Dealt to HubertusB [7h Td]
ilo7891: folds 
JhonnyShu: folds 
kairòs: raises $0.14 to $0.24
lolwat777: folds 
Guspichkata: folds 
HubertusB has timed out
HubertusB: folds 
Uncalled bet ($0.14) returned to kairòs
kairòs collected $0.25 from pot
kairòs: doesn't show hand 
*** SUMMARY ***
Total pot $0.25 | Rake $0 
Seat 1: lolwat777 (button) folded before Flop (didn't bet)
Seat 2: Guspichkata (small blind) folded before Flop
Seat 3: HubertusB (big blind) folded before Flop
Seat 4: ilo7891 folded before Flop (didn't bet)
Seat 5: JhonnyShu folded before Flop (didn't bet)
Seat 6: kairòs collected ($0.25)



PokerStars Zoom Hand #175929828593:  Hold'em No Limit ($0.05/$0.10) - 2017/09/21 21:58:27 CCT [2017/09/21 9:58:27 ET]
Table 'Aludra' 6-max Seat #1 is the button
Seat 1: KnobKerrie ($49.03 in chips) 
Seat 2: HubertusB ($7.61 in chips) 
Seat 3: fishkaQQ ($7.80 in chips) 
Seat 4: adel651 ($14.78 in chips) 
Seat 5: -=l Grek l=- ($22.24 in chips) 
Seat 6: crushwa ($8.83 in chips) 
HubertusB: posts small blind $0.05
fishkaQQ: posts big blind $0.10
*** HOLE CARDS ***
Dealt to HubertusB [Qc 6h]
adel651: folds 
-=l Grek l=-: folds 
crushwa: folds 
KnobKerrie: folds 
HubertusB: folds 
Uncalled bet ($0.05) returned to fishkaQQ
fishkaQQ collected $0.10 from pot
fishkaQQ: doesn't show hand 
*** SUMMARY ***
Total pot $0.10 | Rake $0 
Seat 1: KnobKerrie (button) folded before Flop (didn't bet)
Seat 2: HubertusB (small blind) folded before Flop
Seat 3: fishkaQQ (big blind) collected ($0.10)
Seat 4: adel651 folded before Flop (didn't bet)
Seat 5: -=l Grek l=- folded before Flop (didn't bet)
Seat 6: crushwa folded before Flop (didn't bet)



PokerStars Zoom Hand #175929825883:  Hold'em No Limit ($0.05/$0.10) - 2017/09/21 21:58:21 CCT [2017/09/21 9:58:21 ET]
Table 'Aludra' 6-max Seat #1 is the button
Seat 1: uschis04 ($4.16 in chips) 
Seat 2: karl23karl ($18.16 in chips) 
Seat 3: LEKSANDR82 ($10 in chips) 
Seat 4: Egh1k ($10 in chips) 
Seat 5: HubertusB ($7.61 in chips) 
Seat 6: IGROK101 ($11.11 in chips) 
karl23karl: posts small blind $0.05
LEKSANDR82: posts big blind $0.10
*** HOLE CARDS ***
Dealt to HubertusB [2s Jd]
Egh1k: folds 
HubertusB: folds 
IGROK101: folds 
uschis04: calls $0.10
karl23karl: folds 
LEKSANDR82: checks 
*** FLOP *** [2h 5d 2c]
LEKSANDR82: checks 
uschis04: bets $0.10
LEKSANDR82: folds 
Uncalled bet ($0.10) returned to uschis04
uschis04 collected $0.24 from pot
uschis04: doesn't show hand 
*** SUMMARY ***
Total pot $0.25 | Rake $0.01 
Board [2h 5d 2c]
Seat 1: uschis04 (button) collected ($0.24)
Seat 2: karl23karl (small blind) folded before Flop
Seat 3: LEKSANDR82 (big blind) folded on the Flop
Seat 4: Egh1k folded before Flop (didn't bet)
Seat 5: HubertusB folded before Flop (didn't bet)
Seat 6: IGROK101 folded before Flop (didn't bet)



PokerStars Zoom Hand #175929832963:  Hold'em No Limit ($0.05/$0.10) - 2017/09/21 21:58:37 CCT [2017/09/21 9:58:37 ET]
Table 'Aludra' 6-max Seat #1 is the button
Seat 1: da#1stunna6 ($16.51 in chips) 
Seat 2: Dostalud4 ($13.29 in chips) 
Seat 3: RodionLuzin ($3.40 in chips) 
Seat 4: HubertusB ($7.56 in chips) 
Seat 5: Bluecrust ($41.01 in chips) 
Seat 6: hceyms ($17.92 in chips) 
Dostalud4: posts small blind $0.05
RodionLuzin: posts big blind $0.10
*** HOLE CARDS ***
Dealt to HubertusB [4c 2s]
HubertusB: folds 
Bluecrust: folds 
hceyms: folds 
da#1stunna6: raises $0.10 to $0.20
Dostalud4: folds 
RodionLuzin: folds 
Uncalled bet ($0.10) returned to da#1stunna6
da#1stunna6 collected $0.25 from pot
da#1stunna6: doesn't show hand 
*** SUMMARY ***
Total pot $0.25 | Rake $0 
Seat 1: da#1stunna6 (button) collected ($0.25)
Seat 2: Dostalud4 (small blind) folded before Flop
Seat 3: RodionLuzin (big blind) folded before Flop
Seat 4: HubertusB folded before Flop (didn't bet)
Seat 5: Bluecrust folded before Flop (didn't bet)
Seat 6: hceyms folded before Flop (didn't bet)



PokerStars Zoom Hand #175929840580:  Hold'em No Limit ($0.05/$0.10) - 2017/09/21 21:58:54 CCT [2017/09/21 9:58:54 ET]
Table 'Aludra' 6-max Seat #1 is the button
Seat 1: HubertusB ($7.56 in chips) 
Seat 2: antinik1972 ($7.52 in chips) 
Seat 3: IGROK101 ($16.08 in chips) 
Seat 4: alodor ($10 in chips) 
Seat 5: oisterwijk1 ($22.33 in chips) 
Seat 6: Dostalud4 ($13.67 in chips) 
antinik1972: posts small blind $0.05
IGROK101: posts big blind $0.10
*** HOLE CARDS ***
Dealt to HubertusB [6s Qd]
alodor: folds 
oisterwijk1: folds 
Dostalud4: folds 
HubertusB: folds 
antinik1972: folds 
Uncalled bet ($0.05) returned to IGROK101
IGROK101 collected $0.10 from pot
IGROK101: doesn't show hand 
*** SUMMARY ***
Total pot $0.10 | Rake $0 
Seat 1: HubertusB (button) folded before Flop (didn't bet)
Seat 2: antinik1972 (small blind) folded before Flop
Seat 3: IGROK101 (big blind) collected ($0.10)
Seat 4: alodor folded before Flop (didn't bet)
Seat 5: oisterwijk1 folded before Flop (didn't bet)
Seat 6: Dostalud4 folded before Flop (didn't bet)



PokerStars Zoom Hand #175929837487:  Hold'em No Limit ($0.05/$0.10) - 2017/09/21 21:58:47 CCT [2017/09/21 9:58:47 ET]
Table 'Aludra' 6-max Seat #1 is the button
Seat 1: 10Horus ($10.03 in chips) 
Seat 2: Brin87 ($2.03 in chips) 
Seat 3: IQ Goldfish ($32.94 in chips) 
Seat 4: HubertusB ($7.56 in chips) 
Seat 5: MiddleLittle ($10 in chips) 
Seat 6: carlitosCapone ($10 in chips) 
Brin87: posts small blind $0.05
IQ Goldfish: posts big blind $0.10
*** HOLE CARDS ***
Dealt to HubertusB [6s 2s]
HubertusB: folds 
MiddleLittle: raises $0.15 to $0.25
carlitosCapone: folds 
10Horus: folds 
Brin87: folds 
IQ Goldfish: calls $0.15
*** FLOP *** [Jh 7c Kc]
IQ Goldfish: checks 
MiddleLittle: bets $0.20
IQ Goldfish: calls $0.20
*** TURN *** [Jh 7c Kc] [Ks]
IQ Goldfish: bets $0.60
MiddleLittle: folds 
Uncalled bet ($0.60) returned to IQ Goldfish
IQ Goldfish collected $0.91 from pot
IQ Goldfish: doesn't show hand 
*** SUMMARY ***
Total pot $0.95 | Rake $0.04 
Board [Jh 7c Kc Ks]
Seat 1: 10Horus (button) folded before Flop (didn't bet)
Seat 2: Brin87 (small blind) folded before Flop
Seat 3: IQ Goldfish (big blind) collected ($0.91)
Seat 4: HubertusB folded before Flop (didn't bet)
Seat 5: MiddleLittle folded on the Turn
Seat 6: carlitosCapone folded before Flop (didn't bet)



PokerStars Zoom Hand #175929850309:  Hold'em No Limit ($0.05/$0.10) - 2017/09/21 21:59:16 CCT [2017/09/21 9:59:16 ET]
Table 'Aludra' 6-max Seat #1 is the button
Seat 1: egamaa ($9.50 in chips) 
Seat 2: lordVoldi22 ($10.50 in chips) 
Seat 3: HubertusB ($7.56 in chips) 
Seat 4: jumpman0189 ($17.03 in chips) 
Seat 5: JhonnyShu ($15.57 in chips) 
Seat 6: Dasha_1989 ($10.10 in chips) 
lordVoldi22: posts small blind $0.05
HubertusB: posts big blind $0.10
*** HOLE CARDS ***
Dealt to HubertusB [3h 3s]
jumpman0189: folds 
JhonnyShu: folds 
Dasha_1989: folds 
egamaa: folds 
lordVoldi22: folds 
Uncalled bet ($0.05) returned to HubertusB
HubertusB collected $0.10 from pot
HubertusB: doesn't show hand 
*** SUMMARY ***
Total pot $0.10 | Rake $0 
Seat 1: egamaa (button) folded before Flop (didn't bet)
Seat 2: lordVoldi22 (small blind) folded before Flop
Seat 3: HubertusB (big blind) collected ($0.10)
Seat 4: jumpman0189 folded before Flop (didn't bet)
Seat 5: JhonnyShu folded before Flop (didn't bet)
Seat 6: Dasha_1989 folded before Flop (didn't bet)



PokerStars Zoom Hand #175929844555:  Hold'em No Limit ($0.05/$0.10) - 2017/09/21 21:59:03 CCT [2017/09/21 9:59:03 ET]
Table 'Aludra' 6-max Seat #1 is the button
Seat 1: shedboy96 ($10 in chips) 
Seat 2: Teusod95 ($9.77 in chips) 
Seat 3: uschis04 ($4.25 in chips) 
Seat 4: rom4ikderz ($14.04 in chips) 
Seat 5: lxMonopolyxl ($20.36 in chips) 
Seat 6: HubertusB ($7.56 in chips) 
Teusod95: posts small blind $0.05
uschis04: posts big blind $0.10
*** HOLE CARDS ***
Dealt to HubertusB [Kh 3s]
rom4ikderz: folds 
lxMonopolyxl: calls $0.10
HubertusB: folds 
shedboy96: folds 
Teusod95: raises $0.10 to $0.20
uschis04: calls $0.10
lxMonopolyxl: calls $0.10
*** FLOP *** [2h Th 5c]
Teusod95: checks 
uschis04: bets $0.10
lxMonopolyxl: folds 
Teusod95: calls $0.10
*** TURN *** [2h Th 5c] [6s]
Teusod95: checks 
uschis04: checks 
*** RIVER *** [2h Th 5c 6s] [4h]
Teusod95: checks 
uschis04: checks 
*** SHOW DOWN ***
Teusod95: shows [9h Qc] (high card Queen)
uschis04: shows [Kc 5h] (a pair of Fives)
uschis04 collected $0.76 from pot
*** SUMMARY ***
Total pot $0.80 | Rake $0.04 
Board [2h Th 5c 6s 4h]
Seat 1: shedboy96 (button) folded before Flop (didn't bet)
Seat 2: Teusod95 (small blind) showed [9h Qc] and lost with high card Queen
Seat 3: uschis04 (big blind) showed [Kc 5h] and won ($0.76) with a pair of Fives
Seat 4: rom4ikderz folded before Flop (didn't bet)
Seat 5: lxMonopolyxl folded on the Flop
Seat 6: HubertusB folded before Flop (didn't bet)



PokerStars Zoom Hand #175929857947:  Hold'em No Limit ($0.05/$0.10) - 2017/09/21 21:59:33 CCT [2017/09/21 9:59:33 ET]
Table 'Aludra' 6-max Seat #1 is the button
Seat 1: focxovi ($10.97 in chips) 
Seat 2: HubertusB ($7.61 in chips) 
Seat 3: xandrrro ($15.23 in chips) 
Seat 4: saymon696 ($7.35 in chips) 
Seat 5: Omicron333 ($10.73 in chips) 
Seat 6: Mediazzz ($10.15 in chips) 
HubertusB: posts small blind $0.05
xandrrro: posts big blind $0.10
*** HOLE CARDS ***
Dealt to HubertusB [3c 8d]
saymon696: folds 
Omicron333: folds 
Mediazzz: raises $0.20 to $0.30
focxovi: folds 
HubertusB: folds 
xandrrro: folds 
Uncalled bet ($0.20) returned to Mediazzz
Mediazzz collected $0.25 from pot
Mediazzz: doesn't show hand 
*** SUMMARY ***
Total pot $0.25 | Rake $0 
Seat 1: focxovi (button) folded before Flop (didn't bet)
Seat 2: HubertusB (small blind) folded before Flop
Seat 3: xandrrro (big blind) folded before Flop
Seat 4: saymon696 folded before Flop (didn't bet)
Seat 5: Omicron333 folded before Flop (didn't bet)
Seat 6: Mediazzz collected ($0.25)



PokerStars Zoom Hand #175929855692:  Hold'em No Limit ($0.05/$0.10) - 2017/09/21 21:59:28 CCT [2017/09/21 9:59:28 ET]
Table 'Aludra' 6-max Seat #1 is the button
Seat 1: FRANKLIN2378 ($9 in chips) 
Seat 2: bentheten26 ($11.20 in chips) 
Seat 3: lordVoldi22 ($10.50 in chips) 
Seat 4: knoblis14 ($10.48 in chips) 
Seat 5: HubertusB ($7.61 in chips) 
Seat 6: BradJ69 ($12.81 in chips) 
bentheten26: posts small blind $0.05
lordVoldi22: posts big blind $0.10
*** HOLE CARDS ***
Dealt to HubertusB [3s Js]
knoblis14: raises $0.20 to $0.30
HubertusB: folds 
BradJ69: calls $0.30
FRANKLIN2378: folds 
bentheten26: calls $0.25
lordVoldi22: folds 
*** FLOP *** [7s 3d 8c]
bentheten26: checks 
knoblis14: checks 
BradJ69: bets $0.48
bentheten26: folds 
knoblis14: folds 
Uncalled bet ($0.48) returned to BradJ69
BradJ69 collected $0.96 from pot
BradJ69: doesn't show hand 
*** SUMMARY ***
Total pot $1 | Rake $0.04 
Board [7s 3d 8c]
Seat 1: FRANKLIN2378 (button) folded before Flop (didn't bet)
Seat 2: bentheten26 (small blind) folded on the Flop
Seat 3: lordVoldi22 (big blind) folded before Flop
Seat 4: knoblis14 folded on the Flop
Seat 5: HubertusB folded before Flop (didn't bet)
Seat 6: BradJ69 collected ($0.96)



PokerStars Zoom Hand #175929863717:  Hold'em No Limit ($0.05/$0.10) - 2017/09/21 21:59:46 CCT [2017/09/21 9:59:46 ET]
Table 'Aludra' 6-max Seat #1 is the button
Seat 1: HubertusB ($7.56 in chips) 
Seat 2: gylm123 ($10.34 in chips) 
Seat 3: pekarinu7203 ($10.97 in chips) 
Seat 4: Dimon_55_77 ($13.36 in chips) 
Seat 5: kennyzaza ($15.29 in chips) 
Seat 6: Ramis30 ($6.67 in chips) 
gylm123: posts small blind $0.05
pekarinu7203: posts big blind $0.10
*** HOLE CARDS ***
Dealt to HubertusB [Ah Ad]
Dimon_55_77: folds 
kennyzaza: raises $0.12 to $0.22
Ramis30: calls $0.22
HubertusB: raises $0.66 to $0.88
gylm123: folds 
pekarinu7203: folds 
kennyzaza: folds 
Ramis30: folds 
Uncalled bet ($0.66) returned to HubertusB
HubertusB collected $0.81 from pot
HubertusB: doesn't show hand 
*** SUMMARY ***
Total pot $0.81 | Rake $0 
Seat 1: HubertusB (button) collected ($0.81)
Seat 2: gylm123 (small blind) folded before Flop
Seat 3: pekarinu7203 (big blind) folded before Flop
Seat 4: Dimon_55_77 folded before Flop (didn't bet)
Seat 5: kennyzaza folded before Flop
Seat 6: Ramis30 folded before Flop



PokerStars Zoom Hand #175929879340:  Hold'em No Limit ($0.05/$0.10) - 2017/09/21 22:00:20 CCT [2017/09/21 10:00:20 ET]
Table 'Aludra' 6-max Seat #1 is the button
Seat 1: nik777 ($10 in chips) 
Seat 2: SHOY1987 ($10.06 in chips) 
Seat 3: HubertusB ($8.15 in chips) 
Seat 4: Elinoka ($8.85 in chips) 
Seat 5: Shintaro327 ($11.08 in chips) 
Seat 6: GSGFM ($12.29 in chips) 
SHOY1987: posts small blind $0.05
HubertusB: posts big blind $0.10
*** HOLE CARDS ***
Dealt to HubertusB [Qd Jh]
Elinoka: folds 
Shintaro327: raises $0.20 to $0.30
GSGFM: folds 
nik777: folds 
SHOY1987: folds 
HubertusB: folds 
Uncalled bet ($0.20) returned to Shintaro327
Shintaro327 collected $0.25 from pot
Shintaro327: doesn't show hand 
*** SUMMARY ***
Total pot $0.25 | Rake $0 
Seat 1: nik777 (button) folded before Flop (didn't bet)
Seat 2: SHOY1987 (small blind) folded before Flop
Seat 3: HubertusB (big blind) folded before Flop
Seat 4: Elinoka folded before Flop (didn't bet)
Seat 5: Shintaro327 collected ($0.25)
Seat 6: GSGFM folded before Flop (didn't bet)



PokerStars Zoom Hand #175929876024:  Hold'em No Limit ($0.05/$0.10) - 2017/09/21 22:00:13 CCT [2017/09/21 10:00:13 ET]
Table 'Aludra' 6-max Seat #1 is the button
Seat 1: T.mingda0129 ($17.83 in chips) 
Seat 2: JulRas ($11.64 in chips) 
Seat 3: reXne ($17.12 in chips) 
Seat 4: georgi463 ($2.49 in chips) 
Seat 5: HubertusB ($8.15 in chips) 
Seat 6: rastayes420 ($15.58 in chips) 
JulRas: posts small blind $0.05
reXne: posts big blind $0.10
*** HOLE CARDS ***
Dealt to HubertusB [6c 2c]
georgi463: folds 
HubertusB: folds 
rastayes420: folds 
T.mingda0129: folds 
JulRas: calls $0.05
reXne: checks 
*** FLOP *** [Kd 8d 5s]
JulRas: checks 
reXne: checks 
*** TURN *** [Kd 8d 5s] [Tc]
JulRas: checks 
reXne: bets $0.10
JulRas: folds 
Uncalled bet ($0.10) returned to reXne
reXne collected $0.19 from pot
reXne: doesn't show hand 
*** SUMMARY ***
Total pot $0.20 | Rake $0.01 
Board [Kd 8d 5s Tc]
Seat 1: T.mingda0129 (button) folded before Flop (didn't bet)
Seat 2: JulRas (small blind) folded on the Turn
Seat 3: reXne (big blind) collected ($0.19)
Seat 4: georgi463 folded before Flop (didn't bet)
Seat 5: HubertusB folded before Flop (didn't bet)
Seat 6: rastayes420 folded before Flop (didn't bet)



PokerStars Zoom Hand #175929860214:  Hold'em No Limit ($0.05/$0.10) - 2017/09/21 21:59:38 CCT [2017/09/21 9:59:38 ET]
Table 'Aludra' 6-max Seat #1 is the button
Seat 1: max_22133 ($9.75 in chips) 
Seat 2: KAHARANARA ($19.28 in chips) 
Seat 3: murraataajs ($12.38 in chips) 
Seat 4: KAK BOG PLAY ($10.12 in chips) 
Seat 5: Darksnowboy ($4.39 in chips) 
Seat 6: HubertusB ($7.56 in chips) 
KAHARANARA: posts small blind $0.05
murraataajs: posts big blind $0.10
*** HOLE CARDS ***
Dealt to HubertusB [3c Qs]
KAK BOG PLAY: folds 
Darksnowboy: folds 
HubertusB: folds 
max_22133 has timed out
max_22133: folds 
KAHARANARA: raises $19.18 to $19.28 and is all-in
murraataajs: calls $12.28 and is all-in
Uncalled bet ($6.90) returned to KAHARANARA
*** FLOP *** [6h 5c 4h]
*** TURN *** [6h 5c 4h] [3s]
*** RIVER *** [6h 5c 4h 3s] [7c]
*** SHOW DOWN ***
KAHARANARA: shows [As Ac] (a straight, Three to Seven)
murraataajs: shows [Qh Ad] (a straight, Three to Seven)
KAHARANARA collected $11.83 from pot
murraataajs collected $11.82 from pot
*** SUMMARY ***
Total pot $24.76 | Rake $1.11 
Board [6h 5c 4h 3s 7c]
Seat 1: max_22133 (button) folded before Flop (didn't bet)
Seat 2: KAHARANARA (small blind) showed [As Ac] and won ($11.83) with a straight, Three to Seven
Seat 3: murraataajs (big blind) showed [Qh Ad] and won ($11.82) with a straight, Three to Seven
Seat 4: KAK BOG PLAY folded before Flop (didn't bet)
Seat 5: Darksnowboy folded before Flop (didn't bet)
Seat 6: HubertusB folded before Flop (didn't bet)



PokerStars Zoom Hand #175929886687:  Hold'em No Limit ($0.05/$0.10) - 2017/09/21 22:00:36 CCT [2017/09/21 10:00:36 ET]
Table 'Aludra' 6-max Seat #1 is the button
Seat 1: CptBluff1988 ($10 in chips) 
Seat 2: Riverluckyem ($22.40 in chips) 
Seat 3: Elinoka ($8.80 in chips) 
Seat 4: KAK BOG PLAY ($10.40 in chips) 
Seat 5: HubertusB ($8.05 in chips) 
Seat 6: iGoldStrike ($12.83 in chips) 
Riverluckyem: posts small blind $0.05
Elinoka: posts big blind $0.10
*** HOLE CARDS ***
Dealt to HubertusB [2s 7h]
KAK BOG PLAY: folds 
HubertusB: folds 
iGoldStrike: folds 
CptBluff1988: folds 
Riverluckyem: folds 
Uncalled bet ($0.05) returned to Elinoka
Elinoka collected $0.10 from pot
Elinoka: doesn't show hand 
*** SUMMARY ***
Total pot $0.10 | Rake $0 
Seat 1: CptBluff1988 (button) folded before Flop (didn't bet)
Seat 2: Riverluckyem (small blind) folded before Flop
Seat 3: Elinoka (big blind) collected ($0.10)
Seat 4: KAK BOG PLAY folded before Flop (didn't bet)
Seat 5: HubertusB folded before Flop (didn't bet)
Seat 6: iGoldStrike folded before Flop (didn't bet)



PokerStars Zoom Hand #175929889444:  Hold'em No Limit ($0.05/$0.10) - 2017/09/21 22:00:42 CCT [2017/09/21 10:00:42 ET]
Table 'Aludra' 6-max Seat #1 is the button
Seat 1: Schitak64 ($7.87 in chips) 
Seat 2: HubertusB ($8.05 in chips) 
Seat 3: Christoph294 ($10 in chips) 
Seat 4: MiddleLittle ($10.10 in chips) 
Seat 5: Bluecrust ($39.28 in chips) 
Seat 6: elgeorginho ($24.91 in chips) 
HubertusB: posts small blind $0.05
Christoph294: posts big blind $0.10
*** HOLE CARDS ***
Dealt to HubertusB [6d 9c]
MiddleLittle: folds 
Bluecrust: folds 
elgeorginho: folds 
Schitak64: folds 
HubertusB: folds 
Uncalled bet ($0.05) returned to Christoph294
Christoph294 collected $0.10 from pot
Christoph294: doesn't show hand 
*** SUMMARY ***
Total pot $0.10 | Rake $0 
Seat 1: Schitak64 (button) folded before Flop (didn't bet)
Seat 2: HubertusB (small blind) folded before Flop
Seat 3: Christoph294 (big blind) collected ($0.10)
Seat 4: MiddleLittle folded before Flop (didn't bet)
Seat 5: Bluecrust folded before Flop (didn't bet)
Seat 6: elgeorginho folded before Flop (didn't bet)



PokerStars Zoom Hand #175929891799:  Hold'em No Limit ($0.05/$0.10) - 2017/09/21 22:00:47 CCT [2017/09/21 10:00:47 ET]
Table 'Aludra' 6-max Seat #1 is the button
Seat 1: indextown ($10.22 in chips) 
Seat 2: Kirikulu ($10 in chips) 
Seat 3: jkeljacki ($31.08 in chips) 
Seat 4: HubertusB ($8 in chips) 
Seat 5: iksigor ($5.27 in chips) 
Seat 6: ciceron86 ($10 in chips) 
Kirikulu: posts small blind $0.05
jkeljacki: posts big blind $0.10
*** HOLE CARDS ***
Dealt to HubertusB [4c 5d]
HubertusB: folds 
iksigor: folds 
ciceron86: folds 
indextown: raises $0.20 to $0.30
Kirikulu: folds 
jkeljacki: folds 
Uncalled bet ($0.20) returned to indextown
indextown collected $0.25 from pot
indextown: doesn't show hand 
*** SUMMARY ***
Total pot $0.25 | Rake $0 
Seat 1: indextown (button) collected ($0.25)
Seat 2: Kirikulu (small blind) folded before Flop
Seat 3: jkeljacki (big blind) folded before Flop
Seat 4: HubertusB folded before Flop (didn't bet)
Seat 5: iksigor folded before Flop (didn't bet)
Seat 6: ciceron86 folded before Flop (didn't bet)



PokerStars Zoom Hand #175929895575:  Hold'em No Limit ($0.05/$0.10) - 2017/09/21 22:00:55 CCT [2017/09/21 10:00:55 ET]
Table 'Aludra' 6-max Seat #1 is the button
Seat 1: Nadine251290 ($10.33 in chips) 
Seat 2: jojo0229 ($9.11 in chips) 
Seat 3: lxMonopolyxl ($38.92 in chips) 
Seat 4: CasterLee ($8.09 in chips) 
Seat 5: jamie084 ($11.09 in chips) 
Seat 6: HubertusB ($8 in chips) 
jojo0229: posts small blind $0.05
lxMonopolyxl: posts big blind $0.10
*** HOLE CARDS ***
Dealt to HubertusB [6c 2h]
CasterLee: folds 
jamie084: raises $0.20 to $0.30
HubertusB: folds 
Nadine251290: calls $0.30
jojo0229: folds 
lxMonopolyxl: folds 
*** FLOP *** [8d 8c 4d]
jamie084: bets $0.40
Nadine251290: calls $0.40
*** TURN *** [8d 8c 4d] [2s]
jamie084: bets $0.85
Nadine251290: calls $0.85
*** RIVER *** [8d 8c 4d 2s] [Ad]
jamie084: checks 
Nadine251290: checks 
*** SHOW DOWN ***
jamie084: shows [9d 9c] (two pair, Nines and Eights)
Nadine251290: shows [Jh Js] (two pair, Jacks and Eights)
Nadine251290 collected $3.10 from pot
*** SUMMARY ***
Total pot $3.25 | Rake $0.15 
Board [8d 8c 4d 2s Ad]
Seat 1: Nadine251290 (button) showed [Jh Js] and won ($3.10) with two pair, Jacks and Eights
Seat 2: jojo0229 (small blind) folded before Flop
Seat 3: lxMonopolyxl (big blind) folded before Flop
Seat 4: CasterLee folded before Flop (didn't bet)
Seat 5: jamie084 showed [9d 9c] and lost with two pair, Nines and Eights
Seat 6: HubertusB folded before Flop (didn't bet)



PokerStars Zoom Hand #175929910476:  Hold'em No Limit ($0.05/$0.10) - 2017/09/21 22:01:26 CCT [2017/09/21 10:01:26 ET]
Table 'Aludra' 6-max Seat #1 is the button
Seat 1: HubertusB ($7.95 in chips) 
Seat 2: etd.poker ($10.92 in chips) 
Seat 3: zainaz ($10 in chips) 
Seat 4: KAK BOG PLAY ($10 in chips) 
Seat 5: ilo7891 ($13.37 in chips) 
Seat 6: RiverDaddy$970$ ($10.05 in chips) 
etd.poker: posts small blind $0.05
zainaz: posts big blind $0.10
*** HOLE CARDS ***
Dealt to HubertusB [5c Qh]
KAK BOG PLAY: folds 
ilo7891: folds 
RiverDaddy$970$: folds 
HubertusB: folds 
etd.poker: folds 
Uncalled bet ($0.05) returned to zainaz
zainaz collected $0.10 from pot
zainaz: doesn't show hand 
*** SUMMARY ***
Total pot $0.10 | Rake $0 
Seat 1: HubertusB (button) folded before Flop (didn't bet)
Seat 2: etd.poker (small blind) folded before Flop
Seat 3: zainaz (big blind) collected ($0.10)
Seat 4: KAK BOG PLAY folded before Flop (didn't bet)
Seat 5: ilo7891 folded before Flop (didn't bet)
Seat 6: RiverDaddy$970$ folded before Flop (didn't bet)



PokerStars Zoom Hand #175929905213:  Hold'em No Limit ($0.05/$0.10) - 2017/09/21 22:01:15 CCT [2017/09/21 10:01:15 ET]
Table 'Aludra' 6-max Seat #1 is the button
Seat 1: 1VParovoz ($10.49 in chips) 
Seat 2: HubertusB ($8 in chips) 
Seat 3: Brin87 ($2.15 in chips) 
Seat 4: Kirikulu ($10.40 in chips) 
Seat 5: ssakdaa ($10.84 in chips) 
Seat 6: Ramis30 ($14.11 in chips) 
HubertusB: posts small blind $0.05
Brin87: posts big blind $0.10
*** HOLE CARDS ***
Dealt to HubertusB [6d As]
Kirikulu: folds 
ssakdaa: folds 
Ramis30: raises $0.20 to $0.30
1VParovoz: raises $0.66 to $0.96
HubertusB: folds 
Brin87: calls $0.86
Ramis30: folds 
*** FLOP *** [Qc 7s 3c]
Brin87: checks 
1VParovoz: bets $0.56
Brin87: folds 
Uncalled bet ($0.56) returned to 1VParovoz
1VParovoz collected $2.17 from pot
1VParovoz: doesn't show hand 
*** SUMMARY ***
Total pot $2.27 | Rake $0.10 
Board [Qc 7s 3c]
Seat 1: 1VParovoz (button) collected ($2.17)
Seat 2: HubertusB (small blind) folded before Flop
Seat 3: Brin87 (big blind) folded on the Flop
Seat 4: Kirikulu folded before Flop (didn't bet)
Seat 5: ssakdaa folded before Flop (didn't bet)
Seat 6: Ramis30 folded before Flop



PokerStars Zoom Hand #175929902260:  Hold'em No Limit ($0.05/$0.10) - 2017/09/21 22:01:09 CCT [2017/09/21 10:01:09 ET]
Table 'Aludra' 6-max Seat #1 is the button
Seat 1: Omicron333 ($16.66 in chips) 
Seat 2: shuangling7 ($19.20 in chips) 
Seat 3: T.mingda0129 ($17.69 in chips) 
Seat 4: HubertusB ($8 in chips) 
Seat 5: reXne ($14.19 in chips) 
Seat 6: lealko14 ($10.28 in chips) 
shuangling7: posts small blind $0.05
T.mingda0129: posts big blind $0.10
*** HOLE CARDS ***
Dealt to HubertusB [2h 4d]
HubertusB: folds 
reXne: raises $0.10 to $0.20
lealko14: folds 
Omicron333: folds 
shuangling7: folds 
T.mingda0129: calls $0.10
*** FLOP *** [2s 3s 9d]
T.mingda0129: checks 
reXne: bets $0.30
T.mingda0129: calls $0.30
*** TURN *** [2s 3s 9d] [8h]
T.mingda0129: checks 
reXne: bets $0.75
T.mingda0129: calls $0.75
*** RIVER *** [2s 3s 9d 8h] [3d]
T.mingda0129: checks 
reXne: checks 
*** SHOW DOWN ***
T.mingda0129: shows [9h Ad] (two pair, Nines and Threes)
reXne: mucks hand 
T.mingda0129 collected $2.44 from pot
*** SUMMARY ***
Total pot $2.55 | Rake $0.11 
Board [2s 3s 9d 8h 3d]
Seat 1: Omicron333 (button) folded before Flop (didn't bet)
Seat 2: shuangling7 (small blind) folded before Flop
Seat 3: T.mingda0129 (big blind) showed [9h Ad] and won ($2.44) with two pair, Nines and Threes
Seat 4: HubertusB folded before Flop (didn't bet)
Seat 5: reXne mucked [7s 7c]
Seat 6: lealko14 folded before Flop (didn't bet)



PokerStars Zoom Hand #175929913083:  Hold'em No Limit ($0.05/$0.10) - 2017/09/21 22:01:31 CCT [2017/09/21 10:01:31 ET]
Table 'Aludra' 6-max Seat #1 is the button
Seat 1: Jacky274 ($7.90 in chips) 
Seat 2: velboy10 ($3.62 in chips) 
Seat 3: HubertusB ($7.95 in chips) 
Seat 4: pekarinu7203 ($10.24 in chips) 
Seat 5: SantinoSGT ($9.32 in chips) 
Seat 6: Acc0-swe ($10.16 in chips) 
velboy10: posts small blind $0.05
HubertusB: posts big blind $0.10
*** HOLE CARDS ***
Dealt to HubertusB [Tc Td]
pekarinu7203: folds 
SantinoSGT: folds 
Acc0-swe: folds 
Jacky274: folds 
velboy10: raises $0.10 to $0.20
HubertusB: raises $0.32 to $0.52
velboy10: calls $0.32
*** FLOP *** [5h 4s 7s]
velboy10: checks 
HubertusB: bets $0.65
velboy10: calls $0.65
*** TURN *** [5h 4s 7s] [9d]
velboy10: bets $2.45 and is all-in
HubertusB: calls $2.45
*** RIVER *** [5h 4s 7s 9d] [Jd]
*** SHOW DOWN ***
velboy10: shows [As 6c] (high card Ace)
HubertusB: shows [Tc Td] (a pair of Tens)
HubertusB collected $6.91 from pot
*** SUMMARY ***
Total pot $7.24 | Rake $0.33 
Board [5h 4s 7s 9d Jd]
Seat 1: Jacky274 (button) folded before Flop (didn't bet)
Seat 2: velboy10 (small blind) showed [As 6c] and lost with high card Ace
Seat 3: HubertusB (big blind) showed [Tc Td] and won ($6.91) with a pair of Tens
Seat 4: pekarinu7203 folded before Flop (didn't bet)
Seat 5: SantinoSGT folded before Flop (didn't bet)
Seat 6: Acc0-swe folded before Flop (didn't bet)



PokerStars Zoom Hand #175929946304:  Hold'em No Limit ($0.05/$0.10) - 2017/09/21 22:02:36 CCT [2017/09/21 10:02:36 ET]
Table 'Aludra' 6-max Seat #1 is the button
Seat 1: karl23karl ($14.81 in chips) 
Seat 2: lolwat777 ($9.90 in chips) 
Seat 3: babash61 ($10 in chips) 
Seat 4: Shintaro327 ($10.98 in chips) 
Seat 5: jojo0229 ($11.58 in chips) 
Seat 6: HubertusB ($11.24 in chips) 
lolwat777: posts small blind $0.05
babash61: posts big blind $0.10
*** HOLE CARDS ***
Dealt to HubertusB [3c Kc]
Shintaro327: folds 
jojo0229: folds 
HubertusB: folds 
karl23karl: folds 
lolwat777: folds 
Uncalled bet ($0.05) returned to babash61
babash61 collected $0.10 from pot
babash61: doesn't show hand 
*** SUMMARY ***
Total pot $0.10 | Rake $0 
Seat 1: karl23karl (button) folded before Flop (didn't bet)
Seat 2: lolwat777 (small blind) folded before Flop
Seat 3: babash61 (big blind) collected ($0.10)
Seat 4: Shintaro327 folded before Flop (didn't bet)
Seat 5: jojo0229 folded before Flop (didn't bet)
Seat 6: HubertusB folded before Flop (didn't bet)



PokerStars Zoom Hand #175929942747:  Hold'em No Limit ($0.05/$0.10) - 2017/09/21 22:02:29 CCT [2017/09/21 10:02:29 ET]
Table 'Aludra' 6-max Seat #1 is the button
Seat 1: pekarinu7203 ($10.30 in chips) 
Seat 2: KAK BOG PLAY ($10 in chips) 
Seat 3: kokostav ($12.04 in chips) 
Seat 4: Acc0-swe ($10.58 in chips) 
Seat 5: HubertusB ($11.24 in chips) 
Seat 6: bentheten26 ($20.53 in chips) 
KAK BOG PLAY: posts small blind $0.05
kokostav: posts big blind $0.10
*** HOLE CARDS ***
Dealt to HubertusB [6d Ac]
Acc0-swe: folds 
HubertusB: folds 
bentheten26 has timed out
bentheten26: folds 
pekarinu7203: folds 
KAK BOG PLAY: folds 
Uncalled bet ($0.05) returned to kokostav
kokostav collected $0.10 from pot
kokostav: doesn't show hand 
*** SUMMARY ***
Total pot $0.10 | Rake $0 
Seat 1: pekarinu7203 (button) folded before Flop (didn't bet)
Seat 2: KAK BOG PLAY (small blind) folded before Flop
Seat 3: kokostav (big blind) collected ($0.10)
Seat 4: Acc0-swe folded before Flop (didn't bet)
Seat 5: HubertusB folded before Flop (didn't bet)
Seat 6: bentheten26 folded before Flop (didn't bet)



PokerStars Zoom Hand #175929949907:  Hold'em No Limit ($0.05/$0.10) - 2017/09/21 22:02:43 CCT [2017/09/21 10:02:43 ET]
Table 'Aludra' 6-max Seat #1 is the button
Seat 1: Jean-Mi029 ($10 in chips) 
Seat 2: seraphicblue ($15.36 in chips) 
Seat 3: lealko14 ($11.01 in chips) 
Seat 4: HubertusB ($11.24 in chips) 
Seat 5: Kirikulu ($10.47 in chips) 
Seat 6: kennyzaza ($12.95 in chips) 
seraphicblue: posts small blind $0.05
lealko14: posts big blind $0.10
*** HOLE CARDS ***
Dealt to HubertusB [3h Ah]
HubertusB: raises $0.20 to $0.30
Kirikulu: folds 
kennyzaza: folds 
Jean-Mi029: folds 
seraphicblue: folds 
lealko14: folds 
Uncalled bet ($0.20) returned to HubertusB
HubertusB collected $0.25 from pot
HubertusB: doesn't show hand 
*** SUMMARY ***
Total pot $0.25 | Rake $0 
Seat 1: Jean-Mi029 (button) folded before Flop (didn't bet)
Seat 2: seraphicblue (small blind) folded before Flop
Seat 3: lealko14 (big blind) folded before Flop
Seat 4: HubertusB collected ($0.25)
Seat 5: Kirikulu folded before Flop (didn't bet)
Seat 6: kennyzaza folded before Flop (didn't bet)



PokerStars Zoom Hand #175929959222:  Hold'em No Limit ($0.05/$0.10) - 2017/09/21 22:03:01 CCT [2017/09/21 10:03:01 ET]
Table 'Aludra' 6-max Seat #1 is the button
Seat 1: HubertusB ($11.39 in chips) 
Seat 2: adriano25625 ($10 in chips) 
Seat 3: KAK BOG PLAY ($10 in chips) 
Seat 4: bobrisa ($10 in chips) 
Seat 5: knoblis14 ($13.97 in chips) 
Seat 6: Girigal ($10.15 in chips) 
adriano25625: posts small blind $0.05
KAK BOG PLAY: posts big blind $0.10
*** HOLE CARDS ***
Dealt to HubertusB [8h Kd]
bobrisa: folds 
knoblis14: folds 
Girigal: folds 
HubertusB: folds 
adriano25625: raises $0.20 to $0.30
KAK BOG PLAY: raises $0.60 to $0.90
adriano25625: folds 
Uncalled bet ($0.60) returned to KAK BOG PLAY
KAK BOG PLAY collected $0.60 from pot
KAK BOG PLAY: doesn't show hand 
*** SUMMARY ***
Total pot $0.60 | Rake $0 
Seat 1: HubertusB (button) folded before Flop (didn't bet)
Seat 2: adriano25625 (small blind) folded before Flop
Seat 3: KAK BOG PLAY (big blind) collected ($0.60)
Seat 4: bobrisa folded before Flop (didn't bet)
Seat 5: knoblis14 folded before Flop (didn't bet)
Seat 6: Girigal folded before Flop (didn't bet)



PokerStars Zoom Hand #175929974374:  Hold'em No Limit ($0.05/$0.10) - 2017/09/21 22:03:30 CCT [2017/09/21 10:03:30 ET]
Table 'Aludra' 6-max Seat #1 is the button
Seat 1: Girigal ($10.43 in chips) 
Seat 2: HubertusB ($11.29 in chips) 
Seat 3: Mediazzz ($10 in chips) 
Seat 4: rastayes420 ($20.17 in chips) 
Seat 5: nnVinokurov ($11.95 in chips) 
Seat 6: nwemann ($10.41 in chips) 
HubertusB: posts small blind $0.05
Mediazzz: posts big blind $0.10
*** HOLE CARDS ***
Dealt to HubertusB [2s Jh]
rastayes420: raises $0.20 to $0.30
nnVinokurov: folds 
nwemann: folds 
Girigal: folds 
HubertusB: folds 
Mediazzz: folds 
Uncalled bet ($0.20) returned to rastayes420
rastayes420 collected $0.25 from pot
rastayes420: doesn't show hand 
*** SUMMARY ***
Total pot $0.25 | Rake $0 
Seat 1: Girigal (button) folded before Flop (didn't bet)
Seat 2: HubertusB (small blind) folded before Flop
Seat 3: Mediazzz (big blind) folded before Flop
Seat 4: rastayes420 collected ($0.25)
Seat 5: nnVinokurov folded before Flop (didn't bet)
Seat 6: nwemann folded before Flop (didn't bet)



PokerStars Zoom Hand #175929976959:  Hold'em No Limit ($0.05/$0.10) - 2017/09/21 22:03:35 CCT [2017/09/21 10:03:35 ET]
Table 'Aludra' 6-max Seat #1 is the button
Seat 1: pekarinu7203 ($10.20 in chips) 
Seat 2: Leslav ($17.51 in chips) 
Seat 3: indextown ($9.80 in chips) 
Seat 4: Omicron333 ($11.50 in chips) 
Seat 5: kleidl1978 ($10 in chips) 
Seat 6: HubertusB ($11.24 in chips) 
Leslav: posts small blind $0.05
indextown: posts big blind $0.10
*** HOLE CARDS ***
Dealt to HubertusB [2s 7s]
Omicron333: folds 
kleidl1978: folds 
HubertusB: folds 
pekarinu7203: raises $0.15 to $0.25
Leslav: folds 
indextown: folds 
Uncalled bet ($0.15) returned to pekarinu7203
pekarinu7203 collected $0.25 from pot
pekarinu7203: doesn't show hand 
*** SUMMARY ***
Total pot $0.25 | Rake $0 
Seat 1: pekarinu7203 (button) collected ($0.25)
Seat 2: Leslav (small blind) folded before Flop
Seat 3: indextown (big blind) folded before Flop
Seat 4: Omicron333 folded before Flop (didn't bet)
Seat 5: kleidl1978 folded before Flop (didn't bet)
Seat 6: HubertusB folded before Flop (didn't bet)



PokerStars Zoom Hand #175929979596:  Hold'em No Limit ($0.05/$0.10) - 2017/09/21 22:03:40 CCT [2017/09/21 10:03:40 ET]
Table 'Aludra' 6-max Seat #1 is the button
Seat 1: xandrrro ($19.38 in chips) 
Seat 2: carlitosCapone ($12.46 in chips) 
Seat 3: anhyeulinh11 ($10.16 in chips) 
Seat 4: HubertusB ($11.24 in chips) 
Seat 5: dosaken2268 ($8.25 in chips) 
Seat 6: Shintaro327 ($11.15 in chips) 
carlitosCapone: posts small blind $0.05
anhyeulinh11: posts big blind $0.10
*** HOLE CARDS ***
Dealt to HubertusB [Ks 3d]
HubertusB: folds 
dosaken2268: folds 
Shintaro327: folds 
xandrrro: folds 
carlitosCapone: raises $0.15 to $0.25
anhyeulinh11: folds 
Uncalled bet ($0.15) returned to carlitosCapone
carlitosCapone collected $0.20 from pot
carlitosCapone: doesn't show hand 
*** SUMMARY ***
Total pot $0.20 | Rake $0 
Seat 1: xandrrro (button) folded before Flop (didn't bet)
Seat 2: carlitosCapone (small blind) collected ($0.20)
Seat 3: anhyeulinh11 (big blind) folded before Flop
Seat 4: HubertusB folded before Flop (didn't bet)
Seat 5: dosaken2268 folded before Flop (didn't bet)
Seat 6: Shintaro327 folded before Flop (didn't bet)



PokerStars Zoom Hand #175929982171:  Hold'em No Limit ($0.05/$0.10) - 2017/09/21 22:03:45 CCT [2017/09/21 10:03:45 ET]
Table 'Aludra' 6-max Seat #1 is the button
Seat 1: Aziat65 ($6.51 in chips) 
Seat 2: KAK BOG PLAY ($10.45 in chips) 
Seat 3: nik777 ($10.66 in chips) 
Seat 4: hceyms ($16.67 in chips) 
Seat 5: HubertusB ($11.24 in chips) 
Seat 6: IsaacW93 ($26.87 in chips) 
KAK BOG PLAY: posts small blind $0.05
nik777: posts big blind $0.10
*** HOLE CARDS ***
Dealt to HubertusB [Qh Qc]
hceyms: folds 
HubertusB: raises $0.20 to $0.30
IsaacW93: folds 
Aziat65: folds 
KAK BOG PLAY: folds 
nik777: folds 
Uncalled bet ($0.20) returned to HubertusB
HubertusB collected $0.25 from pot
HubertusB: doesn't show hand 
*** SUMMARY ***
Total pot $0.25 | Rake $0 
Seat 1: Aziat65 (button) folded before Flop (didn't bet)
Seat 2: KAK BOG PLAY (small blind) folded before Flop
Seat 3: nik777 (big blind) folded before Flop
Seat 4: hceyms folded before Flop (didn't bet)
Seat 5: HubertusB collected ($0.25)
Seat 6: IsaacW93 folded before Flop (didn't bet)



PokerStars Zoom Hand #175929968209:  Hold'em No Limit ($0.05/$0.10) - 2017/09/21 22:03:18 CCT [2017/09/21 10:03:18 ET]
Table 'Aludra' 6-max Seat #1 is the button
Seat 1: gurkovmtt ($10 in chips) 
Seat 2: yijiz ($12.30 in chips) 
Seat 3: HubertusB ($11.39 in chips) 
Seat 4: Char0n84 ($5.77 in chips) 
Seat 5: shuangling7 ($18.30 in chips) 
Seat 6: Piqzer ($18.12 in chips) 
yijiz: posts small blind $0.05
HubertusB: posts big blind $0.10
*** HOLE CARDS ***
Dealt to HubertusB [3d 2h]
Char0n84: folds 
shuangling7: raises $0.20 to $0.30
Piqzer: calls $0.30
gurkovmtt: folds 
yijiz: folds 
HubertusB: folds 
*** FLOP *** [7d As 5c]
shuangling7: bets $0.40
Piqzer: calls $0.40
*** TURN *** [7d As 5c] [Jd]
shuangling7: checks 
Piqzer: checks 
*** RIVER *** [7d As 5c Jd] [8s]
shuangling7: bets $0.80
Piqzer: folds 
Uncalled bet ($0.80) returned to shuangling7
shuangling7 collected $1.48 from pot
shuangling7: doesn't show hand 
*** SUMMARY ***
Total pot $1.55 | Rake $0.07 
Board [7d As 5c Jd 8s]
Seat 1: gurkovmtt (button) folded before Flop (didn't bet)
Seat 2: yijiz (small blind) folded before Flop
Seat 3: HubertusB (big blind) folded before Flop
Seat 4: Char0n84 folded before Flop (didn't bet)
Seat 5: shuangling7 collected ($1.48)
Seat 6: Piqzer folded on the River



PokerStars Zoom Hand #175929995523:  Hold'em No Limit ($0.05/$0.10) - 2017/09/21 22:04:11 CCT [2017/09/21 10:04:11 ET]
Table 'Aludra' 6-max Seat #1 is the button
Seat 1: carlitosCapone ($12.46 in chips) 
Seat 2: Jus88_UA ($91.63 in chips) 
Seat 3: HubertusB ($11.39 in chips) 
Seat 4: Omicron333 ($11.35 in chips) 
Seat 5: LouiskeNL ($4.65 in chips) 
Seat 6: ssakdaa ($22.67 in chips) 
Jus88_UA: posts small blind $0.05
HubertusB: posts big blind $0.10
*** HOLE CARDS ***
Dealt to HubertusB [6h Qc]
Omicron333: folds 
LouiskeNL: calls $0.10
ssakdaa: raises $0.25 to $0.35
carlitosCapone: folds 
Jus88_UA: calls $0.30
HubertusB: folds 
LouiskeNL: folds 
*** FLOP *** [Td 3d 2h]
Jus88_UA: checks 
ssakdaa: bets $0.57
Jus88_UA: folds 
Uncalled bet ($0.57) returned to ssakdaa
ssakdaa collected $0.86 from pot
ssakdaa: doesn't show hand 
*** SUMMARY ***
Total pot $0.90 | Rake $0.04 
Board [Td 3d 2h]
Seat 1: carlitosCapone (button) folded before Flop (didn't bet)
Seat 2: Jus88_UA (small blind) folded on the Flop
Seat 3: HubertusB (big blind) folded before Flop
Seat 4: Omicron333 folded before Flop (didn't bet)
Seat 5: LouiskeNL folded before Flop
Seat 6: ssakdaa collected ($0.86)



PokerStars Zoom Hand #175930006555:  Hold'em No Limit ($0.05/$0.10) - 2017/09/21 22:04:32 CCT [2017/09/21 10:04:32 ET]
Table 'Aludra' 6-max Seat #1 is the button
Seat 1: HubertusB ($11.29 in chips) 
Seat 2: SHOY1987 ($10.38 in chips) 
Seat 3: kraftromanon ($18.09 in chips) 
Seat 4: 3DMINSK ($18.29 in chips) 
Seat 5: Linkoln220 ($11.14 in chips) 
Seat 6: Dostalud4 ($17.32 in chips) 
SHOY1987: posts small blind $0.05
kraftromanon: posts big blind $0.10
*** HOLE CARDS ***
Dealt to HubertusB [7h 8h]
3DMINSK: raises $0.20 to $0.30
Linkoln220: folds 
Dostalud4: folds 
HubertusB: calls $0.30
SHOY1987: folds 
kraftromanon: folds 
*** FLOP *** [Ah 4d 6c]
3DMINSK: bets $0.40
HubertusB: calls $0.40
*** TURN *** [Ah 4d 6c] [5h]
3DMINSK: checks 
HubertusB: bets $0.90
3DMINSK: folds 
Uncalled bet ($0.90) returned to HubertusB
HubertusB collected $1.48 from pot
HubertusB: doesn't show hand 
*** SUMMARY ***
Total pot $1.55 | Rake $0.07 
Board [Ah 4d 6c 5h]
Seat 1: HubertusB (button) collected ($1.48)
Seat 2: SHOY1987 (small blind) folded before Flop
Seat 3: kraftromanon (big blind) folded before Flop
Seat 4: 3DMINSK folded on the Turn
Seat 5: Linkoln220 folded before Flop (didn't bet)
Seat 6: Dostalud4 folded before Flop (didn't bet)



PokerStars Zoom Hand #175930023815:  Hold'em No Limit ($0.05/$0.10) - 2017/09/21 22:05:05 CCT [2017/09/21 10:05:05 ET]
Table 'Aludra' 6-max Seat #1 is the button
Seat 1: AkostA new ($11.74 in chips) 
Seat 2: HubertusB ($12.07 in chips) 
Seat 3: JohnyPopleta ($12.56 in chips) 
Seat 4: tunnelrat55 ($19.96 in chips) 
Seat 5: Girigal ($10.25 in chips) 
Seat 6: bob-xox ($8.05 in chips) 
HubertusB: posts small blind $0.05
JohnyPopleta: posts big blind $0.10
*** HOLE CARDS ***
Dealt to HubertusB [3c Ts]
tunnelrat55: folds 
Girigal: folds 
bob-xox: folds 
AkostA new: folds 
HubertusB: folds 
Uncalled bet ($0.05) returned to JohnyPopleta
JohnyPopleta collected $0.10 from pot
JohnyPopleta: doesn't show hand 
*** SUMMARY ***
Total pot $0.10 | Rake $0 
Seat 1: AkostA new (button) folded before Flop (didn't bet)
Seat 2: HubertusB (small blind) folded before Flop
Seat 3: JohnyPopleta (big blind) collected ($0.10)
Seat 4: tunnelrat55 folded before Flop (didn't bet)
Seat 5: Girigal folded before Flop (didn't bet)
Seat 6: bob-xox folded before Flop (didn't bet)



PokerStars Zoom Hand #175930027776:  Hold'em No Limit ($0.05/$0.10) - 2017/09/21 22:05:13 CCT [2017/09/21 10:05:13 ET]
Table 'Aludra' 6-max Seat #1 is the button
Seat 1: HubertusB ($12.02 in chips) 
Seat 2: othd14 ($17.02 in chips) 
Seat 3: zhoskiinoob ($21.36 in chips) 
Seat 4: pimpimer ($12.13 in chips) 
Seat 5: pingWINaLLin ($11.55 in chips) 
Seat 6: nik777 ($10 in chips) 
othd14: posts small blind $0.05
zhoskiinoob: posts big blind $0.10
*** HOLE CARDS ***
Dealt to HubertusB [8h Ts]
pimpimer: folds 
pingWINaLLin: folds 
nik777: folds 
HubertusB: folds 
othd14: raises $0.20 to $0.30
zhoskiinoob: calls $0.20
*** FLOP *** [Td 4c 3d]
othd14: bets $0.30
zhoskiinoob: folds 
Uncalled bet ($0.30) returned to othd14
othd14 collected $0.57 from pot
othd14: doesn't show hand 
*** SUMMARY ***
Total pot $0.60 | Rake $0.03 
Board [Td 4c 3d]
Seat 1: HubertusB (button) folded before Flop (didn't bet)
Seat 2: othd14 (small blind) collected ($0.57)
Seat 3: zhoskiinoob (big blind) folded on the Flop
Seat 4: pimpimer folded before Flop (didn't bet)
Seat 5: pingWINaLLin folded before Flop (didn't bet)
Seat 6: nik777 folded before Flop (didn't bet)



PokerStars Zoom Hand #175930029920:  Hold'em No Limit ($0.05/$0.10) - 2017/09/21 22:05:17 CCT [2017/09/21 10:05:17 ET]
Table 'Aludra' 6-max Seat #1 is the button
Seat 1: MiddleLittle ($10.27 in chips) 
Seat 2: cihy27 ($22.04 in chips) 
Seat 3: LowG124 ($11.14 in chips) 
Seat 4: kotpigav ($25.87 in chips) 
Seat 5: kokostav ($16.58 in chips) 
Seat 6: HubertusB ($12.02 in chips) 
cihy27: posts small blind $0.05
LowG124: posts big blind $0.10
*** HOLE CARDS ***
Dealt to HubertusB [Js 8s]
kotpigav: raises $0.15 to $0.25
kokostav: folds 
HubertusB: calls $0.25
MiddleLittle: folds 
cihy27: calls $0.20
LowG124: folds 
*** FLOP *** [9h Tc 7c]
cihy27: bets $0.30
kotpigav: calls $0.30
HubertusB: raises $1.01 to $1.31
cihy27: calls $1.01
kotpigav: calls $1.01
*** TURN *** [9h Tc 7c] [5d]
cihy27: checks 
kotpigav: checks 
HubertusB: bets $2.90
cihy27: calls $2.90
kotpigav: folds 
*** RIVER *** [9h Tc 7c 5d] [Qd]
cihy27: checks 
HubertusB: bets $7.56 and is all-in
cihy27: folds 
Uncalled bet ($7.56) returned to HubertusB
HubertusB collected $10.10 from pot
HubertusB: doesn't show hand 
*** SUMMARY ***
Total pot $10.58 | Rake $0.48 
Board [9h Tc 7c 5d Qd]
Seat 1: MiddleLittle (button) folded before Flop (didn't bet)
Seat 2: cihy27 (small blind) folded on the River
Seat 3: LowG124 (big blind) folded before Flop
Seat 4: kotpigav folded on the Turn
Seat 5: kokostav folded before Flop (didn't bet)
Seat 6: HubertusB collected ($10.10)



PokerStars Zoom Hand #175930081852:  Hold'em No Limit ($0.05/$0.10) - 2017/09/21 22:06:55 CCT [2017/09/21 10:06:55 ET]
Table 'Aludra' 6-max Seat #1 is the button
Seat 1: xandrrro ($12.99 in chips) 
Seat 2: tunnelrat55 ($20.17 in chips) 
Seat 3: kraftromanon ($15.89 in chips) 
Seat 4: ChiefSkorkho ($10.31 in chips) 
Seat 5: HubertusB ($17.66 in chips) 
Seat 6: globi5 ($8.63 in chips) 
tunnelrat55: posts small blind $0.05
kraftromanon: posts big blind $0.10
*** HOLE CARDS ***
Dealt to HubertusB [Td Qs]
ChiefSkorkho: folds 
HubertusB: folds 
globi5: folds 
xandrrro: raises $0.15 to $0.25
tunnelrat55: raises $0.65 to $0.90
kraftromanon: folds 
xandrrro: folds 
Uncalled bet ($0.65) returned to tunnelrat55
tunnelrat55 collected $0.60 from pot
tunnelrat55: doesn't show hand 
*** SUMMARY ***
Total pot $0.60 | Rake $0 
Seat 1: xandrrro (button) folded before Flop
Seat 2: tunnelrat55 (small blind) collected ($0.60)
Seat 3: kraftromanon (big blind) folded before Flop
Seat 4: ChiefSkorkho folded before Flop (didn't bet)
Seat 5: HubertusB folded before Flop (didn't bet)
Seat 6: globi5 folded before Flop (didn't bet)



PokerStars Zoom Hand #175930092599:  Hold'em No Limit ($0.05/$0.10) - 2017/09/21 22:07:15 CCT [2017/09/21 10:07:15 ET]
Table 'Aludra' 6-max Seat #1 is the button
Seat 1: REVAZTURM ($5.97 in chips) 
Seat 2: rom4ikderz ($14.04 in chips) 
Seat 3: HubertusB ($17.66 in chips) 
Seat 4: Dasha_1989 ($15.56 in chips) 
Seat 5: Biglittle123 ($10.50 in chips) 
Seat 6: Draugsvoll ($10.35 in chips) 
rom4ikderz: posts small blind $0.05
HubertusB: posts big blind $0.10
*** HOLE CARDS ***
Dealt to HubertusB [3c 7h]
Dasha_1989: folds 
Biglittle123: folds 
Draugsvoll: raises $0.16 to $0.26
REVAZTURM: folds 
rom4ikderz: folds 
HubertusB: folds 
Uncalled bet ($0.16) returned to Draugsvoll
Draugsvoll collected $0.25 from pot
Draugsvoll: doesn't show hand 
*** SUMMARY ***
Total pot $0.25 | Rake $0 
Seat 1: REVAZTURM (button) folded before Flop (didn't bet)
Seat 2: rom4ikderz (small blind) folded before Flop
Seat 3: HubertusB (big blind) folded before Flop
Seat 4: Dasha_1989 folded before Flop (didn't bet)
Seat 5: Biglittle123 folded before Flop (didn't bet)
Seat 6: Draugsvoll collected ($0.25)



PokerStars Zoom Hand #175930086646:  Hold'em No Limit ($0.05/$0.10) - 2017/09/21 22:07:04 CCT [2017/09/21 10:07:04 ET]
Table 'Aludra' 6-max Seat #1 is the button
Seat 1: robinhh187 ($6.66 in chips) 
Seat 2: Bongcloudy ($14.32 in chips) 
Seat 3: ApexPoke7 ($15.07 in chips) 
Seat 4: HubertusB ($17.66 in chips) 
Seat 5: vovan250278 ($11.27 in chips) 
Seat 6: hzxyz ($25.36 in chips) 
Bongcloudy: posts small blind $0.05
ApexPoke7: posts big blind $0.10
*** HOLE CARDS ***
Dealt to HubertusB [2h 9h]
HubertusB: folds 
vovan250278: folds 
hzxyz: folds 
robinhh187: calls $0.10
Bongcloudy: folds 
ApexPoke7: checks 
*** FLOP *** [Th Qh 4c]
ApexPoke7: checks 
robinhh187: checks 
*** TURN *** [Th Qh 4c] [5s]
ApexPoke7: checks 
robinhh187: checks 
*** RIVER *** [Th Qh 4c 5s] [3s]
ApexPoke7: bets $0.20
robinhh187: calls $0.20
*** SHOW DOWN ***
ApexPoke7: shows [9c 4s] (a pair of Fours)
robinhh187: mucks hand 
ApexPoke7 collected $0.62 from pot
*** SUMMARY ***
Total pot $0.65 | Rake $0.03 
Board [Th Qh 4c 5s 3s]
Seat 1: robinhh187 (button) mucked [Kc As]
Seat 2: Bongcloudy (small blind) folded before Flop
Seat 3: ApexPoke7 (big blind) showed [9c 4s] and won ($0.62) with a pair of Fours
Seat 4: HubertusB folded before Flop (didn't bet)
Seat 5: vovan250278 folded before Flop (didn't bet)
Seat 6: hzxyz folded before Flop (didn't bet)



PokerStars Zoom Hand #175930100501:  Hold'em No Limit ($0.05/$0.10) - 2017/09/21 22:07:30 CCT [2017/09/21 10:07:30 ET]
Table 'Aludra' 6-max Seat #1 is the button
Seat 1: CptBluff1988 ($10 in chips) 
Seat 2: HubertusB ($17.56 in chips) 
Seat 3: vick800302 ($9.95 in chips) 
Seat 4: Clownyara ($8.65 in chips) 
Seat 5: othd14 ($10 in chips) 
Seat 6: LowG124 ($10.64 in chips) 
HubertusB: posts small blind $0.05
vick800302: posts big blind $0.10
*** HOLE CARDS ***
Dealt to HubertusB [4d 8s]
Clownyara: folds 
othd14: folds 
LowG124: folds 
CptBluff1988: raises $0.14 to $0.24
HubertusB: folds 
vick800302: folds 
Uncalled bet ($0.14) returned to CptBluff1988
CptBluff1988 collected $0.25 from pot
CptBluff1988: doesn't show hand 
*** SUMMARY ***
Total pot $0.25 | Rake $0 
Seat 1: CptBluff1988 (button) collected ($0.25)
Seat 2: HubertusB (small blind) folded before Flop
Seat 3: vick800302 (big blind) folded before Flop
Seat 4: Clownyara folded before Flop (didn't bet)
Seat 5: othd14 folded before Flop (didn't bet)
Seat 6: LowG124 folded before Flop (didn't bet)



PokerStars Zoom Hand #175930096853:  Hold'em No Limit ($0.05/$0.10) - 2017/09/21 22:07:23 CCT [2017/09/21 10:07:23 ET]
Table 'Aludra' 6-max Seat #1 is the button
Seat 1: HubertusB ($17.56 in chips) 
Seat 2: Gambler(CM)9 ($7.74 in chips) 
Seat 3: Musikgoz ($10 in chips) 
Seat 4: scbestsc ($4.18 in chips) 
Seat 5: anton2682211 ($14.78 in chips) 
Seat 6: ThinkOrSwimX ($9.85 in chips) 
Gambler(CM)9: posts small blind $0.05
Musikgoz: posts big blind $0.10
*** HOLE CARDS ***
Dealt to HubertusB [4h Jd]
scbestsc: folds 
anton2682211: raises $0.20 to $0.30
ThinkOrSwimX: folds 
HubertusB: folds 
Gambler(CM)9: calls $0.25
Musikgoz: folds 
*** FLOP *** [Kd Ac 5c]
Gambler(CM)9: checks 
anton2682211: bets $0.30
Gambler(CM)9: calls $0.30
*** TURN *** [Kd Ac 5c] [Ks]
Gambler(CM)9: checks 
anton2682211: checks 
*** RIVER *** [Kd Ac 5c Ks] [Ad]
Gambler(CM)9: bets $1.12
anton2682211: folds 
Uncalled bet ($1.12) returned to Gambler(CM)9
Gambler(CM)9 collected $1.24 from pot
Gambler(CM)9: doesn't show hand 
*** SUMMARY ***
Total pot $1.30 | Rake $0.06 
Board [Kd Ac 5c Ks Ad]
Seat 1: HubertusB (button) folded before Flop (didn't bet)
Seat 2: Gambler(CM)9 (small blind) collected ($1.24)
Seat 3: Musikgoz (big blind) folded before Flop
Seat 4: scbestsc folded before Flop (didn't bet)
Seat 5: anton2682211 folded on the River
Seat 6: ThinkOrSwimX folded before Flop (didn't bet)



PokerStars Zoom Hand #175930103638:  Hold'em No Limit ($0.05/$0.10) - 2017/09/21 22:07:36 CCT [2017/09/21 10:07:36 ET]
Table 'Aludra' 6-max Seat #1 is the button
Seat 1: Versace4ever ($10 in chips) 
Seat 2: HubertusB ($17.51 in chips) 
Seat 3: carlitosCapone ($10 in chips) 
Seat 4: carl548 ($13.39 in chips) 
Seat 5: ffdeadcell ($24.77 in chips) 
Seat 6: Atercx ($33.35 in chips) 
HubertusB: posts small blind $0.05
carlitosCapone: posts big blind $0.10
*** HOLE CARDS ***
Dealt to HubertusB [Qc 2d]
carl548: folds 
ffdeadcell: raises $0.15 to $0.25
Atercx: folds 
Versace4ever: folds 
HubertusB: folds 
carlitosCapone: calls $0.15
*** FLOP *** [9d Td 5s]
carlitosCapone: checks 
ffdeadcell: bets $0.30
carlitosCapone: folds 
Uncalled bet ($0.30) returned to ffdeadcell
ffdeadcell collected $0.53 from pot
ffdeadcell: doesn't show hand 
*** SUMMARY ***
Total pot $0.55 | Rake $0.02 
Board [9d Td 5s]
Seat 1: Versace4ever (button) folded before Flop (didn't bet)
Seat 2: HubertusB (small blind) folded before Flop
Seat 3: carlitosCapone (big blind) folded on the Flop
Seat 4: carl548 folded before Flop (didn't bet)
Seat 5: ffdeadcell collected ($0.53)
Seat 6: Atercx folded before Flop (didn't bet)



PokerStars Zoom Hand #175930106369:  Hold'em No Limit ($0.05/$0.10) - 2017/09/21 22:07:41 CCT [2017/09/21 10:07:41 ET]
Table 'Aludra' 6-max Seat #1 is the button
Seat 1: Riverluckyem ($10 in chips) 
Seat 2: Eugenered ($7.38 in chips) 
Seat 3: Karat_BLR ($6.57 in chips) 
Seat 4: Aziat65 ($9.74 in chips) 
Seat 5: klezinho ($15.41 in chips) 
Seat 6: HubertusB ($17.46 in chips) 
Eugenered: posts small blind $0.05
Karat_BLR: posts big blind $0.10
*** HOLE CARDS ***
Dealt to HubertusB [4c 5c]
Aziat65: folds 
klezinho: folds 
HubertusB: raises $0.20 to $0.30
Riverluckyem: calls $0.30
Eugenered: folds 
Karat_BLR: folds 
*** FLOP *** [8h 3d 7s]
HubertusB: bets $0.40
Riverluckyem: folds 
Uncalled bet ($0.40) returned to HubertusB
HubertusB collected $0.72 from pot
HubertusB: doesn't show hand 
*** SUMMARY ***
Total pot $0.75 | Rake $0.03 
Board [8h 3d 7s]
Seat 1: Riverluckyem (button) folded on the Flop
Seat 2: Eugenered (small blind) folded before Flop
Seat 3: Karat_BLR (big blind) folded before Flop
Seat 4: Aziat65 folded before Flop (didn't bet)
Seat 5: klezinho folded before Flop (didn't bet)
Seat 6: HubertusB collected ($0.72)



PokerStars Zoom Hand #175930133140:  Hold'em No Limit ($0.05/$0.10) - 2017/09/21 22:08:32 CCT [2017/09/21 10:08:32 ET]
Table 'Aludra' 6-max Seat #1 is the button
Seat 1: Mediazzz ($10.97 in chips) 
Seat 2: Fi$her5555 ($8.29 in chips) 
Seat 3: zolo2006 ($10 in chips) 
Seat 4: Lao Guo ($10.57 in chips) 
Seat 5: Dolzhnik ($10 in chips) 
Seat 6: HubertusB ($17.78 in chips) 
Fi$her5555: posts small blind $0.05
zolo2006: posts big blind $0.10
*** HOLE CARDS ***
Dealt to HubertusB [6c 7d]
Lao Guo: folds 
Dolzhnik: folds 
HubertusB: folds 
Mediazzz: folds 
Fi$her5555: folds 
Uncalled bet ($0.05) returned to zolo2006
zolo2006 collected $0.10 from pot
zolo2006: doesn't show hand 
*** SUMMARY ***
Total pot $0.10 | Rake $0 
Seat 1: Mediazzz (button) folded before Flop (didn't bet)
Seat 2: Fi$her5555 (small blind) folded before Flop
Seat 3: zolo2006 (big blind) collected ($0.10)
Seat 4: Lao Guo folded before Flop (didn't bet)
Seat 5: Dolzhnik folded before Flop (didn't bet)
Seat 6: HubertusB folded before Flop (didn't bet)



PokerStars Zoom Hand #175930127299:  Hold'em No Limit ($0.05/$0.10) - 2017/09/21 22:08:21 CCT [2017/09/21 10:08:21 ET]
Table 'Aludra' 6-max Seat #1 is the button
Seat 1: Jacky274 ($6.27 in chips) 
Seat 2: luzia2017 ($13.89 in chips) 
Seat 3: HubertusB ($17.88 in chips) 
Seat 4: Paulowarmeli ($8.65 in chips) 
Seat 5: reXne ($20.60 in chips) 
Seat 6: Shintaro327 ($9.70 in chips) 
luzia2017: posts small blind $0.05
HubertusB: posts big blind $0.10
*** HOLE CARDS ***
Dealt to HubertusB [7h Jd]
Paulowarmeli: calls $0.10
reXne: folds 
Shintaro327: raises $0.80 to $0.90
Jacky274: folds 
luzia2017: folds 
HubertusB: folds 
Paulowarmeli: calls $0.80
*** FLOP *** [Qs 3d 7c]
Paulowarmeli: checks 
Shintaro327: checks 
*** TURN *** [Qs 3d 7c] [2c]
Paulowarmeli: checks 
Shintaro327: bets $1
Paulowarmeli: calls $1
*** RIVER *** [Qs 3d 7c 2c] [Tc]
Paulowarmeli: checks 
Shintaro327: checks 
*** SHOW DOWN ***
Paulowarmeli: shows [Ah Kd] (high card Ace)
Shintaro327: shows [Qh Qc] (three of a kind, Queens)
Shintaro327 collected $3.77 from pot
*** SUMMARY ***
Total pot $3.95 | Rake $0.18 
Board [Qs 3d 7c 2c Tc]
Seat 1: Jacky274 (button) folded before Flop (didn't bet)
Seat 2: luzia2017 (small blind) folded before Flop
Seat 3: HubertusB (big blind) folded before Flop
Seat 4: Paulowarmeli showed [Ah Kd] and lost with high card Ace
Seat 5: reXne folded before Flop (didn't bet)
Seat 6: Shintaro327 showed [Qh Qc] and won ($3.77) with three of a kind, Queens



PokerStars Zoom Hand #175930124195:  Hold'em No Limit ($0.05/$0.10) - 2017/09/21 22:08:15 CCT [2017/09/21 10:08:15 ET]
Table 'Aludra' 6-max Seat #1 is the button
Seat 1: GSGFM ($15.97 in chips) 
Seat 2: vick800302 ($9.82 in chips) 
Seat 3: qu96091028 ($19.24 in chips) 
Seat 4: HubertusB ($17.88 in chips) 
Seat 5: R.Heydrich86 ($11.16 in chips) 
Seat 6: pilipala825 ($10.67 in chips) 
vick800302: posts small blind $0.05
qu96091028: posts big blind $0.10
*** HOLE CARDS ***
Dealt to HubertusB [7d Ah]
HubertusB: folds 
R.Heydrich86: folds 
pilipala825: folds 
GSGFM: folds 
vick800302: raises $0.13 to $0.23
qu96091028: raises $0.53 to $0.76
vick800302: folds 
Uncalled bet ($0.53) returned to qu96091028
qu96091028 collected $0.46 from pot
qu96091028: doesn't show hand 
*** SUMMARY ***
Total pot $0.46 | Rake $0 
Seat 1: GSGFM (button) folded before Flop (didn't bet)
Seat 2: vick800302 (small blind) folded before Flop
Seat 3: qu96091028 (big blind) collected ($0.46)
Seat 4: HubertusB folded before Flop (didn't bet)
Seat 5: R.Heydrich86 folded before Flop (didn't bet)
Seat 6: pilipala825 folded before Flop (didn't bet)



PokerStars Zoom Hand #175930135807:  Hold'em No Limit ($0.05/$0.10) - 2017/09/21 22:08:37 CCT [2017/09/21 10:08:37 ET]
Table 'Aludra' 6-max Seat #1 is the button
Seat 1: anhyeulinh11 ($31.21 in chips) 
Seat 2: -=l Grek l=- ($20.13 in chips) 
Seat 3: 81denis81 ($10 in chips) 
Seat 4: rom4ikderz ($19.37 in chips) 
Seat 5: HubertusB ($17.78 in chips) 
Seat 6: Pedrox-888 ($10.36 in chips) 
-=l Grek l=-: posts small blind $0.05
81denis81: posts big blind $0.10
*** HOLE CARDS ***
Dealt to HubertusB [9s As]
rom4ikderz: folds 
HubertusB: raises $0.20 to $0.30
Pedrox-888: folds 
anhyeulinh11: calls $0.30
-=l Grek l=-: folds 
81denis81: folds 
*** FLOP *** [3h Ah 7c]
HubertusB: checks 
anhyeulinh11: checks 
*** TURN *** [3h Ah 7c] [9h]
HubertusB: bets $0.50
anhyeulinh11: raises $0.90 to $1.40
HubertusB: calls $0.90
*** RIVER *** [3h Ah 7c 9h] [Ad]
HubertusB: checks 
anhyeulinh11: bets $1.90
HubertusB: raises $2.90 to $4.80
anhyeulinh11 has timed out
anhyeulinh11: folds 
Uncalled bet ($2.90) returned to HubertusB
HubertusB collected $7.02 from pot
HubertusB: doesn't show hand 
*** SUMMARY ***
Total pot $7.35 | Rake $0.33 
Board [3h Ah 7c 9h Ad]
Seat 1: anhyeulinh11 (button) folded on the River
Seat 2: -=l Grek l=- (small blind) folded before Flop
Seat 3: 81denis81 (big blind) folded before Flop
Seat 4: rom4ikderz folded before Flop (didn't bet)
Seat 5: HubertusB collected ($7.02)
Seat 6: Pedrox-888 folded before Flop (didn't bet)



PokerStars Zoom Hand #175930206068:  Hold'em No Limit ($0.05/$0.10) - 2017/09/21 22:10:51 CCT [2017/09/21 10:10:51 ET]
Table 'Aludra' 6-max Seat #1 is the button
Seat 1: HubertusB ($21.20 in chips) 
Seat 2: nnVinokurov ($10 in chips) 
Seat 3: OGYPE ($14.70 in chips) 
Seat 4: pkgdzen ($10 in chips) 
Seat 5: gosleep88 ($13.22 in chips) 
Seat 6: M5398 ($10 in chips) 
nnVinokurov: posts small blind $0.05
OGYPE: posts big blind $0.10
*** HOLE CARDS ***
Dealt to HubertusB [2s 9c]
pkgdzen: raises $0.20 to $0.30
gosleep88: folds 
M5398: calls $0.30
HubertusB: folds 
nnVinokurov: folds 
OGYPE: folds 
*** FLOP *** [Js 5d 5h]
pkgdzen: bets $0.40
M5398: calls $0.40
*** TURN *** [Js 5d 5h] [9d]
pkgdzen: bets $0.74
M5398: folds 
Uncalled bet ($0.74) returned to pkgdzen
pkgdzen collected $1.48 from pot
pkgdzen: doesn't show hand 
*** SUMMARY ***
Total pot $1.55 | Rake $0.07 
Board [Js 5d 5h 9d]
Seat 1: HubertusB (button) folded before Flop (didn't bet)
Seat 2: nnVinokurov (small blind) folded before Flop
Seat 3: OGYPE (big blind) folded before Flop
Seat 4: pkgdzen collected ($1.48)
Seat 5: gosleep88 folded before Flop (didn't bet)
Seat 6: M5398 folded on the Turn



PokerStars Zoom Hand #175930209224:  Hold'em No Limit ($0.05/$0.10) - 2017/09/21 22:10:57 CCT [2017/09/21 10:10:57 ET]
Table 'Aludra' 6-max Seat #1 is the button
Seat 1: 81denis81 ($10 in chips) 
Seat 2: banane179 ($5.30 in chips) 
Seat 3: hzxyz ($25.29 in chips) 
Seat 4: HubertusB ($21.20 in chips) 
Seat 5: Shintaro327 ($14.37 in chips) 
Seat 6: Jean-Mi029 ($10.28 in chips) 
banane179: posts small blind $0.05
hzxyz: posts big blind $0.10
*** HOLE CARDS ***
Dealt to HubertusB [6s Ks]
HubertusB: raises $0.20 to $0.30
Shintaro327: folds 
Jean-Mi029: raises $0.60 to $0.90
81denis81: folds 
banane179: folds 
hzxyz: calls $0.80
HubertusB: calls $0.60
*** FLOP *** [2d 3s Ac]
hzxyz: checks 
HubertusB: bets $1.50
Jean-Mi029: calls $1.50
hzxyz: folds 
*** TURN *** [2d 3s Ac] [8s]
HubertusB: bets $3.20
Jean-Mi029: folds 
Uncalled bet ($3.20) returned to HubertusB
HubertusB collected $5.49 from pot
HubertusB: doesn't show hand 
*** SUMMARY ***
Total pot $5.75 | Rake $0.26 
Board [2d 3s Ac 8s]
Seat 1: 81denis81 (button) folded before Flop (didn't bet)
Seat 2: banane179 (small blind) folded before Flop
Seat 3: hzxyz (big blind) folded on the Flop
Seat 4: HubertusB collected ($5.49)
Seat 5: Shintaro327 folded before Flop (didn't bet)
Seat 6: Jean-Mi029 folded on the Turn



PokerStars Zoom Hand #175930245281:  Hold'em No Limit ($0.05/$0.10) - 2017/09/21 22:12:05 CCT [2017/09/21 10:12:05 ET]
Table 'Aludra' 6-max Seat #1 is the button
Seat 1: xandrrro ($10 in chips) 
Seat 2: HubertusB ($24.29 in chips) 
Seat 3: LordClefairy ($31.49 in chips) 
Seat 4: TiredOWork ($5.41 in chips) 
Seat 5: Wieselich ($11.12 in chips) 
Seat 6: scbestsc ($4.30 in chips) 
HubertusB: posts small blind $0.05
LordClefairy: posts big blind $0.10
*** HOLE CARDS ***
Dealt to HubertusB [2c 7c]
TiredOWork: folds 
Wieselich: folds 
scbestsc: raises $0.20 to $0.30
xandrrro: folds 
HubertusB: folds 
LordClefairy: folds 
Uncalled bet ($0.20) returned to scbestsc
scbestsc collected $0.25 from pot
scbestsc: doesn't show hand 
*** SUMMARY ***
Total pot $0.25 | Rake $0 
Seat 1: xandrrro (button) folded before Flop (didn't bet)
Seat 2: HubertusB (small blind) folded before Flop
Seat 3: LordClefairy (big blind) folded before Flop
Seat 4: TiredOWork folded before Flop (didn't bet)
Seat 5: Wieselich folded before Flop (didn't bet)
Seat 6: scbestsc collected ($0.25)



PokerStars Zoom Hand #175930247880:  Hold'em No Limit ($0.05/$0.10) - 2017/09/21 22:12:10 CCT [2017/09/21 10:12:10 ET]
Table 'Aludra' 6-max Seat #1 is the button
Seat 1: kinqtta ($15.39 in chips) 
Seat 2: MarkTvenRus ($7.71 in chips) 
Seat 3: HubertusB ($24.24 in chips) 
Seat 4: valtergjeloshaj ($4.90 in chips) 
Seat 5: 1VolkodavVDV ($7.55 in chips) 
Seat 6: achengy ($6.22 in chips) 
MarkTvenRus: posts small blind $0.05
HubertusB: posts big blind $0.10
*** HOLE CARDS ***
Dealt to HubertusB [3c 5c]
valtergjeloshaj: folds 
1VolkodavVDV: folds 
achengy: raises $0.20 to $0.30
kinqtta: folds 
MarkTvenRus: calls $0.25
HubertusB: calls $0.20
*** FLOP *** [9h Qs Tc]
MarkTvenRus: checks 
HubertusB: checks 
achengy: bets $0.50
MarkTvenRus: folds 
HubertusB: folds 
Uncalled bet ($0.50) returned to achengy
achengy collected $0.86 from pot
achengy: doesn't show hand 
*** SUMMARY ***
Total pot $0.90 | Rake $0.04 
Board [9h Qs Tc]
Seat 1: kinqtta (button) folded before Flop (didn't bet)
Seat 2: MarkTvenRus (small blind) folded on the Flop
Seat 3: HubertusB (big blind) folded on the Flop
Seat 4: valtergjeloshaj folded before Flop (didn't bet)
Seat 5: 1VolkodavVDV folded before Flop (didn't bet)
Seat 6: achengy collected ($0.86)



PokerStars Zoom Hand #175930264917:  Hold'em No Limit ($0.05/$0.10) - 2017/09/21 22:12:42 CCT [2017/09/21 10:12:42 ET]
Table 'Aludra' 6-max Seat #1 is the button
Seat 1: lolwat777 ($8.14 in chips) 
Seat 2: Lao Guo ($10.68 in chips) 
Seat 3: 1VolkodavVDV ($7.50 in chips) 
Seat 4: LowG124 ($16.96 in chips) 
Seat 5: HubertusB ($23.94 in chips) 
Seat 6: macika-81 ($7.25 in chips) 
Lao Guo: posts small blind $0.05
1VolkodavVDV: posts big blind $0.10
*** HOLE CARDS ***
Dealt to HubertusB [Jh 4s]
LowG124: folds 
HubertusB: folds 
macika-81: folds 
lolwat777: folds 
Lao Guo: folds 
Uncalled bet ($0.05) returned to 1VolkodavVDV
1VolkodavVDV collected $0.10 from pot
1VolkodavVDV: doesn't show hand 
*** SUMMARY ***
Total pot $0.10 | Rake $0 
Seat 1: lolwat777 (button) folded before Flop (didn't bet)
Seat 2: Lao Guo (small blind) folded before Flop
Seat 3: 1VolkodavVDV (big blind) collected ($0.10)
Seat 4: LowG124 folded before Flop (didn't bet)
Seat 5: HubertusB folded before Flop (didn't bet)
Seat 6: macika-81 folded before Flop (didn't bet)



PokerStars Zoom Hand #175930268155:  Hold'em No Limit ($0.05/$0.10) - 2017/09/21 22:12:48 CCT [2017/09/21 10:12:48 ET]
Table 'Aludra' 6-max Seat #1 is the button
Seat 1: HubertusB ($23.94 in chips) 
Seat 2: fff1d ($12.99 in chips) 
Seat 3: colossalmal ($9.80 in chips) 
Seat 4: m067nr ($7.46 in chips) 
Seat 5: EffOrt100% ($9.75 in chips) 
Seat 6: ThinkOrSwimX ($9.26 in chips) 
fff1d: posts small blind $0.05
colossalmal: posts big blind $0.10
*** HOLE CARDS ***
Dealt to HubertusB [3c 2h]
m067nr: folds 
EffOrt100%: folds 
ThinkOrSwimX: folds 
HubertusB: folds 
fff1d: raises $0.10 to $0.20
colossalmal: calls $0.10
*** FLOP *** [3d Qd 5s]
fff1d: checks 
colossalmal: checks 
*** TURN *** [3d Qd 5s] [3s]
fff1d: bets $0.20
colossalmal: folds 
Uncalled bet ($0.20) returned to fff1d
fff1d collected $0.38 from pot
fff1d: doesn't show hand 
*** SUMMARY ***
Total pot $0.40 | Rake $0.02 
Board [3d Qd 5s 3s]
Seat 1: HubertusB (button) folded before Flop (didn't bet)
Seat 2: fff1d (small blind) collected ($0.38)
Seat 3: colossalmal (big blind) folded on the Turn
Seat 4: m067nr folded before Flop (didn't bet)
Seat 5: EffOrt100% folded before Flop (didn't bet)
Seat 6: ThinkOrSwimX folded before Flop (didn't bet)



PokerStars Zoom Hand #175930273525:  Hold'em No Limit ($0.05/$0.10) - 2017/09/21 22:12:58 CCT [2017/09/21 10:12:58 ET]
Table 'Aludra' 6-max Seat #1 is the button
Seat 1: kennyzaza ($11.66 in chips) 
Seat 2: solik2015 ($5.82 in chips) 
Seat 3: RiverDaddy$970$ ($13.63 in chips) 
Seat 4: JohnyPopleta ($10.99 in chips) 
Seat 5: HubertusB ($23.94 in chips) 
Seat 6: Riverluckyem ($31.35 in chips) 
solik2015: posts small blind $0.05
RiverDaddy$970$: posts big blind $0.10
*** HOLE CARDS ***
Dealt to HubertusB [Jd Qc]
JohnyPopleta: folds 
HubertusB: folds 
Riverluckyem: folds 
kennyzaza: folds 
solik2015: folds 
Uncalled bet ($0.05) returned to RiverDaddy$970$
RiverDaddy$970$ collected $0.10 from pot
RiverDaddy$970$: doesn't show hand 
*** SUMMARY ***
Total pot $0.10 | Rake $0 
Seat 1: kennyzaza (button) folded before Flop (didn't bet)
Seat 2: solik2015 (small blind) folded before Flop
Seat 3: RiverDaddy$970$ (big blind) collected ($0.10)
Seat 4: JohnyPopleta folded before Flop (didn't bet)
Seat 5: HubertusB folded before Flop (didn't bet)
Seat 6: Riverluckyem folded before Flop (didn't bet)



PokerStars Zoom Hand #175930270825:  Hold'em No Limit ($0.05/$0.10) - 2017/09/21 22:12:53 CCT [2017/09/21 10:12:53 ET]
Table 'Aludra' 6-max Seat #1 is the button
Seat 1: NeinZebruhen ($9.41 in chips) 
Seat 2: lxMonopolyxl ($46 in chips) 
Seat 3: achengy ($6.78 in chips) 
Seat 4: Gambler(CM)9 ($6.02 in chips) 
Seat 5: LowG124 ($16.16 in chips) 
Seat 6: HubertusB ($23.94 in chips) 
lxMonopolyxl: posts small blind $0.05
achengy: posts big blind $0.10
*** HOLE CARDS ***
Dealt to HubertusB [4c 9h]
Gambler(CM)9: raises $0.12 to $0.22
LowG124: folds 
HubertusB: folds 
NeinZebruhen: folds 
lxMonopolyxl: folds 
achengy: calls $0.12
*** FLOP *** [2d 7h Th]
achengy: checks 
Gambler(CM)9: checks 
*** TURN *** [2d 7h Th] [3d]
achengy: bets $0.30
Gambler(CM)9: calls $0.30
*** RIVER *** [2d 7h Th 3d] [Ah]
achengy: checks 
Gambler(CM)9: bets $0.94
achengy: calls $0.94
*** SHOW DOWN ***
Gambler(CM)9: shows [Js Ks] (high card Ace)
achengy: shows [7c Ts] (two pair, Tens and Sevens)
achengy collected $2.84 from pot
*** SUMMARY ***
Total pot $2.97 | Rake $0.13 
Board [2d 7h Th 3d Ah]
Seat 1: NeinZebruhen (button) folded before Flop (didn't bet)
Seat 2: lxMonopolyxl (small blind) folded before Flop
Seat 3: achengy (big blind) showed [7c Ts] and won ($2.84) with two pair, Tens and Sevens
Seat 4: Gambler(CM)9 showed [Js Ks] and lost with high card Ace
Seat 5: LowG124 folded before Flop (didn't bet)
Seat 6: HubertusB folded before Flop (didn't bet)



PokerStars Zoom Hand #175930282041:  Hold'em No Limit ($0.05/$0.10) - 2017/09/21 22:13:14 CCT [2017/09/21 10:13:14 ET]
Table 'Aludra' 6-max Seat #1 is the button
Seat 1: invincy ($10.10 in chips) 
Seat 2: HubertusB ($23.94 in chips) 
Seat 3: lumi198669 ($10.03 in chips) 
Seat 4: murraataajs ($31.81 in chips) 
Seat 5: Laeyz7 ($10 in chips) 
Seat 6: anhyeulinh11 ($25.11 in chips) 
HubertusB: posts small blind $0.05
lumi198669: posts big blind $0.10
*** HOLE CARDS ***
Dealt to HubertusB [7s 5c]
murraataajs: folds 
Laeyz7: folds 
anhyeulinh11: raises $0.20 to $0.30
invincy: folds 
HubertusB: folds 
lumi198669: folds 
Uncalled bet ($0.20) returned to anhyeulinh11
anhyeulinh11 collected $0.25 from pot
anhyeulinh11: doesn't show hand 
*** SUMMARY ***
Total pot $0.25 | Rake $0 
Seat 1: invincy (button) folded before Flop (didn't bet)
Seat 2: HubertusB (small blind) folded before Flop
Seat 3: lumi198669 (big blind) folded before Flop
Seat 4: murraataajs folded before Flop (didn't bet)
Seat 5: Laeyz7 folded before Flop (didn't bet)
Seat 6: anhyeulinh11 collected ($0.25)



PokerStars Zoom Hand #175930292652:  Hold'em No Limit ($0.05/$0.10) - 2017/09/21 22:13:34 CCT [2017/09/21 10:13:34 ET]
Table 'Aludra' 6-max Seat #1 is the button
Seat 1: Acc0-swe ($14.36 in chips) 
Seat 2: Dolzhnik ($17.65 in chips) 
Seat 3: Kirikulu ($10.64 in chips) 
Seat 4: kleidl1978 ($10.92 in chips) 
Seat 5: diesel209950 ($7.43 in chips) 
Seat 6: HubertusB ($23.79 in chips) 
Dolzhnik: posts small blind $0.05
Kirikulu: posts big blind $0.10
*** HOLE CARDS ***
Dealt to HubertusB [7h 6d]
kleidl1978: folds 
diesel209950: folds 
HubertusB: folds 
Acc0-swe: folds 
Dolzhnik: raises $0.20 to $0.30
Kirikulu: folds 
Uncalled bet ($0.20) returned to Dolzhnik
Dolzhnik collected $0.20 from pot
Dolzhnik: doesn't show hand 
*** SUMMARY ***
Total pot $0.20 | Rake $0 
Seat 1: Acc0-swe (button) folded before Flop (didn't bet)
Seat 2: Dolzhnik (small blind) collected ($0.20)
Seat 3: Kirikulu (big blind) folded before Flop
Seat 4: kleidl1978 folded before Flop (didn't bet)
Seat 5: diesel209950 folded before Flop (didn't bet)
Seat 6: HubertusB folded before Flop (didn't bet)



PokerStars Zoom Hand #175930278883:  Hold'em No Limit ($0.05/$0.10) - 2017/09/21 22:13:08 CCT [2017/09/21 10:13:08 ET]
Table 'Aludra' 6-max Seat #1 is the button
Seat 1: ChiefSkorkho ($10.30 in chips) 
Seat 2: padde886 ($10.03 in chips) 
Seat 3: carlitosCapone ($21.88 in chips) 
Seat 4: HubertusB ($23.94 in chips) 
Seat 5: REVAZTURM ($7.08 in chips) 
Seat 6: AkostA new ($6.35 in chips) 
padde886: posts small blind $0.05
carlitosCapone: posts big blind $0.10
*** HOLE CARDS ***
Dealt to HubertusB [7d 6d]
HubertusB: folds 
REVAZTURM: raises $0.20 to $0.30
AkostA new: folds 
ChiefSkorkho: folds 
padde886: raises $0.70 to $1
carlitosCapone: folds 
REVAZTURM: raises $6.08 to $7.08 and is all-in
padde886: folds 
Uncalled bet ($6.08) returned to REVAZTURM
REVAZTURM collected $2.10 from pot
REVAZTURM: doesn't show hand 
*** SUMMARY ***
Total pot $2.10 | Rake $0 
Seat 1: ChiefSkorkho (button) folded before Flop (didn't bet)
Seat 2: padde886 (small blind) folded before Flop
Seat 3: carlitosCapone (big blind) folded before Flop
Seat 4: HubertusB folded before Flop (didn't bet)
Seat 5: REVAZTURM collected ($2.10)
Seat 6: AkostA new folded before Flop (didn't bet)



PokerStars Zoom Hand #175930295277:  Hold'em No Limit ($0.05/$0.10) - 2017/09/21 22:13:39 CCT [2017/09/21 10:13:39 ET]
Table 'Aludra' 6-max Seat #1 is the button
Seat 1: HubertusB ($23.79 in chips) 
Seat 2: kleidl1978 ($17.71 in chips) 
Seat 3: ViktorRivne ($6.26 in chips) 
Seat 4: Shintaro327 ($10.68 in chips) 
Seat 5: CptBluff1988 ($11.10 in chips) 
Seat 6: ffdeadcell ($23.06 in chips) 
kleidl1978: posts small blind $0.05
ViktorRivne: posts big blind $0.10
*** HOLE CARDS ***
Dealt to HubertusB [4d Ts]
Shintaro327: folds 
CptBluff1988: folds 
ffdeadcell: folds 
HubertusB: folds 
kleidl1978: folds 
Uncalled bet ($0.05) returned to ViktorRivne
ViktorRivne collected $0.10 from pot
ViktorRivne: doesn't show hand 
*** SUMMARY ***
Total pot $0.10 | Rake $0 
Seat 1: HubertusB (button) folded before Flop (didn't bet)
Seat 2: kleidl1978 (small blind) folded before Flop
Seat 3: ViktorRivne (big blind) collected ($0.10)
Seat 4: Shintaro327 folded before Flop (didn't bet)
Seat 5: CptBluff1988 folded before Flop (didn't bet)
Seat 6: ffdeadcell folded before Flop (didn't bet)



PokerStars Zoom Hand #175930286821:  Hold'em No Limit ($0.05/$0.10) - 2017/09/21 22:13:23 CCT [2017/09/21 10:13:23 ET]
Table 'Aludra' 6-max Seat #1 is the button
Seat 1: Jacky274 ($6.65 in chips) 
Seat 2: SEXXYMARTIN ($12.07 in chips) 
Seat 3: HubertusB ($23.89 in chips) 
Seat 4: TeJIe|7y3uK ($8.66 in chips) 
Seat 5: Isotone ($10 in chips) 
Seat 6: Lost474 ($22.95 in chips) 
SEXXYMARTIN: posts small blind $0.05
HubertusB: posts big blind $0.10
*** HOLE CARDS ***
Dealt to HubertusB [3d 5s]
TeJIe|7y3uK: folds 
Isotone: folds 
Lost474: folds 
Jacky274: raises $0.20 to $0.30
SEXXYMARTIN: calls $0.25
HubertusB: folds 
*** FLOP *** [Js Kh 9c]
SEXXYMARTIN: checks 
Jacky274: checks 
*** TURN *** [Js Kh 9c] [Td]
SEXXYMARTIN: checks 
Jacky274: checks 
*** RIVER *** [Js Kh 9c Td] [Jc]
SEXXYMARTIN: checks 
Jacky274: checks 
*** SHOW DOWN ***
SEXXYMARTIN: shows [Kc Tc] (two pair, Kings and Jacks)
Jacky274: mucks hand 
SEXXYMARTIN collected $0.67 from pot
*** SUMMARY ***
Total pot $0.70 | Rake $0.03 
Board [Js Kh 9c Td Jc]
Seat 1: Jacky274 (button) mucked [7c Ad]
Seat 2: SEXXYMARTIN (small blind) showed [Kc Tc] and won ($0.67) with two pair, Kings and Jacks
Seat 3: HubertusB (big blind) folded before Flop
Seat 4: TeJIe|7y3uK folded before Flop (didn't bet)
Seat 5: Isotone folded before Flop (didn't bet)
Seat 6: Lost474 folded before Flop (didn't bet)



PokerStars Zoom Hand #175930297915:  Hold'em No Limit ($0.05/$0.10) - 2017/09/21 22:13:44 CCT [2017/09/21 10:13:44 ET]
Table 'Aludra' 6-max Seat #1 is the button
Seat 1: zainaz ($10.77 in chips) 
Seat 2: Burovoytov ($10.26 in chips) 
Seat 3: ciceron86 ($10 in chips) 
Seat 4: grossyapro ($15.81 in chips) 
Seat 5: HubertusB ($23.79 in chips) 
Seat 6: ScumbagBlues ($12.52 in chips) 
Burovoytov: posts small blind $0.05
ciceron86: posts big blind $0.10
*** HOLE CARDS ***
Dealt to HubertusB [3c 6s]
grossyapro: folds 
HubertusB: folds 
ScumbagBlues: folds 
zainaz: raises $0.10 to $0.20
Burovoytov: folds 
ciceron86: folds 
Uncalled bet ($0.10) returned to zainaz
zainaz collected $0.25 from pot
zainaz: doesn't show hand 
*** SUMMARY ***
Total pot $0.25 | Rake $0 
Seat 1: zainaz (button) collected ($0.25)
Seat 2: Burovoytov (small blind) folded before Flop
Seat 3: ciceron86 (big blind) folded before Flop
Seat 4: grossyapro folded before Flop (didn't bet)
Seat 5: HubertusB folded before Flop (didn't bet)
Seat 6: ScumbagBlues folded before Flop (didn't bet)



PokerStars Zoom Hand #175930304764:  Hold'em No Limit ($0.05/$0.10) - 2017/09/21 22:13:57 CCT [2017/09/21 10:13:57 ET]
Table 'Aludra' 6-max Seat #1 is the button
Seat 1: pichman1.89 ($13.08 in chips) 
Seat 2: Acc0-swe ($14.26 in chips) 
Seat 3: ffdeadcell ($23.06 in chips) 
Seat 4: carlitosCapone ($21.78 in chips) 
Seat 5: Denny1982 ($10.74 in chips) 
Seat 6: HubertusB ($23.79 in chips) 
Acc0-swe: posts small blind $0.05
ffdeadcell: posts big blind $0.10
*** HOLE CARDS ***
Dealt to HubertusB [Jc Qs]
carlitosCapone: folds 
Denny1982: folds 
HubertusB: raises $0.20 to $0.30
pichman1.89: folds 
Acc0-swe: folds 
ffdeadcell: folds 
Uncalled bet ($0.20) returned to HubertusB
HubertusB collected $0.25 from pot
HubertusB: doesn't show hand 
*** SUMMARY ***
Total pot $0.25 | Rake $0 
Seat 1: pichman1.89 (button) folded before Flop (didn't bet)
Seat 2: Acc0-swe (small blind) folded before Flop
Seat 3: ffdeadcell (big blind) folded before Flop
Seat 4: carlitosCapone folded before Flop (didn't bet)
Seat 5: Denny1982 folded before Flop (didn't bet)
Seat 6: HubertusB collected ($0.25)



PokerStars Zoom Hand #175930317110:  Hold'em No Limit ($0.05/$0.10) - 2017/09/21 22:14:20 CCT [2017/09/21 10:14:20 ET]
Table 'Aludra' 6-max Seat #1 is the button
Seat 1: kokostav ($18.41 in chips) 
Seat 2: HubertusB ($23.94 in chips) 
Seat 3: nnVinokurov ($12.46 in chips) 
Seat 4: porta1555 ($10.04 in chips) 
Seat 5: pichman1.89 ($13.08 in chips) 
Seat 6: babash61 ($12.39 in chips) 
HubertusB: posts small blind $0.05
nnVinokurov: posts big blind $0.10
*** HOLE CARDS ***
Dealt to HubertusB [8c Kh]
porta1555: raises $0.10 to $0.20
pichman1.89: folds 
babash61: folds 
kokostav: folds 
HubertusB: folds 
nnVinokurov: folds 
Uncalled bet ($0.10) returned to porta1555
porta1555 collected $0.25 from pot
porta1555: doesn't show hand 
*** SUMMARY ***
Total pot $0.25 | Rake $0 
Seat 1: kokostav (button) folded before Flop (didn't bet)
Seat 2: HubertusB (small blind) folded before Flop
Seat 3: nnVinokurov (big blind) folded before Flop
Seat 4: porta1555 collected ($0.25)
Seat 5: pichman1.89 folded before Flop (didn't bet)
Seat 6: babash61 folded before Flop (didn't bet)



PokerStars Zoom Hand #175930327854:  Hold'em No Limit ($0.05/$0.10) - 2017/09/21 22:14:40 CCT [2017/09/21 10:14:40 ET]
Table 'Aludra' 6-max Seat #1 is the button
Seat 1: ffdeadcell ($25.51 in chips) 
Seat 2: KAK BOG PLAY ($11.70 in chips) 
Seat 3: nnVinokurov ($12.87 in chips) 
Seat 4: feralbino ($17.28 in chips) 
Seat 5: HubertusB ($23.79 in chips) 
Seat 6: Atercx ($34.19 in chips) 
KAK BOG PLAY: posts small blind $0.05
nnVinokurov: posts big blind $0.10
*** HOLE CARDS ***
Dealt to HubertusB [6d Jd]
feralbino: folds 
HubertusB: raises $0.20 to $0.30
Atercx: folds 
ffdeadcell: folds 
KAK BOG PLAY: folds 
nnVinokurov: folds 
Uncalled bet ($0.20) returned to HubertusB
HubertusB collected $0.25 from pot
HubertusB: doesn't show hand 
*** SUMMARY ***
Total pot $0.25 | Rake $0 
Seat 1: ffdeadcell (button) folded before Flop (didn't bet)
Seat 2: KAK BOG PLAY (small blind) folded before Flop
Seat 3: nnVinokurov (big blind) folded before Flop
Seat 4: feralbino folded before Flop (didn't bet)
Seat 5: HubertusB collected ($0.25)
Seat 6: Atercx folded before Flop (didn't bet)



PokerStars Zoom Hand #175930325704:  Hold'em No Limit ($0.05/$0.10) - 2017/09/21 22:14:36 CCT [2017/09/21 10:14:36 ET]
Table 'Aludra' 6-max Seat #1 is the button
Seat 1: Antosio ($7.62 in chips) 
Seat 2: laughnghyena ($7.55 in chips) 
Seat 3: Shintaro327 ($17.19 in chips) 
Seat 4: HubertusB ($23.79 in chips) 
Seat 5: SEXXYMARTIN ($8.80 in chips) 
Seat 6: Kirikulu ($10.64 in chips) 
laughnghyena: posts small blind $0.05
Shintaro327: posts big blind $0.10
*** HOLE CARDS ***
Dealt to HubertusB [Ac 9s]
HubertusB: folds 
SEXXYMARTIN: raises $0.15 to $0.25
Kirikulu: folds 
Antosio: folds 
laughnghyena: folds 
Shintaro327: calls $0.15
*** FLOP *** [5h 5c 2c]
Shintaro327: checks 
SEXXYMARTIN: bets $0.35
Shintaro327: folds 
Uncalled bet ($0.35) returned to SEXXYMARTIN
SEXXYMARTIN collected $0.53 from pot
SEXXYMARTIN: doesn't show hand 
*** SUMMARY ***
Total pot $0.55 | Rake $0.02 
Board [5h 5c 2c]
Seat 1: Antosio (button) folded before Flop (didn't bet)
Seat 2: laughnghyena (small blind) folded before Flop
Seat 3: Shintaro327 (big blind) folded on the Flop
Seat 4: HubertusB folded before Flop (didn't bet)
Seat 5: SEXXYMARTIN collected ($0.53)
Seat 6: Kirikulu folded before Flop (didn't bet)



PokerStars Zoom Hand #175930336232:  Hold'em No Limit ($0.05/$0.10) - 2017/09/21 22:14:56 CCT [2017/09/21 10:14:56 ET]
Table 'Aludra' 6-max Seat #1 is the button
Seat 1: alexx468 ($9.16 in chips) 
Seat 2: carlitosCapone ($10.05 in chips) 
Seat 3: padde886 ($10 in chips) 
Seat 4: HubertusB ($23.94 in chips) 
Seat 5: EffOrt100% ($8.90 in chips) 
Seat 6: shuangling7 ($9.60 in chips) 
carlitosCapone: posts small blind $0.05
padde886: posts big blind $0.10
*** HOLE CARDS ***
Dealt to HubertusB [7s Js]
HubertusB: folds 
EffOrt100%: folds 
shuangling7: folds 
alexx468: raises $0.10 to $0.20
carlitosCapone: folds 
padde886: raises $0.50 to $0.70
alexx468: folds 
Uncalled bet ($0.50) returned to padde886
padde886 collected $0.45 from pot
padde886: doesn't show hand 
*** SUMMARY ***
Total pot $0.45 | Rake $0 
Seat 1: alexx468 (button) folded before Flop
Seat 2: carlitosCapone (small blind) folded before Flop
Seat 3: padde886 (big blind) collected ($0.45)
Seat 4: HubertusB folded before Flop (didn't bet)
Seat 5: EffOrt100% folded before Flop (didn't bet)
Seat 6: shuangling7 folded before Flop (didn't bet)



PokerStars Zoom Hand #175930320802:  Hold'em No Limit ($0.05/$0.10) - 2017/09/21 22:14:27 CCT [2017/09/21 10:14:27 ET]
Table 'Aludra' 6-max Seat #1 is the button
Seat 1: aldinetto ($18.46 in chips) 
Seat 2: carlitosCapone ($21.63 in chips) 
Seat 3: HubertusB ($23.89 in chips) 
Seat 4: CptBluff1988 ($10 in chips) 
Seat 5: Fernan-BR ($25.66 in chips) 
Seat 6: 3DMINSK ($22.46 in chips) 
carlitosCapone: posts small blind $0.05
HubertusB: posts big blind $0.10
*** HOLE CARDS ***
Dealt to HubertusB [2s Kc]
CptBluff1988: folds 
Fernan-BR: raises $0.10 to $0.20
3DMINSK: folds 
aldinetto: folds 
carlitosCapone: calls $0.15
HubertusB: folds 
*** FLOP *** [Qh 9d 3s]
carlitosCapone: bets $0.19
Fernan-BR: calls $0.19
*** TURN *** [Qh 9d 3s] [Jc]
carlitosCapone: bets $0.33
Fernan-BR: calls $0.33
*** RIVER *** [Qh 9d 3s Jc] [8d]
carlitosCapone: checks 
Fernan-BR: bets $0.80
carlitosCapone: calls $0.80
*** SHOW DOWN ***
Fernan-BR: shows [8s Js] (two pair, Jacks and Eights)
carlitosCapone: mucks hand 
Fernan-BR collected $3 from pot
*** SUMMARY ***
Total pot $3.14 | Rake $0.14 
Board [Qh 9d 3s Jc 8d]
Seat 1: aldinetto (button) folded before Flop (didn't bet)
Seat 2: carlitosCapone (small blind) mucked [Ah Ac]
Seat 3: HubertusB (big blind) folded before Flop
Seat 4: CptBluff1988 folded before Flop (didn't bet)
Seat 5: Fernan-BR showed [8s Js] and won ($3) with two pair, Jacks and Eights
Seat 6: 3DMINSK folded before Flop (didn't bet)



PokerStars Zoom Hand #175930339019:  Hold'em No Limit ($0.05/$0.10) - 2017/09/21 22:15:01 CCT [2017/09/21 10:15:01 ET]
Table 'Aludra' 6-max Seat #1 is the button
Seat 1: lealko14 ($14.74 in chips) 
Seat 2: HubertusB ($23.94 in chips) 
Seat 3: Stijntju ($10.15 in chips) 
Seat 4: jkeljacki ($39.43 in chips) 
Seat 5: partynight65 ($10 in chips) 
Seat 6: pkgdzen ($11.27 in chips) 
HubertusB: posts small blind $0.05
Stijntju: posts big blind $0.10
*** HOLE CARDS ***
Dealt to HubertusB [9s Js]
jkeljacki: raises $0.20 to $0.30
partynight65: calls $0.30
pkgdzen: folds 
lealko14: folds 
HubertusB: calls $0.25
Stijntju: folds 
*** FLOP *** [6d 4d Ts]
HubertusB: checks 
jkeljacki: bets $0.63
partynight65: calls $0.63
HubertusB: raises $1.27 to $1.90
jkeljacki: calls $1.27
partynight65: calls $1.27
*** TURN *** [6d 4d Ts] [7s]
HubertusB: bets $4.20
jkeljacki: folds 
partynight65: folds 
Uncalled bet ($4.20) returned to HubertusB
HubertusB collected $6.40 from pot
HubertusB: doesn't show hand 
*** SUMMARY ***
Total pot $6.70 | Rake $0.30 
Board [6d 4d Ts 7s]
Seat 1: lealko14 (button) folded before Flop (didn't bet)
Seat 2: HubertusB (small blind) collected ($6.40)
Seat 3: Stijntju (big blind) folded before Flop
Seat 4: jkeljacki folded on the Turn
Seat 5: partynight65 folded on the Turn
Seat 6: pkgdzen folded before Flop (didn't bet)



PokerStars Zoom Hand #175930405844:  Hold'em No Limit ($0.05/$0.10) - 2017/09/21 22:17:06 CCT [2017/09/21 10:17:06 ET]
Table 'Aludra' 6-max Seat #1 is the button
Seat 1: xandrrro ($12.71 in chips) 
Seat 2: Ytowo ($13.27 in chips) 
Seat 3: HubertusB ($27.88 in chips) 
Seat 4: EffOrt100% ($7.46 in chips) 
Seat 5: enerer_mode ($5.64 in chips) 
Seat 6: fox harbar ($5.15 in chips) 
Ytowo: posts small blind $0.05
HubertusB: posts big blind $0.10
*** HOLE CARDS ***
Dealt to HubertusB [2d 6s]
EffOrt100%: folds 
enerer_mode: folds 
fox harbar: folds 
xandrrro: raises $0.15 to $0.25
Ytowo: raises $0.55 to $0.80
HubertusB: folds 
xandrrro: folds 
Uncalled bet ($0.55) returned to Ytowo
Ytowo collected $0.60 from pot
Ytowo: doesn't show hand 
*** SUMMARY ***
Total pot $0.60 | Rake $0 
Seat 1: xandrrro (button) folded before Flop
Seat 2: Ytowo (small blind) collected ($0.60)
Seat 3: HubertusB (big blind) folded before Flop
Seat 4: EffOrt100% folded before Flop (didn't bet)
Seat 5: enerer_mode folded before Flop (didn't bet)
Seat 6: fox harbar folded before Flop (didn't bet)



PokerStars Zoom Hand #175930412365:  Hold'em No Limit ($0.05/$0.10) - 2017/09/21 22:17:18 CCT [2017/09/21 10:17:18 ET]
Table 'Aludra' 6-max Seat #1 is the button
Seat 1: maderita ($5.21 in chips) 
Seat 2: 94Daniel07 ($10.05 in chips) 
Seat 3: makodao ($10.29 in chips) 
Seat 4: Kirikulu ($10.45 in chips) 
Seat 5: mvp_41_ich ($9.06 in chips) 
Seat 6: HubertusB ($27.78 in chips) 
94Daniel07: posts small blind $0.05
makodao: posts big blind $0.10
*** HOLE CARDS ***
Dealt to HubertusB [Ts Jc]
Kirikulu: folds 
mvp_41_ich: folds 
HubertusB: raises $0.20 to $0.30
maderita: folds 
94Daniel07: folds 
makodao: folds 
Uncalled bet ($0.20) returned to HubertusB
HubertusB collected $0.25 from pot
HubertusB: doesn't show hand 
*** SUMMARY ***
Total pot $0.25 | Rake $0 
Seat 1: maderita (button) folded before Flop (didn't bet)
Seat 2: 94Daniel07 (small blind) folded before Flop
Seat 3: makodao (big blind) folded before Flop
Seat 4: Kirikulu folded before Flop (didn't bet)
Seat 5: mvp_41_ich folded before Flop (didn't bet)
Seat 6: HubertusB collected ($0.25)



PokerStars Zoom Hand #175930390746:  Hold'em No Limit ($0.05/$0.10) - 2017/09/21 22:16:38 CCT [2017/09/21 10:16:38 ET]
Table 'Aludra' 6-max Seat #1 is the button
Seat 1: HubertusB ($28.14 in chips) 
Seat 2: Mediazzz ($10 in chips) 
Seat 3: PeskyMouse ($13.05 in chips) 
Seat 4: Draugsvoll ($11.46 in chips) 
Seat 5: DavidWebb369 ($11.54 in chips) 
Seat 6: Ramis30 ($5.09 in chips) 
Mediazzz: posts small blind $0.05
PeskyMouse: posts big blind $0.10
*** HOLE CARDS ***
Dealt to HubertusB [6h 5h]
Draugsvoll: raises $0.16 to $0.26
DavidWebb369: folds 
Ramis30: folds 
HubertusB: calls $0.26
Mediazzz: folds 
PeskyMouse: calls $0.16
*** FLOP *** [Jc 8s Ah]
PeskyMouse: checks 
Draugsvoll: bets $0.39
HubertusB: folds 
PeskyMouse: raises $0.79 to $1.18
Draugsvoll: calls $0.79
*** TURN *** [Jc 8s Ah] [3d]
PeskyMouse: bets $1.35
Draugsvoll: folds 
Uncalled bet ($1.35) returned to PeskyMouse
PeskyMouse collected $3.05 from pot
PeskyMouse: doesn't show hand 
*** SUMMARY ***
Total pot $3.19 | Rake $0.14 
Board [Jc 8s Ah 3d]
Seat 1: HubertusB (button) folded on the Flop
Seat 2: Mediazzz (small blind) folded before Flop
Seat 3: PeskyMouse (big blind) collected ($3.05)
Seat 4: Draugsvoll folded on the Turn
Seat 5: DavidWebb369 folded before Flop (didn't bet)
Seat 6: Ramis30 folded before Flop (didn't bet)



PokerStars Zoom Hand #175930419820:  Hold'em No Limit ($0.05/$0.10) - 2017/09/21 22:17:32 CCT [2017/09/21 10:17:32 ET]
Table 'Aludra' 6-max Seat #1 is the button
Seat 1: carl548 ($10.83 in chips) 
Seat 2: HubertusB ($27.93 in chips) 
Seat 3: NuevoMutro ($23.62 in chips) 
Seat 4: yebibo2003 ($11.23 in chips) 
Seat 5: Char0n84 ($4.16 in chips) 
Seat 6: Niknais ($9.68 in chips) 
HubertusB: posts small blind $0.05
NuevoMutro: posts big blind $0.10
*** HOLE CARDS ***
Dealt to HubertusB [Tc Td]
yebibo2003: folds 
Char0n84: folds 
Niknais: folds 
carl548: folds 
HubertusB: raises $0.20 to $0.30
NuevoMutro: calls $0.20
*** FLOP *** [Jd 6s Js]
HubertusB: checks 
NuevoMutro: bets $0.29
HubertusB: calls $0.29
*** TURN *** [Jd 6s Js] [7s]
HubertusB: checks 
NuevoMutro: bets $0.90
HubertusB: calls $0.90
*** RIVER *** [Jd 6s Js 7s] [Jh]
HubertusB: checks 
NuevoMutro: checks 
*** SHOW DOWN ***
HubertusB: shows [Tc Td] (a full house, Jacks full of Tens)
NuevoMutro: mucks hand 
HubertusB collected $2.85 from pot
*** SUMMARY ***
Total pot $2.98 | Rake $0.13 
Board [Jd 6s Js 7s Jh]
Seat 1: carl548 (button) folded before Flop (didn't bet)
Seat 2: HubertusB (small blind) showed [Tc Td] and won ($2.85) with a full house, Jacks full of Tens
Seat 3: NuevoMutro (big blind) mucked [3s Qs]
Seat 4: yebibo2003 folded before Flop (didn't bet)
Seat 5: Char0n84 folded before Flop (didn't bet)
Seat 6: Niknais folded before Flop (didn't bet)



PokerStars Zoom Hand #175930469973:  Hold'em No Limit ($0.05/$0.10) - 2017/09/21 22:19:05 CCT [2017/09/21 10:19:05 ET]
Table 'Aludra' 6-max Seat #1 is the button
Seat 1: ivanmonteneg ($12.05 in chips) 
Seat 2: EffOrt100% ($10 in chips) 
Seat 3: DavidWebb369 ($11.64 in chips) 
Seat 4: HubertusB ($29.29 in chips) 
Seat 5: Shintaro327 ($18.18 in chips) 
Seat 6: dekabrist185 ($11.63 in chips) 
EffOrt100%: posts small blind $0.05
DavidWebb369: posts big blind $0.10
*** HOLE CARDS ***
Dealt to HubertusB [Th 8h]
HubertusB: raises $0.20 to $0.30
Shintaro327: folds 
dekabrist185: folds 
ivanmonteneg: folds 
EffOrt100%: folds 
DavidWebb369: folds 
Uncalled bet ($0.20) returned to HubertusB
HubertusB collected $0.25 from pot
HubertusB: doesn't show hand 
*** SUMMARY ***
Total pot $0.25 | Rake $0 
Seat 1: ivanmonteneg (button) folded before Flop (didn't bet)
Seat 2: EffOrt100% (small blind) folded before Flop
Seat 3: DavidWebb369 (big blind) folded before Flop
Seat 4: HubertusB collected ($0.25)
Seat 5: Shintaro327 folded before Flop (didn't bet)
Seat 6: dekabrist185 folded before Flop (didn't bet)



PokerStars Zoom Hand #175930477651:  Hold'em No Limit ($0.05/$0.10) - 2017/09/21 22:19:19 CCT [2017/09/21 10:19:19 ET]
Table 'Aludra' 6-max Seat #1 is the button
Seat 1: HubertusB ($29.44 in chips) 
Seat 2: symkalaila ($17.54 in chips) 
Seat 3: G-Dawg-4 ($12.04 in chips) 
Seat 4: LaPlacinta ($10.15 in chips) 
Seat 5: Limbo777 ($12.99 in chips) 
Seat 6: ivanmonteneg ($7.68 in chips) 
symkalaila: posts small blind $0.05
G-Dawg-4: posts big blind $0.10
*** HOLE CARDS ***
Dealt to HubertusB [Ah 7c]
LaPlacinta: raises $0.20 to $0.30
Limbo777: folds 
ivanmonteneg: folds 
HubertusB: folds 
symkalaila: folds 
G-Dawg-4: folds 
Uncalled bet ($0.20) returned to LaPlacinta
LaPlacinta collected $0.25 from pot
LaPlacinta: doesn't show hand 
*** SUMMARY ***
Total pot $0.25 | Rake $0 
Seat 1: HubertusB (button) folded before Flop (didn't bet)
Seat 2: symkalaila (small blind) folded before Flop
Seat 3: G-Dawg-4 (big blind) folded before Flop
Seat 4: LaPlacinta collected ($0.25)
Seat 5: Limbo777 folded before Flop (didn't bet)
Seat 6: ivanmonteneg folded before Flop (didn't bet)



PokerStars Zoom Hand #175930480849:  Hold'em No Limit ($0.05/$0.10) - 2017/09/21 22:19:25 CCT [2017/09/21 10:19:25 ET]
Table 'Aludra' 6-max Seat #1 is the button
Seat 1: Mentos Cola ($18.62 in chips) 
Seat 2: Marciofav ($8.67 in chips) 
Seat 3: kotpigav ($14.43 in chips) 
Seat 4: Acc0-swe ($12.86 in chips) 
Seat 5: 1VolkodavVDV ($6.80 in chips) 
Seat 6: HubertusB ($29.44 in chips) 
Marciofav: posts small blind $0.05
kotpigav: posts big blind $0.10
*** HOLE CARDS ***
Dealt to HubertusB [Ad 7d]
Acc0-swe: folds 
1VolkodavVDV: folds 
HubertusB: raises $0.20 to $0.30
Mentos Cola: folds 
Marciofav: calls $0.25
kotpigav: folds 
*** FLOP *** [Td 8c Th]
Marciofav: checks 
HubertusB: bets $0.37
Marciofav: calls $0.37
*** TURN *** [Td 8c Th] [Jd]
Marciofav: checks 
HubertusB: checks 
*** RIVER *** [Td 8c Th Jd] [8s]
Marciofav: bets $0.69
HubertusB: calls $0.69
*** SHOW DOWN ***
Marciofav: shows [Qc Js] (two pair, Jacks and Tens)
HubertusB: mucks hand 
Marciofav collected $2.69 from pot
*** SUMMARY ***
Total pot $2.82 | Rake $0.13 
Board [Td 8c Th Jd 8s]
Seat 1: Mentos Cola (button) folded before Flop (didn't bet)
Seat 2: Marciofav (small blind) showed [Qc Js] and won ($2.69) with two pair, Jacks and Tens
Seat 3: kotpigav (big blind) folded before Flop
Seat 4: Acc0-swe folded before Flop (didn't bet)
Seat 5: 1VolkodavVDV folded before Flop (didn't bet)
Seat 6: HubertusB mucked [Ad 7d]



PokerStars Zoom Hand #175930515430:  Hold'em No Limit ($0.05/$0.10) - 2017/09/21 22:20:29 CCT [2017/09/21 10:20:29 ET]
Table 'Aludra' 6-max Seat #1 is the button
Seat 1: FRAID358 ($10.66 in chips) 
Seat 2: bob-xox ($20.28 in chips) 
Seat 3: HubertusB ($28.08 in chips) 
Seat 4: KiroV999 ($10.50 in chips) 
Seat 5: beefyballs1 ($8.40 in chips) 
Seat 6: LEKON777 ($8.51 in chips) 
bob-xox: posts small blind $0.05
HubertusB: posts big blind $0.10
*** HOLE CARDS ***
Dealt to HubertusB [8h 3c]
KiroV999: folds 
beefyballs1: folds 
LEKON777: folds 
FRAID358: folds 
bob-xox: folds 
Uncalled bet ($0.05) returned to HubertusB
HubertusB collected $0.10 from pot
HubertusB: doesn't show hand 
*** SUMMARY ***
Total pot $0.10 | Rake $0 
Seat 1: FRAID358 (button) folded before Flop (didn't bet)
Seat 2: bob-xox (small blind) folded before Flop
Seat 3: HubertusB (big blind) collected ($0.10)
Seat 4: KiroV999 folded before Flop (didn't bet)
Seat 5: beefyballs1 folded before Flop (didn't bet)
Seat 6: LEKON777 folded before Flop (didn't bet)



PokerStars Zoom Hand #175930526917:  Hold'em No Limit ($0.05/$0.10) - 2017/09/21 22:20:50 CCT [2017/09/21 10:20:50 ET]
Table 'Aludra' 6-max Seat #1 is the button
Seat 1: mamikon54 ($25.76 in chips) 
Seat 2: Stijntju ($10.10 in chips) 
Seat 3: kalmyk ($10 in chips) 
Seat 4: HubertusB ($28.13 in chips) 
Seat 5: RBkaptsevich ($5.47 in chips) 
Seat 6: Laeyz7 ($10 in chips) 
Stijntju: posts small blind $0.05
kalmyk: posts big blind $0.10
*** HOLE CARDS ***
Dealt to HubertusB [Qh 7s]
HubertusB: folds 
RBkaptsevich: raises $0.10 to $0.20
Laeyz7: folds 
mamikon54: calls $0.20
Stijntju: folds 
kalmyk: folds 
*** FLOP *** [Jd Tc 8c]
RBkaptsevich: bets $0.10
mamikon54: folds 
Uncalled bet ($0.10) returned to RBkaptsevich
RBkaptsevich collected $0.53 from pot
RBkaptsevich: doesn't show hand 
*** SUMMARY ***
Total pot $0.55 | Rake $0.02 
Board [Jd Tc 8c]
Seat 1: mamikon54 (button) folded on the Flop
Seat 2: Stijntju (small blind) folded before Flop
Seat 3: kalmyk (big blind) folded before Flop
Seat 4: HubertusB folded before Flop (didn't bet)
Seat 5: RBkaptsevich collected ($0.53)
Seat 6: Laeyz7 folded before Flop (didn't bet)



PokerStars Zoom Hand #175930530194:  Hold'em No Limit ($0.05/$0.10) - 2017/09/21 22:20:56 CCT [2017/09/21 10:20:56 ET]
Table 'Aludra' 6-max Seat #1 is the button
Seat 1: HubertusB ($28.13 in chips) 
Seat 2: enerer_mode ($5.16 in chips) 
Seat 3: symkalaila ($20.62 in chips) 
Seat 4: knoblis14 ($14.18 in chips) 
Seat 5: chreso100 ($16.34 in chips) 
Seat 6: jkeljacki ($24.99 in chips) 
enerer_mode: posts small blind $0.05
symkalaila: posts big blind $0.10
*** HOLE CARDS ***
Dealt to HubertusB [5c Js]
knoblis14: folds 
chreso100: raises $0.20 to $0.30
jkeljacki: folds 
HubertusB: folds 
enerer_mode: folds 
symkalaila: folds 
Uncalled bet ($0.20) returned to chreso100
chreso100 collected $0.25 from pot
chreso100: doesn't show hand 
*** SUMMARY ***
Total pot $0.25 | Rake $0 
Seat 1: HubertusB (button) folded before Flop (didn't bet)
Seat 2: enerer_mode (small blind) folded before Flop
Seat 3: symkalaila (big blind) folded before Flop
Seat 4: knoblis14 folded before Flop (didn't bet)
Seat 5: chreso100 collected ($0.25)
Seat 6: jkeljacki folded before Flop (didn't bet)



PokerStars Zoom Hand #175930541109:  Hold'em No Limit ($0.05/$0.10) - 2017/09/21 22:21:16 CCT [2017/09/21 10:21:16 ET]
Table 'Aludra' 6-max Seat #1 is the button
Seat 1: Gambler(CM)9 ($7.03 in chips) 
Seat 2: Rexpekt ($10.02 in chips) 
Seat 3: Y.Zakharov ($11.98 in chips) 
Seat 4: balica248 ($8.69 in chips) 
Seat 5: HubertusB ($28.13 in chips) 
Seat 6: goldenhayl ($8.58 in chips) 
Rexpekt: posts small blind $0.05
Y.Zakharov: posts big blind $0.10
*** HOLE CARDS ***
Dealt to HubertusB [6h 5c]
balica248: folds 
HubertusB: folds 
goldenhayl: folds 
Gambler(CM)9: folds 
Rexpekt: folds 
Uncalled bet ($0.05) returned to Y.Zakharov
Y.Zakharov collected $0.10 from pot
Y.Zakharov: doesn't show hand 
*** SUMMARY ***
Total pot $0.10 | Rake $0 
Seat 1: Gambler(CM)9 (button) folded before Flop (didn't bet)
Seat 2: Rexpekt (small blind) folded before Flop
Seat 3: Y.Zakharov (big blind) collected ($0.10)
Seat 4: balica248 folded before Flop (didn't bet)
Seat 5: HubertusB folded before Flop (didn't bet)
Seat 6: goldenhayl folded before Flop (didn't bet)



PokerStars Zoom Hand #175930535650:  Hold'em No Limit ($0.05/$0.10) - 2017/09/21 22:21:06 CCT [2017/09/21 10:21:06 ET]
Table 'Aludra' 6-max Seat #1 is the button
Seat 1: Coole Rick ($10 in chips) 
Seat 2: Y.Zakharov ($10.33 in chips) 
Seat 3: Blazar1133 ($10 in chips) 
Seat 4: Jogi0203 ($11.05 in chips) 
Seat 5: HubertusB ($28.13 in chips) 
Seat 6: LSK/LK821 ($10 in chips) 
Y.Zakharov: posts small blind $0.05
Blazar1133: posts big blind $0.10
*** HOLE CARDS ***
Dealt to HubertusB [Td 4d]
Jogi0203: raises $0.10 to $0.20
HubertusB: folds 
LSK/LK821: folds 
Coole Rick: folds 
Y.Zakharov: calls $0.15
Blazar1133: folds 
*** FLOP *** [2c Ad Qd]
Y.Zakharov: checks 
Jogi0203: bets $0.10
Y.Zakharov: calls $0.10
*** TURN *** [2c Ad Qd] [8d]
Y.Zakharov: checks 
Jogi0203: bets $0.20
Y.Zakharov: folds 
Uncalled bet ($0.20) returned to Jogi0203
Jogi0203 collected $0.67 from pot
Jogi0203: doesn't show hand 
*** SUMMARY ***
Total pot $0.70 | Rake $0.03 
Board [2c Ad Qd 8d]
Seat 1: Coole Rick (button) folded before Flop (didn't bet)
Seat 2: Y.Zakharov (small blind) folded on the Turn
Seat 3: Blazar1133 (big blind) folded before Flop
Seat 4: Jogi0203 collected ($0.67)
Seat 5: HubertusB folded before Flop (didn't bet)
Seat 6: LSK/LK821 folded before Flop (didn't bet)



PokerStars Zoom Hand #175930548138:  Hold'em No Limit ($0.05/$0.10) - 2017/09/21 22:21:29 CCT [2017/09/21 10:21:29 ET]
Table 'Aludra' 6-max Seat #1 is the button
Seat 1: Laeyz7 ($10 in chips) 
Seat 2: HubertusB ($28.13 in chips) 
Seat 3: shuangling7 ($25.94 in chips) 
Seat 4: Mediazzz ($10 in chips) 
Seat 5: Bongcloudy ($14.79 in chips) 
Seat 6: frol28070 ($10.18 in chips) 
HubertusB: posts small blind $0.05
shuangling7: posts big blind $0.10
*** HOLE CARDS ***
Dealt to HubertusB [5d 8s]
Mediazzz: folds 
Bongcloudy: folds 
frol28070: folds 
Laeyz7: folds 
HubertusB: folds 
Uncalled bet ($0.05) returned to shuangling7
shuangling7 collected $0.10 from pot
shuangling7: doesn't show hand 
*** SUMMARY ***
Total pot $0.10 | Rake $0 
Seat 1: Laeyz7 (button) folded before Flop (didn't bet)
Seat 2: HubertusB (small blind) folded before Flop
Seat 3: shuangling7 (big blind) collected ($0.10)
Seat 4: Mediazzz folded before Flop (didn't bet)
Seat 5: Bongcloudy folded before Flop (didn't bet)
Seat 6: frol28070 folded before Flop (didn't bet)



PokerStars Zoom Hand #175930544385:  Hold'em No Limit ($0.05/$0.10) - 2017/09/21 22:21:22 CCT [2017/09/21 10:21:22 ET]
Table 'Aludra' 6-max Seat #1 is the button
Seat 1: Leks Gold ($10.05 in chips) 
Seat 2: FRAID358 ($10.39 in chips) 
Seat 3: Xseven77 ($11.58 in chips) 
Seat 4: HubertusB ($28.13 in chips) 
Seat 5: Leslav ($18.64 in chips) 
Seat 6: DmitriySc ($4.76 in chips) 
FRAID358: posts small blind $0.05
Xseven77: posts big blind $0.10
*** HOLE CARDS ***
Dealt to HubertusB [Js 7s]
HubertusB: folds 
Leslav: folds 
DmitriySc: calls $0.10
Leks Gold: folds 
FRAID358: folds 
Xseven77: checks 
*** FLOP *** [Kh Th Qd]
Xseven77: checks 
DmitriySc: checks 
*** TURN *** [Kh Th Qd] [8s]
Xseven77: bets $0.20
DmitriySc: folds 
Uncalled bet ($0.20) returned to Xseven77
Xseven77 collected $0.24 from pot
Xseven77: doesn't show hand 
*** SUMMARY ***
Total pot $0.25 | Rake $0.01 
Board [Kh Th Qd 8s]
Seat 1: Leks Gold (button) folded before Flop (didn't bet)
Seat 2: FRAID358 (small blind) folded before Flop
Seat 3: Xseven77 (big blind) collected ($0.24)
Seat 4: HubertusB folded before Flop (didn't bet)
Seat 5: Leslav folded before Flop (didn't bet)
Seat 6: DmitriySc folded on the Turn



PokerStars Zoom Hand #175930551375:  Hold'em No Limit ($0.05/$0.10) - 2017/09/21 22:21:35 CCT [2017/09/21 10:21:35 ET]
Table 'Aludra' 6-max Seat #1 is the button
Seat 1: kicold ($19.29 in chips) 
Seat 2: LeoTheDwarf ($11.93 in chips) 
Seat 3: HubertusB ($28.08 in chips) 
Seat 4: Fi$her5555 ($11.63 in chips) 
Seat 5: Wervolf17 ($2.15 in chips) 
Seat 6: edeust ($14.36 in chips) 
LeoTheDwarf: posts small blind $0.05
HubertusB: posts big blind $0.10
*** HOLE CARDS ***
Dealt to HubertusB [7h 6d]
Fi$her5555: folds 
Wervolf17: calls $0.10
edeust: folds 
kicold: folds 
LeoTheDwarf: folds 
HubertusB: checks 
*** FLOP *** [9d Qs 7d]
HubertusB: checks 
Wervolf17: checks 
*** TURN *** [9d Qs 7d] [Th]
HubertusB: bets $0.20
Wervolf17: folds 
Uncalled bet ($0.20) returned to HubertusB
HubertusB collected $0.24 from pot
HubertusB: doesn't show hand 
*** SUMMARY ***
Total pot $0.25 | Rake $0.01 
Board [9d Qs 7d Th]
Seat 1: kicold (button) folded before Flop (didn't bet)
Seat 2: LeoTheDwarf (small blind) folded before Flop
Seat 3: HubertusB (big blind) collected ($0.24)
Seat 4: Fi$her5555 folded before Flop (didn't bet)
Seat 5: Wervolf17 folded on the Turn
Seat 6: edeust folded before Flop (didn't bet)



PokerStars Zoom Hand #175930568214:  Hold'em No Limit ($0.05/$0.10) - 2017/09/21 22:22:06 CCT [2017/09/21 10:22:06 ET]
Table 'Aludra' 6-max Seat #1 is the button
Seat 1: HubertusB ($28.22 in chips) 
Seat 2: Evgenij1977 ($6.13 in chips) 
Seat 3: Mentos Cola ($20.73 in chips) 
Seat 4: Rexpekt ($13.78 in chips) 
Seat 5: tomo1226 ($9.03 in chips) 
Seat 6: kotpigav ($23.56 in chips) 
Evgenij1977: posts small blind $0.05
Mentos Cola: posts big blind $0.10
*** HOLE CARDS ***
Dealt to HubertusB [5s Jh]
Rexpekt: folds 
tomo1226: folds 
kotpigav: folds 
HubertusB: folds 
Evgenij1977: folds 
Uncalled bet ($0.05) returned to Mentos Cola
Mentos Cola collected $0.10 from pot
Mentos Cola: doesn't show hand 
*** SUMMARY ***
Total pot $0.10 | Rake $0 
Seat 1: HubertusB (button) folded before Flop (didn't bet)
Seat 2: Evgenij1977 (small blind) folded before Flop
Seat 3: Mentos Cola (big blind) collected ($0.10)
Seat 4: Rexpekt folded before Flop (didn't bet)
Seat 5: tomo1226 folded before Flop (didn't bet)
Seat 6: kotpigav folded before Flop (didn't bet)



PokerStars Zoom Hand #175930571397:  Hold'em No Limit ($0.05/$0.10) - 2017/09/21 22:22:12 CCT [2017/09/21 10:22:12 ET]
Table 'Aludra' 6-max Seat #1 is the button
Seat 1: Detomazo ($24.12 in chips) 
Seat 2: HubertusB ($28.22 in chips) 
Seat 3: Riverluckyem ($27.86 in chips) 
Seat 4: thorli_AA ($13.99 in chips) 
Seat 5: Leks Gold ($15.13 in chips) 
Seat 6: babloboy ($10 in chips) 
HubertusB: posts small blind $0.05
Riverluckyem: posts big blind $0.10
*** HOLE CARDS ***
Dealt to HubertusB [4s Kc]
thorli_AA: folds 
Leks Gold: folds 
babloboy: raises $0.15 to $0.25
Detomazo: calls $0.25
HubertusB: folds 
Riverluckyem: folds 
*** FLOP *** [Jc Kd 5s]
babloboy: bets $0.35
Detomazo: folds 
Uncalled bet ($0.35) returned to babloboy
babloboy collected $0.62 from pot
babloboy: doesn't show hand 
*** SUMMARY ***
Total pot $0.65 | Rake $0.03 
Board [Jc Kd 5s]
Seat 1: Detomazo (button) folded on the Flop
Seat 2: HubertusB (small blind) folded before Flop
Seat 3: Riverluckyem (big blind) folded before Flop
Seat 4: thorli_AA folded before Flop (didn't bet)
Seat 5: Leks Gold folded before Flop (didn't bet)
Seat 6: babloboy collected ($0.62)



PokerStars Zoom Hand #175930578431:  Hold'em No Limit ($0.05/$0.10) - 2017/09/21 22:22:25 CCT [2017/09/21 10:22:25 ET]
Table 'Aludra' 6-max Seat #1 is the button
Seat 1: KAHARANARA ($11.60 in chips) 
Seat 2: bigfeet885 ($6.19 in chips) 
Seat 3: ChiefSkorkho ($13.77 in chips) 
Seat 4: globi5 ($9.09 in chips) 
Seat 5: HubertusB ($28.17 in chips) 
Seat 6: Piqzer ($14.27 in chips) 
bigfeet885: posts small blind $0.05
ChiefSkorkho: posts big blind $0.10
*** HOLE CARDS ***
Dealt to HubertusB [8h Tc]
globi5: raises $0.15 to $0.25
HubertusB: folds 
Piqzer: folds 
KAHARANARA: folds 
bigfeet885: folds 
ChiefSkorkho: folds 
Uncalled bet ($0.15) returned to globi5
globi5 collected $0.25 from pot
globi5: doesn't show hand 
*** SUMMARY ***
Total pot $0.25 | Rake $0 
Seat 1: KAHARANARA (button) folded before Flop (didn't bet)
Seat 2: bigfeet885 (small blind) folded before Flop
Seat 3: ChiefSkorkho (big blind) folded before Flop
Seat 4: globi5 collected ($0.25)
Seat 5: HubertusB folded before Flop (didn't bet)
Seat 6: Piqzer folded before Flop (didn't bet)



PokerStars Zoom Hand #175930574683:  Hold'em No Limit ($0.05/$0.10) - 2017/09/21 22:22:18 CCT [2017/09/21 10:22:18 ET]
Table 'Aludra' 6-max Seat #1 is the button
Seat 1: symkalaila ($17.74 in chips) 
Seat 2: Bongcloudy ($14.64 in chips) 
Seat 3: pimpimer ($10.16 in chips) 
Seat 4: wwigrok79 ($8.08 in chips) 
Seat 5: Girigal ($10.47 in chips) 
Seat 6: HubertusB ($28.17 in chips) 
Bongcloudy: posts small blind $0.05
pimpimer: posts big blind $0.10
*** HOLE CARDS ***
Dealt to HubertusB [2d 8h]
wwigrok79: folds 
Girigal: folds 
HubertusB: folds 
symkalaila: raises $0.10 to $0.20
Bongcloudy: folds 
pimpimer: folds 
Uncalled bet ($0.10) returned to symkalaila
symkalaila collected $0.25 from pot
symkalaila: doesn't show hand 
*** SUMMARY ***
Total pot $0.25 | Rake $0 
Seat 1: symkalaila (button) collected ($0.25)
Seat 2: Bongcloudy (small blind) folded before Flop
Seat 3: pimpimer (big blind) folded before Flop
Seat 4: wwigrok79 folded before Flop (didn't bet)
Seat 5: Girigal folded before Flop (didn't bet)
Seat 6: HubertusB folded before Flop (didn't bet)



PokerStars Zoom Hand #175930582200:  Hold'em No Limit ($0.05/$0.10) - 2017/09/21 22:22:32 CCT [2017/09/21 10:22:32 ET]
Table 'Aludra' 6-max Seat #1 is the button
Seat 1: JohnyPopleta ($10 in chips) 
Seat 2: lealko14 ($10.32 in chips) 
Seat 3: SEXXYMARTIN ($9.94 in chips) 
Seat 4: HubertusB ($28.17 in chips) 
Seat 5: carlitosCapone ($14.08 in chips) 
Seat 6: Antosio ($12.51 in chips) 
lealko14: posts small blind $0.05
SEXXYMARTIN: posts big blind $0.10
*** HOLE CARDS ***
Dealt to HubertusB [8s 7h]
HubertusB: folds 
carlitosCapone: folds 
Antosio: folds 
JohnyPopleta: raises $0.11 to $0.21
lealko14: folds 
SEXXYMARTIN: folds 
Uncalled bet ($0.11) returned to JohnyPopleta
JohnyPopleta collected $0.25 from pot
JohnyPopleta: doesn't show hand 
*** SUMMARY ***
Total pot $0.25 | Rake $0 
Seat 1: JohnyPopleta (button) collected ($0.25)
Seat 2: lealko14 (small blind) folded before Flop
Seat 3: SEXXYMARTIN (big blind) folded before Flop
Seat 4: HubertusB folded before Flop (didn't bet)
Seat 5: carlitosCapone folded before Flop (didn't bet)
Seat 6: Antosio folded before Flop (didn't bet)



PokerStars Zoom Hand #175930585986:  Hold'em No Limit ($0.05/$0.10) - 2017/09/21 22:22:39 CCT [2017/09/21 10:22:39 ET]
Table 'Aludra' 6-max Seat #1 is the button
Seat 1: Xseven77 ($11.99 in chips) 
Seat 2: Dasein1 ($32.76 in chips) 
Seat 3: HubertusB ($28.17 in chips) 
Seat 4: ThinkOrSwimX ($11.94 in chips) 
Seat 5: lucaspiva10 ($8.87 in chips) 
Seat 6: alex22is ($9.65 in chips) 
Dasein1: posts small blind $0.05
HubertusB: posts big blind $0.10
*** HOLE CARDS ***
Dealt to HubertusB [3c 6s]
ThinkOrSwimX: folds 
lucaspiva10: folds 
alex22is: folds 
Xseven77: raises $0.30 to $0.40
Dasein1: folds 
HubertusB: folds 
Uncalled bet ($0.30) returned to Xseven77
Xseven77 collected $0.25 from pot
Xseven77: doesn't show hand 
*** SUMMARY ***
Total pot $0.25 | Rake $0 
Seat 1: Xseven77 (button) collected ($0.25)
Seat 2: Dasein1 (small blind) folded before Flop
Seat 3: HubertusB (big blind) folded before Flop
Seat 4: ThinkOrSwimX folded before Flop (didn't bet)
Seat 5: lucaspiva10 folded before Flop (didn't bet)
Seat 6: alex22is folded before Flop (didn't bet)



PokerStars Zoom Hand #175930595810:  Hold'em No Limit ($0.05/$0.10) - 2017/09/21 22:22:57 CCT [2017/09/21 10:22:57 ET]
Table 'Aludra' 6-max Seat #1 is the button
Seat 1: Piqzer ($11.38 in chips) 
Seat 2: Grummelerwin ($51.68 in chips) 
Seat 3: pichman1.89 ($10.82 in chips) 
Seat 4: HubertusB ($28.07 in chips) 
Seat 5: Silviaatje ($9.70 in chips) 
Seat 6: KnobKerrie ($31.31 in chips) 
Grummelerwin: posts small blind $0.05
pichman1.89: posts big blind $0.10
*** HOLE CARDS ***
Dealt to HubertusB [Jc Qh]
HubertusB: folds 
Silviaatje: folds 
KnobKerrie: folds 
Piqzer: folds 
Grummelerwin: folds 
Uncalled bet ($0.05) returned to pichman1.89
pichman1.89 collected $0.10 from pot
pichman1.89: doesn't show hand 
*** SUMMARY ***
Total pot $0.10 | Rake $0 
Seat 1: Piqzer (button) folded before Flop (didn't bet)
Seat 2: Grummelerwin (small blind) folded before Flop
Seat 3: pichman1.89 (big blind) collected ($0.10)
Seat 4: HubertusB folded before Flop (didn't bet)
Seat 5: Silviaatje folded before Flop (didn't bet)
Seat 6: KnobKerrie folded before Flop (didn't bet)



PokerStars Zoom Hand #175930599104:  Hold'em No Limit ($0.05/$0.10) - 2017/09/21 22:23:03 CCT [2017/09/21 10:23:03 ET]
Table 'Aludra' 6-max Seat #1 is the button
Seat 1: Egh1k ($15.69 in chips) 
Seat 2: rom4ikderz ($11.47 in chips) 
Seat 3: mimino988 ($5.18 in chips) 
Seat 4: Kirikulu ($10.10 in chips) 
Seat 5: zeppelin707 ($10.42 in chips) 
Seat 6: HubertusB ($28.07 in chips) 
rom4ikderz: posts small blind $0.05
mimino988: posts big blind $0.10
*** HOLE CARDS ***
Dealt to HubertusB [4s Js]
Kirikulu: folds 
zeppelin707: folds 
HubertusB: folds 
Egh1k: folds 
rom4ikderz: folds 
Uncalled bet ($0.05) returned to mimino988
mimino988 collected $0.10 from pot
mimino988: doesn't show hand 
*** SUMMARY ***
Total pot $0.10 | Rake $0 
Seat 1: Egh1k (button) folded before Flop (didn't bet)
Seat 2: rom4ikderz (small blind) folded before Flop
Seat 3: mimino988 (big blind) collected ($0.10)
Seat 4: Kirikulu folded before Flop (didn't bet)
Seat 5: zeppelin707 folded before Flop (didn't bet)
Seat 6: HubertusB folded before Flop (didn't bet)



PokerStars Zoom Hand #175930606153:  Hold'em No Limit ($0.05/$0.10) - 2017/09/21 22:23:16 CCT [2017/09/21 10:23:16 ET]
Table 'Aludra' 6-max Seat #1 is the button
Seat 1: HubertusB ($28.07 in chips) 
Seat 2: PeskyMouse ($10.95 in chips) 
Seat 3: 4AcedGump ($11.95 in chips) 
Seat 4: makodao ($11.61 in chips) 
Seat 5: Girigal ($10.05 in chips) 
Seat 6: Coole Rick ($10 in chips) 
PeskyMouse: posts small blind $0.05
4AcedGump: posts big blind $0.10
*** HOLE CARDS ***
Dealt to HubertusB [7s Tc]
makodao: folds 
Girigal: folds 
Coole Rick: folds 
HubertusB: folds 
PeskyMouse: folds 
Uncalled bet ($0.05) returned to 4AcedGump
4AcedGump collected $0.10 from pot
4AcedGump: doesn't show hand 
*** SUMMARY ***
Total pot $0.10 | Rake $0 
Seat 1: HubertusB (button) folded before Flop (didn't bet)
Seat 2: PeskyMouse (small blind) folded before Flop
Seat 3: 4AcedGump (big blind) collected ($0.10)
Seat 4: makodao folded before Flop (didn't bet)
Seat 5: Girigal folded before Flop (didn't bet)
Seat 6: Coole Rick folded before Flop (didn't bet)



PokerStars Zoom Hand #175930611560:  Hold'em No Limit ($0.05/$0.10) - 2017/09/21 22:23:26 CCT [2017/09/21 10:23:26 ET]
Table 'Aludra' 6-max Seat #1 is the button
Seat 1: PeskyMouse ($10.90 in chips) 
Seat 2: HubertusB ($28.07 in chips) 
Seat 3: babloboy ($10.20 in chips) 
Seat 4: Burovoytov ($10 in chips) 
Seat 5: rastayes420 ($21.16 in chips) 
Seat 6: ZGARDAN ($31.72 in chips) 
HubertusB: posts small blind $0.05
babloboy: posts big blind $0.10
*** HOLE CARDS ***
Dealt to HubertusB [2c As]
Burovoytov: folds 
rastayes420: raises $0.20 to $0.30
ZGARDAN: folds 
PeskyMouse: folds 
HubertusB: folds 
babloboy: folds 
Uncalled bet ($0.20) returned to rastayes420
rastayes420 collected $0.25 from pot
rastayes420: doesn't show hand 
*** SUMMARY ***
Total pot $0.25 | Rake $0 
Seat 1: PeskyMouse (button) folded before Flop (didn't bet)
Seat 2: HubertusB (small blind) folded before Flop
Seat 3: babloboy (big blind) folded before Flop
Seat 4: Burovoytov folded before Flop (didn't bet)
Seat 5: rastayes420 collected ($0.25)
Seat 6: ZGARDAN folded before Flop (didn't bet)



PokerStars Zoom Hand #175930617019:  Hold'em No Limit ($0.05/$0.10) - 2017/09/21 22:23:36 CCT [2017/09/21 10:23:36 ET]
Table 'Aludra' 6-max Seat #1 is the button
Seat 1: seraphicblue ($13.38 in chips) 
Seat 2: DLegenda ($13.20 in chips) 
Seat 3: HubertusB ($28.02 in chips) 
Seat 4: edeust ($8.20 in chips) 
Seat 5: IGROK101 ($10.05 in chips) 
Seat 6: Laeyz7 ($10 in chips) 
DLegenda: posts small blind $0.05
HubertusB: posts big blind $0.10
*** HOLE CARDS ***
Dealt to HubertusB [Qs 7s]
edeust: folds 
IGROK101: folds 
Laeyz7: folds 
seraphicblue: raises $0.10 to $0.20
DLegenda: folds 
HubertusB: raises $0.45 to $0.65
seraphicblue: folds 
Uncalled bet ($0.45) returned to HubertusB
HubertusB collected $0.45 from pot
HubertusB: doesn't show hand 
*** SUMMARY ***
Total pot $0.45 | Rake $0 
Seat 1: seraphicblue (button) folded before Flop
Seat 2: DLegenda (small blind) folded before Flop
Seat 3: HubertusB (big blind) collected ($0.45)
Seat 4: edeust folded before Flop (didn't bet)
Seat 5: IGROK101 folded before Flop (didn't bet)
Seat 6: Laeyz7 folded before Flop (didn't bet)



PokerStars Zoom Hand #175930637630:  Hold'em No Limit ($0.05/$0.10) - 2017/09/21 22:24:14 CCT [2017/09/21 10:24:14 ET]
Table 'Aludra' 6-max Seat #1 is the button
Seat 1: gurkovmtt ($10.64 in chips) 
Seat 2: DaDer13 ($10.17 in chips) 
Seat 3: edeust ($5.84 in chips) 
Seat 4: Ungdomskulen ($10.15 in chips) 
Seat 5: Coole Rick ($10 in chips) 
Seat 6: HubertusB ($28.27 in chips) 
DaDer13: posts small blind $0.05
edeust: posts big blind $0.10
*** HOLE CARDS ***
Dealt to HubertusB [5s 8c]
Ungdomskulen: folds 
Coole Rick: raises $0.15 to $0.25
HubertusB: folds 
gurkovmtt: folds 
DaDer13: folds 
edeust: folds 
Uncalled bet ($0.15) returned to Coole Rick
Coole Rick collected $0.25 from pot
Coole Rick: doesn't show hand 
*** SUMMARY ***
Total pot $0.25 | Rake $0 
Seat 1: gurkovmtt (button) folded before Flop (didn't bet)
Seat 2: DaDer13 (small blind) folded before Flop
Seat 3: edeust (big blind) folded before Flop
Seat 4: Ungdomskulen folded before Flop (didn't bet)
Seat 5: Coole Rick collected ($0.25)
Seat 6: HubertusB folded before Flop (didn't bet)



PokerStars Zoom Hand #175930641380:  Hold'em No Limit ($0.05/$0.10) - 2017/09/21 22:24:21 CCT [2017/09/21 10:24:21 ET]
Table 'Aludra' 6-max Seat #1 is the button
Seat 1: HubertusB ($28.27 in chips) 
Seat 2: DLegenda ($12.44 in chips) 
Seat 3: nnVinokurov ($10.58 in chips) 
Seat 4: Draugsvoll ($13.12 in chips) 
Seat 5: benek0506 ($11.47 in chips) 
Seat 6: othd14 ($11.68 in chips) 
DLegenda: posts small blind $0.05
nnVinokurov: posts big blind $0.10
*** HOLE CARDS ***
Dealt to HubertusB [6d 5s]
Draugsvoll: raises $0.16 to $0.26
benek0506: folds 
othd14: folds 
HubertusB: folds 
DLegenda: folds 
nnVinokurov: folds 
Uncalled bet ($0.16) returned to Draugsvoll
Draugsvoll collected $0.25 from pot
Draugsvoll: doesn't show hand 
*** SUMMARY ***
Total pot $0.25 | Rake $0 
Seat 1: HubertusB (button) folded before Flop (didn't bet)
Seat 2: DLegenda (small blind) folded before Flop
Seat 3: nnVinokurov (big blind) folded before Flop
Seat 4: Draugsvoll collected ($0.25)
Seat 5: benek0506 folded before Flop (didn't bet)
Seat 6: othd14 folded before Flop (didn't bet)



PokerStars Zoom Hand #175930652797:  Hold'em No Limit ($0.05/$0.10) - 2017/09/21 22:24:42 CCT [2017/09/21 10:24:42 ET]
Table 'Aludra' 6-max Seat #1 is the button
Seat 1: Wieselich ($21.31 in chips) 
Seat 2: Mediazzz ($10.80 in chips) 
Seat 3: Limbo777 ($10.95 in chips) 
Seat 4: LowG124 ($10 in chips) 
Seat 5: HubertusB ($28.27 in chips) 
Seat 6: kotpigav ($22.17 in chips) 
Mediazzz: posts small blind $0.05
Limbo777: posts big blind $0.10
*** HOLE CARDS ***
Dealt to HubertusB [Kd Ad]
LowG124: folds 
HubertusB: raises $0.20 to $0.30
kotpigav: folds 
Wieselich: folds 
Mediazzz: folds 
Limbo777: folds 
Uncalled bet ($0.20) returned to HubertusB
HubertusB collected $0.25 from pot
HubertusB: doesn't show hand 
*** SUMMARY ***
Total pot $0.25 | Rake $0 
Seat 1: Wieselich (button) folded before Flop (didn't bet)
Seat 2: Mediazzz (small blind) folded before Flop
Seat 3: Limbo777 (big blind) folded before Flop
Seat 4: LowG124 folded before Flop (didn't bet)
Seat 5: HubertusB collected ($0.25)
Seat 6: kotpigav folded before Flop (didn't bet)



PokerStars Zoom Hand #175930660444:  Hold'em No Limit ($0.05/$0.10) - 2017/09/21 22:24:56 CCT [2017/09/21 10:24:56 ET]
Table 'Aludra' 6-max Seat #1 is the button
Seat 1: Xseven77 ($12.49 in chips) 
Seat 2: HubertusB ($28.42 in chips) 
Seat 3: gurgleberry2 ($10 in chips) 
Seat 4: Piqzer ($15.20 in chips) 
Seat 5: grossyapro ($11.87 in chips) 
Seat 6: jkeljacki ($12.36 in chips) 
HubertusB: posts small blind $0.05
gurgleberry2: posts big blind $0.10
*** HOLE CARDS ***
Dealt to HubertusB [9s 6c]
Piqzer: raises $0.20 to $0.30
grossyapro: folds 
jkeljacki: folds 
Xseven77: folds 
HubertusB: folds 
gurgleberry2: folds 
Uncalled bet ($0.20) returned to Piqzer
Piqzer collected $0.25 from pot
Piqzer: doesn't show hand 
*** SUMMARY ***
Total pot $0.25 | Rake $0 
Seat 1: Xseven77 (button) folded before Flop (didn't bet)
Seat 2: HubertusB (small blind) folded before Flop
Seat 3: gurgleberry2 (big blind) folded before Flop
Seat 4: Piqzer collected ($0.25)
Seat 5: grossyapro folded before Flop (didn't bet)
Seat 6: jkeljacki folded before Flop (didn't bet)



PokerStars Zoom Hand #175930645260:  Hold'em No Limit ($0.05/$0.10) - 2017/09/21 22:24:28 CCT [2017/09/21 10:24:28 ET]
Table 'Aludra' 6-max Seat #1 is the button
Seat 1: Ungdomskulen ($10.15 in chips) 
Seat 2: nozomi2525 ($10.20 in chips) 
Seat 3: Blazar1133 ($10.16 in chips) 
Seat 4: mrvaa77 ($12 in chips) 
Seat 5: HubertusB ($28.27 in chips) 
Seat 6: anton2682211 ($17.30 in chips) 
nozomi2525: posts small blind $0.05
Blazar1133: posts big blind $0.10
*** HOLE CARDS ***
Dealt to HubertusB [Jd Ks]
mrvaa77: raises $0.20 to $0.30
HubertusB: folds 
anton2682211: calls $0.30
Ungdomskulen: folds 
nozomi2525: folds 
Blazar1133: folds 
*** FLOP *** [2c 8h Tc]
mrvaa77: bets $0.40
anton2682211: calls $0.40
*** TURN *** [2c 8h Tc] [Th]
mrvaa77: checks 
anton2682211: checks 
*** RIVER *** [2c 8h Tc Th] [8c]
mrvaa77: checks 
anton2682211: bets $0.74
mrvaa77: folds 
Uncalled bet ($0.74) returned to anton2682211
anton2682211 collected $1.48 from pot
anton2682211: doesn't show hand 
*** SUMMARY ***
Total pot $1.55 | Rake $0.07 
Board [2c 8h Tc Th 8c]
Seat 1: Ungdomskulen (button) folded before Flop (didn't bet)
Seat 2: nozomi2525 (small blind) folded before Flop
Seat 3: Blazar1133 (big blind) folded before Flop
Seat 4: mrvaa77 folded on the River
Seat 5: HubertusB folded before Flop (didn't bet)
Seat 6: anton2682211 collected ($1.48)



PokerStars Zoom Hand #175930650105:  Hold'em No Limit ($0.05/$0.10) - 2017/09/21 22:24:37 CCT [2017/09/21 10:24:37 ET]
Table 'Aludra' 6-max Seat #1 is the button
Seat 1: bob-xox ($14.08 in chips) 
Seat 2: Acc0-swe ($10 in chips) 
Seat 3: Khutor ($10.71 in chips) 
Seat 4: Laeyz7 ($10.05 in chips) 
Seat 5: enerer_mode ($4.86 in chips) 
Seat 6: HubertusB ($28.27 in chips) 
Acc0-swe: posts small blind $0.05
Khutor: posts big blind $0.10
*** HOLE CARDS ***
Dealt to HubertusB [9h Jc]
Laeyz7: folds 
enerer_mode: folds 
HubertusB: folds 
bob-xox: folds 
Acc0-swe: raises $0.20 to $0.30
Khutor: calls $0.20
*** FLOP *** [Kh 3c 7s]
Acc0-swe: checks 
Khutor: bets $0.40
Acc0-swe: folds 
Uncalled bet ($0.40) returned to Khutor
Khutor collected $0.57 from pot
Khutor: doesn't show hand 
*** SUMMARY ***
Total pot $0.60 | Rake $0.03 
Board [Kh 3c 7s]
Seat 1: bob-xox (button) folded before Flop (didn't bet)
Seat 2: Acc0-swe (small blind) folded on the Flop
Seat 3: Khutor (big blind) collected ($0.57)
Seat 4: Laeyz7 folded before Flop (didn't bet)
Seat 5: enerer_mode folded before Flop (didn't bet)
Seat 6: HubertusB folded before Flop (didn't bet)



PokerStars Zoom Hand #175930663669:  Hold'em No Limit ($0.05/$0.10) - 2017/09/21 22:25:02 CCT [2017/09/21 10:25:02 ET]
Table 'Aludra' 6-max Seat #1 is the button
Seat 1: ulderdog ($8.89 in chips) 
Seat 2: Wieselich ($15.27 in chips) 
Seat 3: HubertusB ($28.37 in chips) 
Seat 4: ZGARDAN ($15.65 in chips) 
Seat 5: dr.atb ($3.63 in chips) 
Seat 6: Hayoterkinovich ($10 in chips) 
Wieselich: posts small blind $0.05
HubertusB: posts big blind $0.10
*** HOLE CARDS ***
Dealt to HubertusB [4h Ks]
ZGARDAN: raises $0.13 to $0.23
dr.atb: calls $0.23
Hayoterkinovich: folds 
ulderdog: folds 
Wieselich: calls $0.18
HubertusB: folds 
*** FLOP *** [8c Td 5s]
Wieselich: checks 
ZGARDAN: checks 
dr.atb: bets $0.75
Wieselich: folds 
ZGARDAN: folds 
Uncalled bet ($0.75) returned to dr.atb
dr.atb collected $0.75 from pot
dr.atb: doesn't show hand 
*** SUMMARY ***
Total pot $0.79 | Rake $0.04 
Board [8c Td 5s]
Seat 1: ulderdog (button) folded before Flop (didn't bet)
Seat 2: Wieselich (small blind) folded on the Flop
Seat 3: HubertusB (big blind) folded before Flop
Seat 4: ZGARDAN folded on the Flop
Seat 5: dr.atb collected ($0.75)
Seat 6: Hayoterkinovich folded before Flop (didn't bet)



PokerStars Zoom Hand #175930671881:  Hold'em No Limit ($0.05/$0.10) - 2017/09/21 22:25:17 CCT [2017/09/21 10:25:17 ET]
Table 'Aludra' 6-max Seat #1 is the button
Seat 1: othd14 ($13.81 in chips) 
Seat 2: Jogi0203 ($19.47 in chips) 
Seat 3: puhup ($9.88 in chips) 
Seat 4: HubertusB ($28.27 in chips) 
Seat 5: nnVinokurov ($10.15 in chips) 
Seat 6: bob-xox ($13.88 in chips) 
Jogi0203: posts small blind $0.05
puhup: posts big blind $0.10
*** HOLE CARDS ***
Dealt to HubertusB [6s 7s]
HubertusB: raises $0.20 to $0.30
nnVinokurov: raises $0.60 to $0.90
bob-xox: calls $0.90
othd14: folds 
Jogi0203: raises $3.10 to $4
puhup: folds 
HubertusB: folds 
nnVinokurov: folds 
Jogi0203 said, ":)"
Jogi0203 said, "ist your turn"
bob-xox: folds 
Uncalled bet ($3.10) returned to Jogi0203
Jogi0203 collected $3.10 from pot
Jogi0203: doesn't show hand 
*** SUMMARY ***
Total pot $3.10 | Rake $0 
Seat 1: othd14 (button) folded before Flop (didn't bet)
Seat 2: Jogi0203 (small blind) collected ($3.10)
Seat 3: puhup (big blind) folded before Flop
Seat 4: HubertusB folded before Flop
Seat 5: nnVinokurov folded before Flop
Seat 6: bob-xox folded before Flop



PokerStars Zoom Hand #175930720088:  Hold'em No Limit ($0.05/$0.10) - 2017/09/21 22:26:45 CCT [2017/09/21 10:26:45 ET]
Table 'Aludra' 6-max Seat #1 is the button
Seat 1: HubertusB ($27.97 in chips) 
Seat 2: galodoidoRFS ($9.95 in chips) 
Seat 3: Acc0-swe ($10 in chips) 
Seat 4: pashaExWeQu ($3.63 in chips) 
Seat 5: vaschuk ($5.38 in chips) 
Seat 6: ImhighI ($10 in chips) 
galodoidoRFS: posts small blind $0.05
Acc0-swe: posts big blind $0.10
*** HOLE CARDS ***
Dealt to HubertusB [3h Ah]
pashaExWeQu: folds 
vaschuk: folds 
ImhighI: folds 
HubertusB: raises $0.20 to $0.30
galodoidoRFS: folds 
Acc0-swe: folds 
Uncalled bet ($0.20) returned to HubertusB
HubertusB collected $0.25 from pot
HubertusB: doesn't show hand 
*** SUMMARY ***
Total pot $0.25 | Rake $0 
Seat 1: HubertusB (button) collected ($0.25)
Seat 2: galodoidoRFS (small blind) folded before Flop
Seat 3: Acc0-swe (big blind) folded before Flop
Seat 4: pashaExWeQu folded before Flop (didn't bet)
Seat 5: vaschuk folded before Flop (didn't bet)
Seat 6: ImhighI folded before Flop (didn't bet)



PokerStars Zoom Hand #175930728294:  Hold'em No Limit ($0.05/$0.10) - 2017/09/21 22:27:00 CCT [2017/09/21 10:27:00 ET]
Table 'Aludra' 6-max Seat #1 is the button
Seat 1: Eugenered ($11.53 in chips) 
Seat 2: Dick Wase ($11.57 in chips) 
Seat 3: DaDer13 ($10.27 in chips) 
Seat 4: DavidWebb369 ($13.09 in chips) 
Seat 5: xandrrro ($11.70 in chips) 
Seat 6: HubertusB ($28.12 in chips) 
Dick Wase: posts small blind $0.05
DaDer13: posts big blind $0.10
*** HOLE CARDS ***
Dealt to HubertusB [9s Jc]
DavidWebb369: folds 
xandrrro: folds 
HubertusB: raises $0.20 to $0.30
Eugenered: folds 
Dick Wase: folds 
DaDer13: folds 
Uncalled bet ($0.20) returned to HubertusB
HubertusB collected $0.25 from pot
HubertusB: doesn't show hand 
*** SUMMARY ***
Total pot $0.25 | Rake $0 
Seat 1: Eugenered (button) folded before Flop (didn't bet)
Seat 2: Dick Wase (small blind) folded before Flop
Seat 3: DaDer13 (big blind) folded before Flop
Seat 4: DavidWebb369 folded before Flop (didn't bet)
Seat 5: xandrrro folded before Flop (didn't bet)
Seat 6: HubertusB collected ($0.25)



PokerStars Zoom Hand #175930739177:  Hold'em No Limit ($0.05/$0.10) - 2017/09/21 22:27:20 CCT [2017/09/21 10:27:20 ET]
Table 'Aludra' 6-max Seat #1 is the button
Seat 1: Naaby208 ($10.61 in chips) 
Seat 2: HubertusB ($28.27 in chips) 
Seat 3: Eugenered ($11.53 in chips) 
Seat 4: Limbo777 ($10.15 in chips) 
Seat 5: steveyB95 ($10.36 in chips) 
Seat 6: afgan44 ($7.69 in chips) 
HubertusB: posts small blind $0.05
Eugenered: posts big blind $0.10
*** HOLE CARDS ***
Dealt to HubertusB [5d 9h]
Limbo777: folds 
steveyB95: folds 
afgan44: folds 
Naaby208: raises $0.15 to $0.25
HubertusB: folds 
Eugenered: raises $0.55 to $0.80
Naaby208: folds 
Uncalled bet ($0.55) returned to Eugenered
Eugenered collected $0.55 from pot
Eugenered: doesn't show hand 
*** SUMMARY ***
Total pot $0.55 | Rake $0 
Seat 1: Naaby208 (button) folded before Flop
Seat 2: HubertusB (small blind) folded before Flop
Seat 3: Eugenered (big blind) collected ($0.55)
Seat 4: Limbo777 folded before Flop (didn't bet)
Seat 5: steveyB95 folded before Flop (didn't bet)
Seat 6: afgan44 folded before Flop (didn't bet)



PokerStars Zoom Hand #175930747914:  Hold'em No Limit ($0.05/$0.10) - 2017/09/21 22:27:36 CCT [2017/09/21 10:27:36 ET]
Table 'Aludra' 6-max Seat #1 is the button
Seat 1: CptBluff1988 ($11.10 in chips) 
Seat 2: ilo7891 ($18.97 in chips) 
Seat 3: Eyrena ($13.13 in chips) 
Seat 4: enerer_mode ($5.17 in chips) 
Seat 5: HubertusB ($28.22 in chips) 
Seat 6: 10Horus ($9.51 in chips) 
ilo7891: posts small blind $0.05
Eyrena: posts big blind $0.10
*** HOLE CARDS ***
Dealt to HubertusB [3s 6c]
enerer_mode: folds 
HubertusB: folds 
10Horus: folds 
CptBluff1988: folds 
ilo7891: raises $0.20 to $0.30
Eyrena: folds 
Uncalled bet ($0.20) returned to ilo7891
ilo7891 collected $0.20 from pot
ilo7891: doesn't show hand 
*** SUMMARY ***
Total pot $0.20 | Rake $0 
Seat 1: CptBluff1988 (button) folded before Flop (didn't bet)
Seat 2: ilo7891 (small blind) collected ($0.20)
Seat 3: Eyrena (big blind) folded before Flop
Seat 4: enerer_mode folded before Flop (didn't bet)
Seat 5: HubertusB folded before Flop (didn't bet)
Seat 6: 10Horus folded before Flop (didn't bet)



