PokerStars Zoom Hand #175933852832:  Hold'em No Limit ($0.05/$0.10) - 2017/09/21 23:58:03 CCT [2017/09/21 11:58:03 ET]
Table 'Aludra' 6-max Seat #1 is the button
Seat 1: Iapetus89 ($10.48 in chips) 
Seat 2: HubertusB ($9.90 in chips) 
Seat 3: Lost474 ($6.54 in chips) 
Seat 4: Vokhmincev ($9.53 in chips) 
Seat 5: myself10 ($18.74 in chips) 
Seat 6: ManiakHaze ($15.07 in chips) 
HubertusB: posts small blind $0.05
Lost474: posts big blind $0.10
*** HOLE CARDS ***
Dealt to HubertusB [2h 9s]
Vokhmincev: folds 
myself10: raises $0.15 to $0.25
ManiakHaze: calls $0.25
Iapetus89: folds 
HubertusB: folds 
Lost474: folds 
*** FLOP *** [5s Th As]
myself10: bets $0.35
ManiakHaze: folds 
Uncalled bet ($0.35) returned to myself10
myself10 collected $0.62 from pot
myself10: doesn't show hand 
*** SUMMARY ***
Total pot $0.65 | Rake $0.03 
Board [5s Th As]
Seat 1: Iapetus89 (button) folded before Flop (didn't bet)
Seat 2: HubertusB (small blind) folded before Flop
Seat 3: Lost474 (big blind) folded before Flop
Seat 4: Vokhmincev folded before Flop (didn't bet)
Seat 5: myself10 collected ($0.62)
Seat 6: ManiakHaze folded on the Flop



PokerStars Zoom Hand #175933848599:  Hold'em No Limit ($0.05/$0.10) - 2017/09/21 23:57:55 CCT [2017/09/21 11:57:55 ET]
Table 'Aludra' 6-max Seat #1 is the button
Seat 1: BetBetMuck ($8 in chips) 
Seat 2: serbalst ($11.25 in chips) 
Seat 3: HubertusB ($10 in chips) 
Seat 4: PeterPoker21 ($10.13 in chips) 
Seat 5: akindo624 ($12.91 in chips) 
Seat 6: tol"@lfar ($13.43 in chips) 
serbalst: posts small blind $0.05
HubertusB: posts big blind $0.10
*** HOLE CARDS ***
Dealt to HubertusB [6c 8h]
PeterPoker21: folds 
akindo624: raises $0.15 to $0.25
tol"@lfar: folds 
BetBetMuck: calls $0.25
serbalst: folds 
HubertusB: folds 
*** FLOP *** [4c Qd 2c]
akindo624: bets $0.38
BetBetMuck: calls $0.38
*** TURN *** [4c Qd 2c] [6h]
akindo624: bets $0.95
BetBetMuck: folds 
Uncalled bet ($0.95) returned to akindo624
akindo624 collected $1.35 from pot
akindo624: doesn't show hand 
*** SUMMARY ***
Total pot $1.41 | Rake $0.06 
Board [4c Qd 2c 6h]
Seat 1: BetBetMuck (button) folded on the Turn
Seat 2: serbalst (small blind) folded before Flop
Seat 3: HubertusB (big blind) folded before Flop
Seat 4: PeterPoker21 folded before Flop (didn't bet)
Seat 5: akindo624 collected ($1.35)
Seat 6: tol"@lfar folded before Flop (didn't bet)



PokerStars Zoom Hand #175933875020:  Hold'em No Limit ($0.05/$0.10) - 2017/09/21 23:58:46 CCT [2017/09/21 11:58:46 ET]
Table 'Aludra' 6-max Seat #1 is the button
Seat 1: 81denis81 ($10.85 in chips) 
Seat 2: Kirikulu ($11.20 in chips) 
Seat 3: osa036 ($22.09 in chips) 
Seat 4: HubertusB ($9.58 in chips) 
Seat 5: vadeinpace11 ($11.96 in chips) 
Seat 6: Vladimir55OF ($8.76 in chips) 
Kirikulu: posts small blind $0.05
osa036: posts big blind $0.10
*** HOLE CARDS ***
Dealt to HubertusB [Kd 9s]
HubertusB: folds 
vadeinpace11: folds 
Vladimir55OF: folds 
81denis81: folds 
Kirikulu: folds 
Uncalled bet ($0.05) returned to osa036
osa036 collected $0.10 from pot
osa036: doesn't show hand 
*** SUMMARY ***
Total pot $0.10 | Rake $0 
Seat 1: 81denis81 (button) folded before Flop (didn't bet)
Seat 2: Kirikulu (small blind) folded before Flop
Seat 3: osa036 (big blind) collected ($0.10)
Seat 4: HubertusB folded before Flop (didn't bet)
Seat 5: vadeinpace11 folded before Flop (didn't bet)
Seat 6: Vladimir55OF folded before Flop (didn't bet)



PokerStars Zoom Hand #175933855434:  Hold'em No Limit ($0.05/$0.10) - 2017/09/21 23:58:08 CCT [2017/09/21 11:58:08 ET]
Table 'Aludra' 6-max Seat #1 is the button
Seat 1: HubertusB ($9.85 in chips) 
Seat 2: Zweiglein161 ($16.39 in chips) 
Seat 3: Renatoso ($5.80 in chips) 
Seat 4: pudelpower ($15.61 in chips) 
Seat 5: ElbowsKnees ($10.15 in chips) 
Seat 6: AngelBear82 ($13.62 in chips) 
Zweiglein161: posts small blind $0.05
Renatoso: posts big blind $0.10
*** HOLE CARDS ***
Dealt to HubertusB [Ah 5h]
pudelpower: raises $0.17 to $0.27
ElbowsKnees: calls $0.27
AngelBear82: folds 
HubertusB: calls $0.27
Zweiglein161: raises $1.53 to $1.80
Renatoso: folds 
pudelpower: calls $1.53
ElbowsKnees: folds 
HubertusB: folds 
*** FLOP *** [3c 8d 7d]
Zweiglein161: bets $1.20
pudelpower: folds 
Uncalled bet ($1.20) returned to Zweiglein161
Zweiglein161 collected $4.05 from pot
Zweiglein161: doesn't show hand 
*** SUMMARY ***
Total pot $4.24 | Rake $0.19 
Board [3c 8d 7d]
Seat 1: HubertusB (button) folded before Flop
Seat 2: Zweiglein161 (small blind) collected ($4.05)
Seat 3: Renatoso (big blind) folded before Flop
Seat 4: pudelpower folded on the Flop
Seat 5: ElbowsKnees folded before Flop
Seat 6: AngelBear82 folded before Flop (didn't bet)



PokerStars Zoom Hand #175933879714:  Hold'em No Limit ($0.05/$0.10) - 2017/09/21 23:58:55 CCT [2017/09/21 11:58:55 ET]
Table 'Aludra' 6-max Seat #1 is the button
Seat 1: heatonjosh0 ($16.43 in chips) 
Seat 2: X_NoTe_X ($14.07 in chips) 
Seat 3: BankerL ($10.69 in chips) 
Seat 4: Catenaccio24 ($22.87 in chips) 
Seat 5: HubertusB ($9.58 in chips) 
Seat 6: miduo ($10.98 in chips) 
X_NoTe_X: posts small blind $0.05
BankerL: posts big blind $0.10
*** HOLE CARDS ***
Dealt to HubertusB [6d 4d]
Catenaccio24: folds 
HubertusB: folds 
miduo: raises $0.15 to $0.25
heatonjosh0: folds 
X_NoTe_X: folds 
BankerL: folds 
Uncalled bet ($0.15) returned to miduo
miduo collected $0.25 from pot
miduo: doesn't show hand 
*** SUMMARY ***
Total pot $0.25 | Rake $0 
Seat 1: heatonjosh0 (button) folded before Flop (didn't bet)
Seat 2: X_NoTe_X (small blind) folded before Flop
Seat 3: BankerL (big blind) folded before Flop
Seat 4: Catenaccio24 folded before Flop (didn't bet)
Seat 5: HubertusB folded before Flop (didn't bet)
Seat 6: miduo collected ($0.25)



PokerStars Zoom Hand #175933882332:  Hold'em No Limit ($0.05/$0.10) - 2017/09/21 23:59:00 CCT [2017/09/21 11:59:00 ET]
Table 'Aludra' 6-max Seat #1 is the button
Seat 1: rastayes420 ($22.28 in chips) 
Seat 2: Dzsimmi88 ($4.90 in chips) 
Seat 3: thorli_AA ($27.88 in chips) 
Seat 4: HubertusB ($9.58 in chips) 
Seat 5: BetBetMuck ($8 in chips) 
Seat 6: nnVinokurov ($10.35 in chips) 
Dzsimmi88: posts small blind $0.05
thorli_AA: posts big blind $0.10
*** HOLE CARDS ***
Dealt to HubertusB [Kd 6h]
HubertusB: folds 
BetBetMuck: raises $0.14 to $0.24
nnVinokurov: folds 
rastayes420: folds 
Dzsimmi88: calls $0.19
thorli_AA: folds 
*** FLOP *** [7s 3c 4s]
Dzsimmi88: checks 
BetBetMuck: checks 
*** TURN *** [7s 3c 4s] [9h]
Dzsimmi88: bets $0.28
BetBetMuck: calls $0.28
*** RIVER *** [7s 3c 4s 9h] [4h]
Dzsimmi88: bets $0.55
BetBetMuck: folds 
Uncalled bet ($0.55) returned to Dzsimmi88
Dzsimmi88 collected $1.09 from pot
Dzsimmi88: doesn't show hand 
*** SUMMARY ***
Total pot $1.14 | Rake $0.05 
Board [7s 3c 4s 9h 4h]
Seat 1: rastayes420 (button) folded before Flop (didn't bet)
Seat 2: Dzsimmi88 (small blind) collected ($1.09)
Seat 3: thorli_AA (big blind) folded before Flop
Seat 4: HubertusB folded before Flop (didn't bet)
Seat 5: BetBetMuck folded on the River
Seat 6: nnVinokurov folded before Flop (didn't bet)



PokerStars Zoom Hand #175933877162:  Hold'em No Limit ($0.05/$0.10) - 2017/09/21 23:58:50 CCT [2017/09/21 11:58:50 ET]
Table 'Aludra' 6-max Seat #1 is the button
Seat 1: AnTon1988371 ($7.94 in chips) 
Seat 2: 1619718 ($12.35 in chips) 
Seat 3: jgoda1 ($9.45 in chips) 
Seat 4: XuXu 4noK ($2.42 in chips) 
Seat 5: DJMev ($11.14 in chips) 
Seat 6: HubertusB ($9.58 in chips) 
1619718: posts small blind $0.05
jgoda1: posts big blind $0.10
*** HOLE CARDS ***
Dealt to HubertusB [8d Jh]
XuXu 4noK: folds 
DJMev: folds 
HubertusB: folds 
AnTon1988371: calls $0.10
1619718: folds 
jgoda1: raises $0.25 to $0.35
AnTon1988371: calls $0.25
*** FLOP *** [7h Tc 6d]
jgoda1: checks 
AnTon1988371: checks 
*** TURN *** [7h Tc 6d] [8c]
jgoda1: bets $0.60
AnTon1988371: raises $0.60 to $1.20
jgoda1: calls $0.60
*** RIVER *** [7h Tc 6d 8c] [Kd]
jgoda1: checks 
AnTon1988371: checks 
*** SHOW DOWN ***
jgoda1: shows [8s 9s] (a straight, Six to Ten)
AnTon1988371: mucks hand 
jgoda1 collected $3.01 from pot
*** SUMMARY ***
Total pot $3.15 | Rake $0.14 
Board [7h Tc 6d 8c Kd]
Seat 1: AnTon1988371 (button) mucked [6h 6s]
Seat 2: 1619718 (small blind) folded before Flop
Seat 3: jgoda1 (big blind) showed [8s 9s] and won ($3.01) with a straight, Six to Ten
Seat 4: XuXu 4noK folded before Flop (didn't bet)
Seat 5: DJMev folded before Flop (didn't bet)
Seat 6: HubertusB folded before Flop (didn't bet)



PokerStars Zoom Hand #175933884439:  Hold'em No Limit ($0.05/$0.10) - 2017/09/21 23:59:04 CCT [2017/09/21 11:59:04 ET]
Table 'Aludra' 6-max Seat #1 is the button
Seat 1: alsis14 ($10.10 in chips) 
Seat 2: LzNKaoTiK927 ($10 in chips) 
Seat 3: HubertusB ($9.58 in chips) 
Seat 4: 3revos ($10 in chips) 
Seat 5: padde886 ($12.80 in chips) 
Seat 6: KvanZy ($4.85 in chips) 
LzNKaoTiK927: posts small blind $0.05
HubertusB: posts big blind $0.10
*** HOLE CARDS ***
Dealt to HubertusB [8d Qd]
3revos: folds 
padde886: folds 
KvanZy: folds 
alsis14: raises $0.20 to $0.30
LzNKaoTiK927: folds 
HubertusB: calls $0.20
*** FLOP *** [8h 3d Jh]
HubertusB: bets $0.45
alsis14: calls $0.45
*** TURN *** [8h 3d Jh] [Ks]
HubertusB: bets $0.90
alsis14: calls $0.90
*** RIVER *** [8h 3d Jh Ks] [5c]
HubertusB: checks 
alsis14: bets $2.45
HubertusB: folds 
Uncalled bet ($2.45) returned to alsis14
alsis14 collected $3.20 from pot
alsis14: doesn't show hand 
*** SUMMARY ***
Total pot $3.35 | Rake $0.15 
Board [8h 3d Jh Ks 5c]
Seat 1: alsis14 (button) collected ($3.20)
Seat 2: LzNKaoTiK927 (small blind) folded before Flop
Seat 3: HubertusB (big blind) folded on the River
Seat 4: 3revos folded before Flop (didn't bet)
Seat 5: padde886 folded before Flop (didn't bet)
Seat 6: KvanZy folded before Flop (didn't bet)



PokerStars Zoom Hand #175933915675:  Hold'em No Limit ($0.05/$0.10) - 2017/09/21 23:59:54 CCT [2017/09/21 11:59:54 ET]
Table 'Aludra' 6-max Seat #1 is the button
Seat 1: sendzimir74 ($10.10 in chips) 
Seat 2: R.Filin ($13.54 in chips) 
Seat 3: bazy228 ($10.25 in chips) 
Seat 4: burjelche ($12.38 in chips) 
Seat 5: TitoBroz ($10 in chips) 
Seat 6: HubertusB ($7.88 in chips) 
R.Filin: posts small blind $0.05
bazy228: posts big blind $0.10
*** HOLE CARDS ***
Dealt to HubertusB [4d Tc]
burjelche: calls $0.10
TitoBroz: folds 
HubertusB: folds 
sendzimir74: folds 
R.Filin: folds 
bazy228: checks 
*** FLOP *** [As 5s 3d]
bazy228: bets $0.20
burjelche: calls $0.20
*** TURN *** [As 5s 3d] [2c]
bazy228: bets $0.30
burjelche: calls $0.30
*** RIVER *** [As 5s 3d 2c] [5d]
bazy228: checks 
burjelche: checks 
*** SHOW DOWN ***
bazy228: shows [2d 6c] (two pair, Fives and Deuces)
burjelche: shows [6h 6s] (two pair, Sixes and Fives)
burjelche collected $1.19 from pot
*** SUMMARY ***
Total pot $1.25 | Rake $0.06 
Board [As 5s 3d 2c 5d]
Seat 1: sendzimir74 (button) folded before Flop (didn't bet)
Seat 2: R.Filin (small blind) folded before Flop
Seat 3: bazy228 (big blind) showed [2d 6c] and lost with two pair, Fives and Deuces
Seat 4: burjelche showed [6h 6s] and won ($1.19) with two pair, Sixes and Fives
Seat 5: TitoBroz folded before Flop (didn't bet)
Seat 6: HubertusB folded before Flop (didn't bet)



PokerStars Zoom Hand #175933912522:  Hold'em No Limit ($0.05/$0.10) - 2017/09/21 23:59:48 CCT [2017/09/21 11:59:48 ET]
Table 'Aludra' 6-max Seat #1 is the button
Seat 1: NEXTHAND2015 ($20.04 in chips) 
Seat 2: HubertusB ($7.93 in chips) 
Seat 3: Nordic2154 ($10.67 in chips) 
Seat 4: AnTon1988371 ($6.39 in chips) 
Seat 5: Littlesart20 ($8.87 in chips) 
Seat 6: makodao ($10 in chips) 
HubertusB: posts small blind $0.05
Nordic2154: posts big blind $0.10
*** HOLE CARDS ***
Dealt to HubertusB [2s Jh]
AnTon1988371: folds 
Littlesart20: raises $0.20 to $0.30
makodao: folds 
NEXTHAND2015: raises $0.60 to $0.90
HubertusB: folds 
Nordic2154: folds 
Littlesart20: calls $0.60
*** FLOP *** [Ks 4d Qd]
Littlesart20: bets $0.90
NEXTHAND2015: calls $0.90
*** TURN *** [Ks 4d Qd] [2c]
Littlesart20: bets $2
NEXTHAND2015: calls $2
*** RIVER *** [Ks 4d Qd 2c] [3s]
Littlesart20: bets $3.70
NEXTHAND2015: raises $12.54 to $16.24 and is all-in
Littlesart20: folds 
Uncalled bet ($12.54) returned to NEXTHAND2015
NEXTHAND2015 collected $14.47 from pot
NEXTHAND2015: doesn't show hand 
*** SUMMARY ***
Total pot $15.15 | Rake $0.68 
Board [Ks 4d Qd 2c 3s]
Seat 1: NEXTHAND2015 (button) collected ($14.47)
Seat 2: HubertusB (small blind) folded before Flop
Seat 3: Nordic2154 (big blind) folded before Flop
Seat 4: AnTon1988371 folded before Flop (didn't bet)
Seat 5: Littlesart20 folded on the River
Seat 6: makodao folded before Flop (didn't bet)



PokerStars Zoom Hand #175933918228:  Hold'em No Limit ($0.05/$0.10) - 2017/09/21 23:59:59 CCT [2017/09/21 11:59:59 ET]
Table 'Aludra' 6-max Seat #1 is the button
Seat 1: Jast_Gorsam ($6.49 in chips) 
Seat 2: lenya_stein ($10.55 in chips) 
Seat 3: aleks0853 ($10 in chips) 
Seat 4: alex2-a.a ($7.73 in chips) 
Seat 5: HubertusB ($7.88 in chips) 
Seat 6: fart193 ($29.34 in chips) 
lenya_stein: posts small blind $0.05
aleks0853: posts big blind $0.10
*** HOLE CARDS ***
Dealt to HubertusB [Qd Td]
alex2-a.a: folds 
HubertusB: raises $0.20 to $0.30
fart193: folds 
Jast_Gorsam: folds 
lenya_stein: calls $0.25
aleks0853: folds 
*** FLOP *** [2c Ah 7h]
lenya_stein: checks 
HubertusB: checks 
*** TURN *** [2c Ah 7h] [9s]
lenya_stein: checks 
HubertusB: checks 
*** RIVER *** [2c Ah 7h 9s] [Kh]
lenya_stein: bets $0.30
HubertusB: folds 
Uncalled bet ($0.30) returned to lenya_stein
lenya_stein collected $0.67 from pot
lenya_stein: doesn't show hand 
*** SUMMARY ***
Total pot $0.70 | Rake $0.03 
Board [2c Ah 7h 9s Kh]
Seat 1: Jast_Gorsam (button) folded before Flop (didn't bet)
Seat 2: lenya_stein (small blind) collected ($0.67)
Seat 3: aleks0853 (big blind) folded before Flop
Seat 4: alex2-a.a folded before Flop (didn't bet)
Seat 5: HubertusB folded on the River
Seat 6: fart193 folded before Flop (didn't bet)



PokerStars Zoom Hand #175933947958:  Hold'em No Limit ($0.05/$0.10) - 2017/09/22 0:00:53 CCT [2017/09/21 12:00:53 ET]
Table 'Aludra' 6-max Seat #1 is the button
Seat 1: Suslikobelka ($10 in chips) 
Seat 2: gylm123 ($3.25 in chips) 
Seat 3: HubertusB ($7.58 in chips) 
Seat 4: rastayes420 ($22.28 in chips) 
Seat 5: jamez_rjcv ($10 in chips) 
Seat 6: chrizxz ($10.15 in chips) 
gylm123: posts small blind $0.05
HubertusB: posts big blind $0.10
*** HOLE CARDS ***
Dealt to HubertusB [8s 4c]
rastayes420: folds 
jamez_rjcv: folds 
chrizxz: folds 
Suslikobelka: raises $0.15 to $0.25
gylm123: folds 
HubertusB: folds 
Uncalled bet ($0.15) returned to Suslikobelka
Suslikobelka collected $0.25 from pot
Suslikobelka: doesn't show hand 
*** SUMMARY ***
Total pot $0.25 | Rake $0 
Seat 1: Suslikobelka (button) collected ($0.25)
Seat 2: gylm123 (small blind) folded before Flop
Seat 3: HubertusB (big blind) folded before Flop
Seat 4: rastayes420 folded before Flop (didn't bet)
Seat 5: jamez_rjcv folded before Flop (didn't bet)
Seat 6: chrizxz folded before Flop (didn't bet)



PokerStars Zoom Hand #175933957182:  Hold'em No Limit ($0.05/$0.10) - 2017/09/22 0:01:10 CCT [2017/09/21 12:01:10 ET]
Table 'Aludra' 6-max Seat #1 is the button
Seat 1: ninix17 ($23.63 in chips) 
Seat 2: Iapetus89 ($9.63 in chips) 
Seat 3: izveck ($9.13 in chips) 
Seat 4: HubertusB ($7.48 in chips) 
Seat 5: sorrrr ($24.99 in chips) 
Seat 6: X_NoTe_X ($15.44 in chips) 
Iapetus89: posts small blind $0.05
izveck: posts big blind $0.10
*** HOLE CARDS ***
Dealt to HubertusB [9h 3s]
HubertusB: folds 
sorrrr: folds 
X_NoTe_X: folds 
ninix17: raises $0.15 to $0.25
Iapetus89: folds 
izveck: folds 
Uncalled bet ($0.15) returned to ninix17
ninix17 collected $0.25 from pot
ninix17: doesn't show hand 
*** SUMMARY ***
Total pot $0.25 | Rake $0 
Seat 1: ninix17 (button) collected ($0.25)
Seat 2: Iapetus89 (small blind) folded before Flop
Seat 3: izveck (big blind) folded before Flop
Seat 4: HubertusB folded before Flop (didn't bet)
Seat 5: sorrrr folded before Flop (didn't bet)
Seat 6: X_NoTe_X folded before Flop (didn't bet)



PokerStars Zoom Hand #175933909545:  Hold'em No Limit ($0.05/$0.10) - 2017/09/21 23:59:42 CCT [2017/09/21 11:59:42 ET]
Table 'Aludra' 6-max Seat #1 is the button
Seat 1: HubertusB ($7.93 in chips) 
Seat 2: lenya_stein ($10.05 in chips) 
Seat 3: ElbowsKnees ($10 in chips) 
Seat 4: GrindIs4Real ($22.23 in chips) 
Seat 5: HOLODNAIA ($8.14 in chips) 
Seat 6: barlipensa ($10 in chips) 
lenya_stein: posts small blind $0.05
ElbowsKnees: posts big blind $0.10
*** HOLE CARDS ***
Dealt to HubertusB [7h Qh]
GrindIs4Real: folds 
HOLODNAIA: folds 
barlipensa: raises $0.15 to $0.25
HubertusB: folds 
lenya_stein: raises $0.70 to $0.95
ElbowsKnees: calls $0.85
barlipensa: calls $0.70
*** FLOP *** [8c 8h 2s]
lenya_stein: checks 
ElbowsKnees: bets $1.36
barlipensa: folds 
lenya_stein: calls $1.36
*** TURN *** [8c 8h 2s] [8s]
lenya_stein: checks 
ElbowsKnees: bets $2.66
lenya_stein: calls $2.66
*** RIVER *** [8c 8h 2s 8s] [5h]
lenya_stein: checks 
ElbowsKnees: checks 
*** SHOW DOWN ***
lenya_stein: shows [Jc Jd] (a full house, Eights full of Jacks)
ElbowsKnees: mucks hand 
lenya_stein collected $10.40 from pot
*** SUMMARY ***
Total pot $10.89 | Rake $0.49 
Board [8c 8h 2s 8s 5h]
Seat 1: HubertusB (button) folded before Flop (didn't bet)
Seat 2: lenya_stein (small blind) showed [Jc Jd] and won ($10.40) with a full house, Eights full of Jacks
Seat 3: ElbowsKnees (big blind) mucked [Qs Ac]
Seat 4: GrindIs4Real folded before Flop (didn't bet)
Seat 5: HOLODNAIA folded before Flop (didn't bet)
Seat 6: barlipensa folded on the Flop



PokerStars Zoom Hand #175933959937:  Hold'em No Limit ($0.05/$0.10) - 2017/09/22 0:01:15 CCT [2017/09/21 12:01:15 ET]
Table 'Aludra' 6-max Seat #1 is the button
Seat 1: nnVinokurov ($12.53 in chips) 
Seat 2: HubertusB ($7.48 in chips) 
Seat 3: Tarasique ($12.11 in chips) 
Seat 4: VanVicta ($11.54 in chips) 
Seat 5: FAPTOBblN ($15.74 in chips) 
Seat 6: TitoBroz ($10 in chips) 
HubertusB: posts small blind $0.05
Tarasique: posts big blind $0.10
*** HOLE CARDS ***
Dealt to HubertusB [Th 7s]
VanVicta: folds 
FAPTOBblN: folds 
TitoBroz: folds 
nnVinokurov: raises $0.15 to $0.25
HubertusB: folds 
Tarasique: folds 
Uncalled bet ($0.15) returned to nnVinokurov
nnVinokurov collected $0.25 from pot
nnVinokurov: doesn't show hand 
*** SUMMARY ***
Total pot $0.25 | Rake $0 
Seat 1: nnVinokurov (button) collected ($0.25)
Seat 2: HubertusB (small blind) folded before Flop
Seat 3: Tarasique (big blind) folded before Flop
Seat 4: VanVicta folded before Flop (didn't bet)
Seat 5: FAPTOBblN folded before Flop (didn't bet)
Seat 6: TitoBroz folded before Flop (didn't bet)



PokerStars Zoom Hand #175933965332:  Hold'em No Limit ($0.05/$0.10) - 2017/09/22 0:01:24 CCT [2017/09/21 12:01:24 ET]
Table 'Aludra' 6-max Seat #1 is the button
Seat 1: razil_999 ($10.08 in chips) 
Seat 2: gurkovmtt ($10 in chips) 
Seat 3: HubertusB ($7.43 in chips) 
Seat 4: Nbozhilov ($14.64 in chips) 
Seat 5: yamashin47 ($5 in chips) 
Seat 6: Gyzmo1993 ($10.15 in chips) 
gurkovmtt: posts small blind $0.05
HubertusB: posts big blind $0.10
*** HOLE CARDS ***
Dealt to HubertusB [2d 5s]
Nbozhilov: folds 
yamashin47: folds 
Gyzmo1993: folds 
razil_999: folds 
gurkovmtt: raises $0.20 to $0.30
HubertusB: folds 
Uncalled bet ($0.20) returned to gurkovmtt
gurkovmtt collected $0.20 from pot
gurkovmtt: doesn't show hand 
*** SUMMARY ***
Total pot $0.20 | Rake $0 
Seat 1: razil_999 (button) folded before Flop (didn't bet)
Seat 2: gurkovmtt (small blind) collected ($0.20)
Seat 3: HubertusB (big blind) folded before Flop
Seat 4: Nbozhilov folded before Flop (didn't bet)
Seat 5: yamashin47 folded before Flop (didn't bet)
Seat 6: Gyzmo1993 folded before Flop (didn't bet)



PokerStars Zoom Hand #175933972368:  Hold'em No Limit ($0.05/$0.10) - 2017/09/22 0:01:35 CCT [2017/09/21 12:01:35 ET]
Table 'Aludra' 6-max Seat #1 is the button
Seat 1: FAPTOBblN ($15.69 in chips) 
Seat 2: argintina ($10.61 in chips) 
Seat 3: artteam82 ($12.06 in chips) 
Seat 4: grunge&punk ($9.61 in chips) 
Seat 5: Cayoosh16 ($10.43 in chips) 
Seat 6: HubertusB ($7.33 in chips) 
argintina: posts small blind $0.05
artteam82: posts big blind $0.10
*** HOLE CARDS ***
Dealt to HubertusB [Qh 6c]
grunge&punk: folds 
Cayoosh16: folds 
HubertusB: folds 
FAPTOBblN: raises $0.20 to $0.30
argintina: folds 
artteam82: folds 
Uncalled bet ($0.20) returned to FAPTOBblN
FAPTOBblN collected $0.25 from pot
FAPTOBblN: doesn't show hand 
*** SUMMARY ***
Total pot $0.25 | Rake $0 
Seat 1: FAPTOBblN (button) collected ($0.25)
Seat 2: argintina (small blind) folded before Flop
Seat 3: artteam82 (big blind) folded before Flop
Seat 4: grunge&punk folded before Flop (didn't bet)
Seat 5: Cayoosh16 folded before Flop (didn't bet)
Seat 6: HubertusB folded before Flop (didn't bet)



PokerStars Zoom Hand #175933962801:  Hold'em No Limit ($0.05/$0.10) - 2017/09/22 0:01:20 CCT [2017/09/21 12:01:20 ET]
Table 'Aludra' 6-max Seat #1 is the button
Seat 1: HubertusB ($7.43 in chips) 
Seat 2: sr.piccoro ($7.42 in chips) 
Seat 3: KAK BOG PLAY ($10 in chips) 
Seat 4: maxlljr ($10 in chips) 
Seat 5: ulderdog ($18.72 in chips) 
Seat 6: Catenaccio24 ($22.46 in chips) 
sr.piccoro: posts small blind $0.05
KAK BOG PLAY: posts big blind $0.10
*** HOLE CARDS ***
Dealt to HubertusB [Td 5c]
maxlljr: folds 
ulderdog: folds 
Catenaccio24: raises $0.30 to $0.40
HubertusB: folds 
sr.piccoro: folds 
KAK BOG PLAY: folds 
Uncalled bet ($0.30) returned to Catenaccio24
Catenaccio24 collected $0.25 from pot
Catenaccio24: doesn't show hand 
*** SUMMARY ***
Total pot $0.25 | Rake $0 
Seat 1: HubertusB (button) folded before Flop (didn't bet)
Seat 2: sr.piccoro (small blind) folded before Flop
Seat 3: KAK BOG PLAY (big blind) folded before Flop
Seat 4: maxlljr folded before Flop (didn't bet)
Seat 5: ulderdog folded before Flop (didn't bet)
Seat 6: Catenaccio24 collected ($0.25)



PokerStars Zoom Hand #175933954306:  Hold'em No Limit ($0.05/$0.10) - 2017/09/22 0:01:05 CCT [2017/09/21 12:01:05 ET]
Table 'Aludra' 6-max Seat #1 is the button
Seat 1: ManiakHaze ($14.50 in chips) 
Seat 2: tol"@lfar ($13.67 in chips) 
Seat 3: qu96091028 ($19.01 in chips) 
Seat 4: CasterLee ($10.30 in chips) 
Seat 5: HubertusB ($7.48 in chips) 
Seat 6: facewald ($11.50 in chips) 
tol"@lfar: posts small blind $0.05
qu96091028: posts big blind $0.10
*** HOLE CARDS ***
Dealt to HubertusB [5c 7d]
CasterLee: folds 
HubertusB: folds 
facewald: raises $0.14 to $0.24
ManiakHaze: folds 
tol"@lfar: calls $0.19
qu96091028: folds 
*** FLOP *** [Td 4h 6s]
tol"@lfar: checks 
facewald: bets $0.41
tol"@lfar: calls $0.41
*** TURN *** [Td 4h 6s] [6d]
tol"@lfar: checks 
facewald: bets $0.70
tol"@lfar: calls $0.70
*** RIVER *** [Td 4h 6s 6d] [Ks]
tol"@lfar: checks 
facewald: checks 
*** SHOW DOWN ***
tol"@lfar: shows [Kh Th] (two pair, Kings and Tens)
facewald: mucks hand 
tol"@lfar collected $2.67 from pot
*** SUMMARY ***
Total pot $2.80 | Rake $0.13 
Board [Td 4h 6s 6d Ks]
Seat 1: ManiakHaze (button) folded before Flop (didn't bet)
Seat 2: tol"@lfar (small blind) showed [Kh Th] and won ($2.67) with two pair, Kings and Tens
Seat 3: qu96091028 (big blind) folded before Flop
Seat 4: CasterLee folded before Flop (didn't bet)
Seat 5: HubertusB folded before Flop (didn't bet)
Seat 6: facewald mucked [Jh Jc]



PokerStars Zoom Hand #175933976832:  Hold'em No Limit ($0.05/$0.10) - 2017/09/22 0:01:42 CCT [2017/09/21 12:01:42 ET]
Table 'Aludra' 6-max Seat #1 is the button
Seat 1: HubertusB ($7.33 in chips) 
Seat 2: carset ($31.98 in chips) 
Seat 3: tiodor1972 ($10 in chips) 
Seat 4: alsis14 ($10.60 in chips) 
Seat 5: ZubenInzage ($15.23 in chips) 
Seat 6: burjelche ($12.82 in chips) 
carset: posts small blind $0.05
tiodor1972: posts big blind $0.10
*** HOLE CARDS ***
Dealt to HubertusB [3h 9c]
alsis14: folds 
ZubenInzage: raises $0.20 to $0.30
burjelche: folds 
HubertusB: folds 
carset: folds 
tiodor1972: folds 
Uncalled bet ($0.20) returned to ZubenInzage
ZubenInzage collected $0.25 from pot
ZubenInzage: doesn't show hand 
*** SUMMARY ***
Total pot $0.25 | Rake $0 
Seat 1: HubertusB (button) folded before Flop (didn't bet)
Seat 2: carset (small blind) folded before Flop
Seat 3: tiodor1972 (big blind) folded before Flop
Seat 4: alsis14 folded before Flop (didn't bet)
Seat 5: ZubenInzage collected ($0.25)
Seat 6: burjelche folded before Flop (didn't bet)



PokerStars Zoom Hand #175933980012:  Hold'em No Limit ($0.05/$0.10) - 2017/09/22 0:01:47 CCT [2017/09/21 12:01:47 ET]
Table 'Aludra' 6-max Seat #1 is the button
Seat 1: ¡No pasarán! ($22.52 in chips) 
Seat 2: HubertusB ($7.33 in chips) 
Seat 3: Linkoln220 ($9.70 in chips) 
Seat 4: rest992 ($9.83 in chips) 
Seat 5: hhonda7777 ($8.22 in chips) 
Seat 6: hikorutzi ($15.57 in chips) 
HubertusB: posts small blind $0.05
Linkoln220: posts big blind $0.10
*** HOLE CARDS ***
Dealt to HubertusB [2s 7s]
rest992: folds 
hhonda7777: raises $0.20 to $0.30
hikorutzi has timed out while disconnected
hikorutzi: folds 
¡No pasarán!: folds 
HubertusB: folds 
Linkoln220: folds 
Uncalled bet ($0.20) returned to hhonda7777
hhonda7777 collected $0.25 from pot
hhonda7777: doesn't show hand 
*** SUMMARY ***
Total pot $0.25 | Rake $0 
Seat 1: ¡No pasarán! (button) folded before Flop (didn't bet)
Seat 2: HubertusB (small blind) folded before Flop
Seat 3: Linkoln220 (big blind) folded before Flop
Seat 4: rest992 folded before Flop (didn't bet)
Seat 5: hhonda7777 collected ($0.25)
Seat 6: hikorutzi folded before Flop (didn't bet)



PokerStars Zoom Hand #175933985784:  Hold'em No Limit ($0.05/$0.10) - 2017/09/22 0:01:56 CCT [2017/09/21 12:01:56 ET]
Table 'Aludra' 6-max Seat #1 is the button
Seat 1: sicklife03 ($14.66 in chips) 
Seat 2: FAPTOBblN ($15.74 in chips) 
Seat 3: QZ1985 ($6.33 in chips) 
Seat 4: HubertusB ($7.28 in chips) 
Seat 5: ¡No pasarán! ($22.52 in chips) 
Seat 6: wangxi001949 ($22.68 in chips) 
FAPTOBblN: posts small blind $0.05
QZ1985: posts big blind $0.10
*** HOLE CARDS ***
Dealt to HubertusB [Qc Ac]
HubertusB: raises $0.20 to $0.30
¡No pasarán!: folds 
wangxi001949: folds 
sicklife03: folds 
FAPTOBblN: folds 
QZ1985: calls $0.20
*** FLOP *** [Jh 7c Qs]
QZ1985: bets $0.30
HubertusB: calls $0.30
*** TURN *** [Jh 7c Qs] [Qd]
QZ1985: checks 
HubertusB: bets $0.65
QZ1985: calls $0.65
*** RIVER *** [Jh 7c Qs Qd] [6d]
QZ1985: bets $1.30
HubertusB: raises $4.73 to $6.03 and is all-in
QZ1985: calls $3.78 and is all-in
Uncalled bet ($0.95) returned to HubertusB
*** SHOW DOWN ***
HubertusB: shows [Qc Ac] (three of a kind, Queens)
QZ1985: shows [Qh Kd] (three of a kind, Queens - lower kicker)
HubertusB collected $12.14 from pot
*** SUMMARY ***
Total pot $12.71 | Rake $0.57 
Board [Jh 7c Qs Qd 6d]
Seat 1: sicklife03 (button) folded before Flop (didn't bet)
Seat 2: FAPTOBblN (small blind) folded before Flop
Seat 3: QZ1985 (big blind) showed [Qh Kd] and lost with three of a kind, Queens
Seat 4: HubertusB showed [Qc Ac] and won ($12.14) with three of a kind, Queens
Seat 5: ¡No pasarán! folded before Flop (didn't bet)
Seat 6: wangxi001949 folded before Flop (didn't bet)



PokerStars Zoom Hand #175934019707:  Hold'em No Limit ($0.05/$0.10) - 2017/09/22 0:02:45 CCT [2017/09/21 12:02:45 ET]
Table 'Aludra' 6-max Seat #1 is the button
Seat 1: mnogo farta ($10 in chips) 
Seat 2: piiizzaaa ($19.23 in chips) 
Seat 3: kasse1982 ($11.81 in chips) 
Seat 4: lty429 ($16.53 in chips) 
Seat 5: symkalaila ($20.49 in chips) 
Seat 6: HubertusB ($13.09 in chips) 
piiizzaaa: posts small blind $0.05
kasse1982: posts big blind $0.10
*** HOLE CARDS ***
Dealt to HubertusB [7c 7d]
lty429: folds 
symkalaila: folds 
HubertusB: raises $0.20 to $0.30
mnogo farta: folds 
piiizzaaa: folds 
kasse1982: folds 
Uncalled bet ($0.20) returned to HubertusB
HubertusB collected $0.25 from pot
HubertusB: doesn't show hand 
*** SUMMARY ***
Total pot $0.25 | Rake $0 
Seat 1: mnogo farta (button) folded before Flop (didn't bet)
Seat 2: piiizzaaa (small blind) folded before Flop
Seat 3: kasse1982 (big blind) folded before Flop
Seat 4: lty429 folded before Flop (didn't bet)
Seat 5: symkalaila folded before Flop (didn't bet)
Seat 6: HubertusB collected ($0.25)



PokerStars Zoom Hand #175933982610:  Hold'em No Limit ($0.05/$0.10) - 2017/09/22 0:01:51 CCT [2017/09/21 12:01:51 ET]
Table 'Aludra' 6-max Seat #1 is the button
Seat 1: xmzok012 ($14.69 in chips) 
Seat 2: Kirikulu ($14 in chips) 
Seat 3: barlipensa ($10 in chips) 
Seat 4: Jane010 ($11.19 in chips) 
Seat 5: HubertusB ($7.28 in chips) 
Seat 6: kriska7777 ($9.95 in chips) 
Kirikulu: posts small blind $0.05
barlipensa: posts big blind $0.10
*** HOLE CARDS ***
Dealt to HubertusB [3h Kh]
Jane010: folds 
HubertusB: folds 
kriska7777: folds 
xmzok012: raises $0.20 to $0.30
Kirikulu: folds 
barlipensa: raises $0.60 to $0.90
xmzok012: calls $0.60
*** FLOP *** [8h 4d 5s]
barlipensa: bets $1.10
xmzok012: calls $1.10
*** TURN *** [8h 4d 5s] [Js]
barlipensa: bets $2.40
xmzok012: calls $2.40
*** RIVER *** [8h 4d 5s Js] [8c]
barlipensa: checks 
xmzok012: checks 
*** SHOW DOWN ***
barlipensa: shows [As 4s] (two pair, Eights and Fours)
xmzok012: shows [7c 5c] (two pair, Eights and Fives)
xmzok012 collected $8.45 from pot
*** SUMMARY ***
Total pot $8.85 | Rake $0.40 
Board [8h 4d 5s Js 8c]
Seat 1: xmzok012 (button) showed [7c 5c] and won ($8.45) with two pair, Eights and Fives
Seat 2: Kirikulu (small blind) folded before Flop
Seat 3: barlipensa (big blind) showed [As 4s] and lost with two pair, Eights and Fours
Seat 4: Jane010 folded before Flop (didn't bet)
Seat 5: HubertusB folded before Flop (didn't bet)
Seat 6: kriska7777 folded before Flop (didn't bet)



PokerStars Zoom Hand #175934032740:  Hold'em No Limit ($0.05/$0.10) - 2017/09/22 0:03:04 CCT [2017/09/21 12:03:04 ET]
Table 'Aludra' 6-max Seat #1 is the button
Seat 1: Andreymone ($5 in chips) 
Seat 2: Serg206 ($7.20 in chips) 
Seat 3: HubertusB ($13.24 in chips) 
Seat 4: vcompy ($11.71 in chips) 
Seat 5: harrydjan ($10.26 in chips) 
Seat 6: void-AA ($14.81 in chips) 
Serg206: posts small blind $0.05
HubertusB: posts big blind $0.10
*** HOLE CARDS ***
Dealt to HubertusB [Kd Qc]
vcompy: raises $0.18 to $0.28
harrydjan: folds 
void-AA: calls $0.28
Andreymone: folds 
Serg206: folds 
HubertusB: calls $0.18
*** FLOP *** [Ts 5h Jh]
HubertusB: checks 
vcompy: checks 
void-AA: bets $0.43
HubertusB: calls $0.43
vcompy: folds 
*** TURN *** [Ts 5h Jh] [Kc]
HubertusB: checks 
void-AA: checks 
*** RIVER *** [Ts 5h Jh Kc] [Ah]
HubertusB: checks 
void-AA: bets $1.67
HubertusB: calls $1.67
*** SHOW DOWN ***
void-AA: shows [Th 8h] (a flush, Ace high)
HubertusB: mucks hand 
void-AA collected $4.86 from pot
*** SUMMARY ***
Total pot $5.09 | Rake $0.23 
Board [Ts 5h Jh Kc Ah]
Seat 1: Andreymone (button) folded before Flop (didn't bet)
Seat 2: Serg206 (small blind) folded before Flop
Seat 3: HubertusB (big blind) mucked [Kd Qc]
Seat 4: vcompy folded on the Flop
Seat 5: harrydjan folded before Flop (didn't bet)
Seat 6: void-AA showed [Th 8h] and won ($4.86) with a flush, Ace high



PokerStars Zoom Hand #175934070752:  Hold'em No Limit ($0.05/$0.10) - 2017/09/22 0:03:58 CCT [2017/09/21 12:03:58 ET]
Table 'Aludra' 6-max Seat #1 is the button
Seat 1: HubertusB ($10.86 in chips) 
Seat 2: Gyzmo1993 ($10 in chips) 
Seat 3: FranS2Paulo ($17.97 in chips) 
Seat 4: TellMeOther ($10 in chips) 
Seat 5: davay300 ($12.59 in chips) 
Seat 6: Ytowo ($10.46 in chips) 
Gyzmo1993: posts small blind $0.05
FranS2Paulo: posts big blind $0.10
*** HOLE CARDS ***
Dealt to HubertusB [Qh Jc]
TellMeOther: folds 
davay300: folds 
Ytowo: folds 
HubertusB: raises $0.20 to $0.30
Gyzmo1993: folds 
FranS2Paulo: folds 
Uncalled bet ($0.20) returned to HubertusB
HubertusB collected $0.25 from pot
HubertusB: doesn't show hand 
*** SUMMARY ***
Total pot $0.25 | Rake $0 
Seat 1: HubertusB (button) collected ($0.25)
Seat 2: Gyzmo1993 (small blind) folded before Flop
Seat 3: FranS2Paulo (big blind) folded before Flop
Seat 4: TellMeOther folded before Flop (didn't bet)
Seat 5: davay300 folded before Flop (didn't bet)
Seat 6: Ytowo folded before Flop (didn't bet)



PokerStars Zoom Hand #175934066695:  Hold'em No Limit ($0.05/$0.10) - 2017/09/22 0:03:52 CCT [2017/09/21 12:03:52 ET]
Table 'Aludra' 6-max Seat #1 is the button
Seat 1: michi203 ($4.09 in chips) 
Seat 2: BTR00725 ($10.04 in chips) 
Seat 3: KAK BOG PLAY ($15.79 in chips) 
Seat 4: hasus ($10.15 in chips) 
Seat 5: HubertusB ($10.86 in chips) 
Seat 6: Cyburcom ($11.70 in chips) 
BTR00725: posts small blind $0.05
KAK BOG PLAY: posts big blind $0.10
*** HOLE CARDS ***
Dealt to HubertusB [5h 7c]
hasus: folds 
HubertusB: folds 
Cyburcom: folds 
michi203: folds 
BTR00725: raises $0.20 to $0.30
KAK BOG PLAY: calls $0.20
*** FLOP *** [Qs 3s Ad]
BTR00725: checks 
KAK BOG PLAY: bets $0.40
BTR00725: folds 
Uncalled bet ($0.40) returned to KAK BOG PLAY
KAK BOG PLAY collected $0.57 from pot
KAK BOG PLAY: doesn't show hand 
*** SUMMARY ***
Total pot $0.60 | Rake $0.03 
Board [Qs 3s Ad]
Seat 1: michi203 (button) folded before Flop (didn't bet)
Seat 2: BTR00725 (small blind) folded on the Flop
Seat 3: KAK BOG PLAY (big blind) collected ($0.57)
Seat 4: hasus folded before Flop (didn't bet)
Seat 5: HubertusB folded before Flop (didn't bet)
Seat 6: Cyburcom folded before Flop (didn't bet)



PokerStars Zoom Hand #175934077842:  Hold'em No Limit ($0.05/$0.10) - 2017/09/22 0:04:09 CCT [2017/09/21 12:04:09 ET]
Table 'Aludra' 6-max Seat #1 is the button
Seat 1: xmzok012 ($15.73 in chips) 
Seat 2: HubertusB ($11.01 in chips) 
Seat 3: edugringoes ($10 in chips) 
Seat 4: tom008 ($9.58 in chips) 
Seat 5: haddonjack ($11.20 in chips) 
Seat 6: REGNIMOR ($11.20 in chips) 
HubertusB: posts small blind $0.05
edugringoes: posts big blind $0.10
*** HOLE CARDS ***
Dealt to HubertusB [Ad Kh]
tom008: folds 
haddonjack: raises $0.20 to $0.30
REGNIMOR: folds 
xmzok012: folds 
HubertusB: calls $0.25
edugringoes: raises $0.80 to $1.10
haddonjack: folds 
HubertusB: raises $9.91 to $11.01 and is all-in
edugringoes: folds 
Uncalled bet ($9.91) returned to HubertusB
HubertusB collected $2.50 from pot
HubertusB: doesn't show hand 
*** SUMMARY ***
Total pot $2.50 | Rake $0 
Seat 1: xmzok012 (button) folded before Flop (didn't bet)
Seat 2: HubertusB (small blind) collected ($2.50)
Seat 3: edugringoes (big blind) folded before Flop
Seat 4: tom008 folded before Flop (didn't bet)
Seat 5: haddonjack folded before Flop
Seat 6: REGNIMOR folded before Flop (didn't bet)



PokerStars Zoom Hand #175934103114:  Hold'em No Limit ($0.05/$0.10) - 2017/09/22 0:04:49 CCT [2017/09/21 12:04:49 ET]
Table 'Aludra' 6-max Seat #1 is the button
Seat 1: Gyzmo1993 ($10.89 in chips) 
Seat 2: julehjuleh ($11.29 in chips) 
Seat 3: makodao ($10.45 in chips) 
Seat 4: noprobl3ms1 ($4.30 in chips) 
Seat 5: ulderdog ($14.77 in chips) 
Seat 6: HubertusB ($12.41 in chips) 
julehjuleh: posts small blind $0.05
makodao: posts big blind $0.10
*** HOLE CARDS ***
Dealt to HubertusB [Jc Kd]
noprobl3ms1: folds 
ulderdog: folds 
HubertusB: raises $0.20 to $0.30
Gyzmo1993: folds 
julehjuleh: folds 
makodao: folds 
Uncalled bet ($0.20) returned to HubertusB
HubertusB collected $0.25 from pot
HubertusB: doesn't show hand 
*** SUMMARY ***
Total pot $0.25 | Rake $0 
Seat 1: Gyzmo1993 (button) folded before Flop (didn't bet)
Seat 2: julehjuleh (small blind) folded before Flop
Seat 3: makodao (big blind) folded before Flop
Seat 4: noprobl3ms1 folded before Flop (didn't bet)
Seat 5: ulderdog folded before Flop (didn't bet)
Seat 6: HubertusB collected ($0.25)



PokerStars Zoom Hand #175934132765:  Hold'em No Limit ($0.05/$0.10) - 2017/09/22 0:05:32 CCT [2017/09/21 12:05:32 ET]
Table 'Aludra' 6-max Seat #1 is the button
Seat 1: julehjuleh ($11.14 in chips) 
Seat 2: Zenga11 ($10.27 in chips) 
Seat 3: HubertusB ($12.56 in chips) 
Seat 4: dogirun ($10 in chips) 
Seat 5: LzNKaoTiK927 ($10 in chips) 
Seat 6: grunge&punk ($8.99 in chips) 
Zenga11: posts small blind $0.05
HubertusB: posts big blind $0.10
*** HOLE CARDS ***
Dealt to HubertusB [9c 7h]
dogirun: raises $0.20 to $0.30
LzNKaoTiK927: folds 
grunge&punk: folds 
julehjuleh: folds 
Zenga11: folds 
HubertusB: folds 
Uncalled bet ($0.20) returned to dogirun
dogirun collected $0.25 from pot
dogirun: doesn't show hand 
*** SUMMARY ***
Total pot $0.25 | Rake $0 
Seat 1: julehjuleh (button) folded before Flop (didn't bet)
Seat 2: Zenga11 (small blind) folded before Flop
Seat 3: HubertusB (big blind) folded before Flop
Seat 4: dogirun collected ($0.25)
Seat 5: LzNKaoTiK927 folded before Flop (didn't bet)
Seat 6: grunge&punk folded before Flop (didn't bet)



PokerStars Zoom Hand #175934140613:  Hold'em No Limit ($0.05/$0.10) - 2017/09/22 0:05:43 CCT [2017/09/21 12:05:43 ET]
Table 'Aludra' 6-max Seat #1 is the button
Seat 1: HubertusB ($12.46 in chips) 
Seat 2: CAIDDT ($10.15 in chips) 
Seat 3: Beell507 ($17.35 in chips) 
Seat 4: ElbowsKnees ($11.64 in chips) 
Seat 5: carlitosCapone ($20.87 in chips) 
Seat 6: michi203 ($5.14 in chips) 
CAIDDT: posts small blind $0.05
Beell507: posts big blind $0.10
*** HOLE CARDS ***
Dealt to HubertusB [Kd As]
ElbowsKnees: folds 
carlitosCapone: folds 
michi203: folds 
HubertusB: raises $0.20 to $0.30
CAIDDT: folds 
Beell507: folds 
Uncalled bet ($0.20) returned to HubertusB
HubertusB collected $0.25 from pot
HubertusB: doesn't show hand 
*** SUMMARY ***
Total pot $0.25 | Rake $0 
Seat 1: HubertusB (button) collected ($0.25)
Seat 2: CAIDDT (small blind) folded before Flop
Seat 3: Beell507 (big blind) folded before Flop
Seat 4: ElbowsKnees folded before Flop (didn't bet)
Seat 5: carlitosCapone folded before Flop (didn't bet)
Seat 6: michi203 folded before Flop (didn't bet)



PokerStars Zoom Hand #175934137031:  Hold'em No Limit ($0.05/$0.10) - 2017/09/22 0:05:38 CCT [2017/09/21 12:05:38 ET]
Table 'Aludra' 6-max Seat #1 is the button
Seat 1: myself10 ($31.32 in chips) 
Seat 2: VanVicta ($10 in chips) 
Seat 3: Irish_yo0731 ($9.62 in chips) 
Seat 4: HubertusB ($12.46 in chips) 
Seat 5: psichic13 ($10.36 in chips) 
Seat 6: R.Filin ($10.45 in chips) 
VanVicta: posts small blind $0.05
Irish_yo0731: posts big blind $0.10
*** HOLE CARDS ***
Dealt to HubertusB [7d Ts]
HubertusB: folds 
psichic13: folds 
R.Filin: raises $0.19 to $0.29
myself10: folds 
VanVicta: folds 
Irish_yo0731: calls $0.19
*** FLOP *** [Jd Jc Kc]
Irish_yo0731: checks 
R.Filin: bets $0.36
Irish_yo0731: folds 
Uncalled bet ($0.36) returned to R.Filin
R.Filin collected $0.60 from pot
R.Filin: doesn't show hand 
*** SUMMARY ***
Total pot $0.63 | Rake $0.03 
Board [Jd Jc Kc]
Seat 1: myself10 (button) folded before Flop (didn't bet)
Seat 2: VanVicta (small blind) folded before Flop
Seat 3: Irish_yo0731 (big blind) folded on the Flop
Seat 4: HubertusB folded before Flop (didn't bet)
Seat 5: psichic13 folded before Flop (didn't bet)
Seat 6: R.Filin collected ($0.60)



PokerStars Zoom Hand #175934129309:  Hold'em No Limit ($0.05/$0.10) - 2017/09/22 0:05:27 CCT [2017/09/21 12:05:27 ET]
Table 'Aludra' 6-max Seat #1 is the button
Seat 1: leiku1 ($5.29 in chips) 
Seat 2: Iapetus89 ($8.43 in chips) 
Seat 3: Tim Malikoff ($24.40 in chips) 
Seat 4: HubertusB ($12.56 in chips) 
Seat 5: maxlljr ($10 in chips) 
Seat 6: zolo2006 ($11.36 in chips) 
Iapetus89: posts small blind $0.05
Tim Malikoff: posts big blind $0.10
*** HOLE CARDS ***
Dealt to HubertusB [2s Th]
HubertusB: folds 
maxlljr: folds 
zolo2006: raises $0.30 to $0.40
leiku1: calls $0.40
Iapetus89: folds 
Tim Malikoff: folds 
*** FLOP *** [6s Jc 9d]
zolo2006: bets $0.50
leiku1: calls $0.50
*** TURN *** [6s Jc 9d] [7d]
zolo2006: bets $0.90
leiku1: calls $0.90
*** RIVER *** [6s Jc 9d 7d] [9s]
zolo2006: checks 
leiku1: bets $1.10
zolo2006: folds 
Uncalled bet ($1.10) returned to leiku1
leiku1 collected $3.58 from pot
leiku1: doesn't show hand 
*** SUMMARY ***
Total pot $3.75 | Rake $0.17 
Board [6s Jc 9d 7d 9s]
Seat 1: leiku1 (button) collected ($3.58)
Seat 2: Iapetus89 (small blind) folded before Flop
Seat 3: Tim Malikoff (big blind) folded before Flop
Seat 4: HubertusB folded before Flop (didn't bet)
Seat 5: maxlljr folded before Flop (didn't bet)
Seat 6: zolo2006 folded on the River



PokerStars Zoom Hand #175934159760:  Hold'em No Limit ($0.05/$0.10) - 2017/09/22 0:06:10 CCT [2017/09/21 12:06:10 ET]
Table 'Aludra' 6-max Seat #1 is the button
Seat 1: R.Filin ($10.76 in chips) 
Seat 2: Beell507 ($13.05 in chips) 
Seat 3: Lionrungood ($10.37 in chips) 
Seat 4: MartyMcfly01 ($9.15 in chips) 
Seat 5: HubertusB ($12.56 in chips) 
Seat 6: onegin2 ($9.85 in chips) 
Beell507: posts small blind $0.05
Lionrungood: posts big blind $0.10
*** HOLE CARDS ***
Dealt to HubertusB [2h Js]
MartyMcfly01: folds 
HubertusB: folds 
onegin2: folds 
R.Filin: folds 
Beell507: folds 
Uncalled bet ($0.05) returned to Lionrungood
Lionrungood collected $0.10 from pot
Lionrungood: doesn't show hand 
*** SUMMARY ***
Total pot $0.10 | Rake $0 
Seat 1: R.Filin (button) folded before Flop (didn't bet)
Seat 2: Beell507 (small blind) folded before Flop
Seat 3: Lionrungood (big blind) collected ($0.10)
Seat 4: MartyMcfly01 folded before Flop (didn't bet)
Seat 5: HubertusB folded before Flop (didn't bet)
Seat 6: onegin2 folded before Flop (didn't bet)



PokerStars Zoom Hand #175934163328:  Hold'em No Limit ($0.05/$0.10) - 2017/09/22 0:06:15 CCT [2017/09/21 12:06:15 ET]
Table 'Aludra' 6-max Seat #1 is the button
Seat 1: aldinetto ($5.89 in chips) 
Seat 2: Andr the gun ($11.11 in chips) 
Seat 3: HubertusB ($12.56 in chips) 
Seat 4: Ytowo ($10.05 in chips) 
Seat 5: R.Filin ($15.72 in chips) 
Seat 6: padde886 ($11.52 in chips) 
Andr the gun: posts small blind $0.05
HubertusB: posts big blind $0.10
*** HOLE CARDS ***
Dealt to HubertusB [2h 6c]
Ytowo: folds 
R.Filin: folds 
padde886: folds 
aldinetto: raises $0.15 to $0.25
Andr the gun: raises $0.55 to $0.80
HubertusB: folds 
aldinetto: raises $5.09 to $5.89 and is all-in
Andr the gun: folds 
Uncalled bet ($5.09) returned to aldinetto
aldinetto collected $1.70 from pot
aldinetto: doesn't show hand 
*** SUMMARY ***
Total pot $1.70 | Rake $0 
Seat 1: aldinetto (button) collected ($1.70)
Seat 2: Andr the gun (small blind) folded before Flop
Seat 3: HubertusB (big blind) folded before Flop
Seat 4: Ytowo folded before Flop (didn't bet)
Seat 5: R.Filin folded before Flop (didn't bet)
Seat 6: padde886 folded before Flop (didn't bet)



PokerStars Zoom Hand #175934172573:  Hold'em No Limit ($0.05/$0.10) - 2017/09/22 0:06:28 CCT [2017/09/21 12:06:28 ET]
Table 'Aludra' 6-max Seat #1 is the button
Seat 1: davay300 ($12.19 in chips) 
Seat 2: TellMeOther ($10.34 in chips) 
Seat 3: R.Filin ($10.71 in chips) 
Seat 4: LENCHA555 ($13.03 in chips) 
Seat 5: AllIKnowIs0 ($10.30 in chips) 
Seat 6: HubertusB ($12.46 in chips) 
TellMeOther: posts small blind $0.05
R.Filin: posts big blind $0.10
*** HOLE CARDS ***
Dealt to HubertusB [Ts Qd]
LENCHA555: folds 
AllIKnowIs0: folds 
HubertusB: folds 
davay300: folds 
TellMeOther: folds 
Uncalled bet ($0.05) returned to R.Filin
R.Filin collected $0.10 from pot
R.Filin: doesn't show hand 
*** SUMMARY ***
Total pot $0.10 | Rake $0 
Seat 1: davay300 (button) folded before Flop (didn't bet)
Seat 2: TellMeOther (small blind) folded before Flop
Seat 3: R.Filin (big blind) collected ($0.10)
Seat 4: LENCHA555 folded before Flop (didn't bet)
Seat 5: AllIKnowIs0 folded before Flop (didn't bet)
Seat 6: HubertusB folded before Flop (didn't bet)



PokerStars Zoom Hand #175934176224:  Hold'em No Limit ($0.05/$0.10) - 2017/09/22 0:06:33 CCT [2017/09/21 12:06:33 ET]
Table 'Aludra' 6-max Seat #1 is the button
Seat 1: noprobl3ms1 ($3.64 in chips) 
Seat 2: HubertusB ($12.46 in chips) 
Seat 3: DLegenda ($12.22 in chips) 
Seat 4: 1nicebeat ($11.21 in chips) 
Seat 5: ALEKS1986198 ($6.26 in chips) 
Seat 6: DJMev ($13.14 in chips) 
HubertusB: posts small blind $0.05
DLegenda: posts big blind $0.10
*** HOLE CARDS ***
Dealt to HubertusB [Td 9h]
1nicebeat: folds 
ALEKS1986198: folds 
DJMev: raises $0.16 to $0.26
noprobl3ms1: folds 
HubertusB: folds 
DLegenda: folds 
Uncalled bet ($0.16) returned to DJMev
DJMev collected $0.25 from pot
DJMev: doesn't show hand 
*** SUMMARY ***
Total pot $0.25 | Rake $0 
Seat 1: noprobl3ms1 (button) folded before Flop (didn't bet)
Seat 2: HubertusB (small blind) folded before Flop
Seat 3: DLegenda (big blind) folded before Flop
Seat 4: 1nicebeat folded before Flop (didn't bet)
Seat 5: ALEKS1986198 folded before Flop (didn't bet)
Seat 6: DJMev collected ($0.25)



PokerStars Zoom Hand #175934168929:  Hold'em No Limit ($0.05/$0.10) - 2017/09/22 0:06:23 CCT [2017/09/21 12:06:23 ET]
Table 'Aludra' 6-max Seat #1 is the button
Seat 1: propper111 ($17.46 in chips) 
Seat 2: Gyzmo1993 ($11.85 in chips) 
Seat 3: haddonjack ($10.70 in chips) 
Seat 4: maxlljr ($10.15 in chips) 
Seat 5: aleks0853 ($22.98 in chips) 
Seat 6: HubertusB ($12.46 in chips) 
Gyzmo1993: posts small blind $0.05
haddonjack: posts big blind $0.10
*** HOLE CARDS ***
Dealt to HubertusB [5h 7d]
maxlljr: raises $0.20 to $0.30
aleks0853: folds 
HubertusB: folds 
propper111: folds 
Gyzmo1993: folds 
haddonjack: calls $0.20
*** FLOP *** [8d 9c 3h]
haddonjack: checks 
maxlljr: checks 
*** TURN *** [8d 9c 3h] [Kc]
haddonjack: bets $0.34
maxlljr: folds 
Uncalled bet ($0.34) returned to haddonjack
haddonjack collected $0.62 from pot
haddonjack: doesn't show hand 
*** SUMMARY ***
Total pot $0.65 | Rake $0.03 
Board [8d 9c 3h Kc]
Seat 1: propper111 (button) folded before Flop (didn't bet)
Seat 2: Gyzmo1993 (small blind) folded before Flop
Seat 3: haddonjack (big blind) collected ($0.62)
Seat 4: maxlljr folded on the Turn
Seat 5: aleks0853 folded before Flop (didn't bet)
Seat 6: HubertusB folded before Flop (didn't bet)



PokerStars Zoom Hand #175934156186:  Hold'em No Limit ($0.05/$0.10) - 2017/09/22 0:06:05 CCT [2017/09/21 12:06:05 ET]
Table 'Aludra' 6-max Seat #1 is the button
Seat 1: tol"@lfar ($21.27 in chips) 
Seat 2: HubertusB ($12.61 in chips) 
Seat 3: sl1n555 ($20.80 in chips) 
Seat 4: Gyzmo1993 ($10.74 in chips) 
Seat 5: ManiakHaze ($15.09 in chips) 
Seat 6: Mr.Sobor ($10.76 in chips) 
HubertusB: posts small blind $0.05
sl1n555: posts big blind $0.10
*** HOLE CARDS ***
Dealt to HubertusB [2h Kc]
Gyzmo1993: raises $0.20 to $0.30
ManiakHaze: folds 
Mr.Sobor: folds 
tol"@lfar: calls $0.30
HubertusB: folds 
sl1n555: calls $0.20
*** FLOP *** [Kh 7s Td]
sl1n555: checks 
Gyzmo1993: checks 
tol"@lfar: checks 
*** TURN *** [Kh 7s Td] [4c]
sl1n555: checks 
Gyzmo1993: checks 
tol"@lfar: bets $0.40
sl1n555: folds 
Gyzmo1993: calls $0.40
*** RIVER *** [Kh 7s Td 4c] [7d]
Gyzmo1993: checks 
tol"@lfar: checks 
*** SHOW DOWN ***
Gyzmo1993: shows [Jh Jc] (two pair, Jacks and Sevens)
tol"@lfar: mucks hand 
Gyzmo1993 collected $1.67 from pot
*** SUMMARY ***
Total pot $1.75 | Rake $0.08 
Board [Kh 7s Td 4c 7d]
Seat 1: tol"@lfar (button) mucked [As Js]
Seat 2: HubertusB (small blind) folded before Flop
Seat 3: sl1n555 (big blind) folded on the Turn
Seat 4: Gyzmo1993 showed [Jh Jc] and won ($1.67) with two pair, Jacks and Sevens
Seat 5: ManiakHaze folded before Flop (didn't bet)
Seat 6: Mr.Sobor folded before Flop (didn't bet)



PokerStars Zoom Hand #175934180555:  Hold'em No Limit ($0.05/$0.10) - 2017/09/22 0:06:39 CCT [2017/09/21 12:06:39 ET]
Table 'Aludra' 6-max Seat #1 is the button
Seat 1: HubertusB ($12.41 in chips) 
Seat 2: mkt1105 ($12.35 in chips) 
Seat 3: Beell507 ($16.90 in chips) 
Seat 4: Lanziee ($7.67 in chips) 
Seat 5: LzNKaoTiK927 ($10 in chips) 
Seat 6: carlitosCapone ($19.99 in chips) 
mkt1105: posts small blind $0.05
Beell507: posts big blind $0.10
*** HOLE CARDS ***
Dealt to HubertusB [Jd Ac]
Lanziee: folds 
LzNKaoTiK927: folds 
carlitosCapone: folds 
HubertusB: raises $0.20 to $0.30
mkt1105: folds 
Beell507: calls $0.20
*** FLOP *** [Kh 5h Ad]
Beell507: checks 
HubertusB: bets $0.40
Beell507: calls $0.40
*** TURN *** [Kh 5h Ad] [Js]
Beell507: checks 
HubertusB: bets $1.10
Beell507: folds 
Uncalled bet ($1.10) returned to HubertusB
HubertusB collected $1.38 from pot
HubertusB: doesn't show hand 
*** SUMMARY ***
Total pot $1.45 | Rake $0.07 
Board [Kh 5h Ad Js]
Seat 1: HubertusB (button) collected ($1.38)
Seat 2: mkt1105 (small blind) folded before Flop
Seat 3: Beell507 (big blind) folded on the Turn
Seat 4: Lanziee folded before Flop (didn't bet)
Seat 5: LzNKaoTiK927 folded before Flop (didn't bet)
Seat 6: carlitosCapone folded before Flop (didn't bet)



PokerStars Zoom Hand #175934208327:  Hold'em No Limit ($0.05/$0.10) - 2017/09/22 0:07:18 CCT [2017/09/21 12:07:18 ET]
Table 'Aludra' 6-max Seat #1 is the button
Seat 1: Dzsimmi88 ($5.32 in chips) 
Seat 2: FranS2Paulo ($26.77 in chips) 
Seat 3: carlitosCapone ($20.57 in chips) 
Seat 4: flub0r ($7.72 in chips) 
Seat 5: HubertusB ($13.09 in chips) 
Seat 6: Minnosb ($10.99 in chips) 
FranS2Paulo: posts small blind $0.05
carlitosCapone: posts big blind $0.10
*** HOLE CARDS ***
Dealt to HubertusB [Ts Js]
flub0r: raises $0.20 to $0.30
HubertusB: calls $0.30
Minnosb: folds 
Dzsimmi88: folds 
FranS2Paulo: folds 
carlitosCapone: folds 
*** FLOP *** [2d 6c Jh]
flub0r: bets $0.36
HubertusB: raises $0.36 to $0.72
flub0r: calls $0.36
*** TURN *** [2d 6c Jh] [2h]
flub0r: bets $0.60
HubertusB: raises $0.60 to $1.20
flub0r: folds 
Uncalled bet ($0.60) returned to HubertusB
HubertusB collected $3.24 from pot
HubertusB: doesn't show hand 
*** SUMMARY ***
Total pot $3.39 | Rake $0.15 
Board [2d 6c Jh 2h]
Seat 1: Dzsimmi88 (button) folded before Flop (didn't bet)
Seat 2: FranS2Paulo (small blind) folded before Flop
Seat 3: carlitosCapone (big blind) folded before Flop
Seat 4: flub0r folded on the Turn
Seat 5: HubertusB collected ($3.24)
Seat 6: Minnosb folded before Flop (didn't bet)



PokerStars Zoom Hand #175934234101:  Hold'em No Limit ($0.05/$0.10) - 2017/09/22 0:07:54 CCT [2017/09/21 12:07:54 ET]
Table 'Aludra' 6-max Seat #1 is the button
Seat 1: arctur17 ($10 in chips) 
Seat 2: NIK-PaVeL13 ($11.87 in chips) 
Seat 3: carset ($26.20 in chips) 
Seat 4: HubertusB ($14.71 in chips) 
Seat 5: carl548 ($13.61 in chips) 
Seat 6: Lionrungood ($10 in chips) 
NIK-PaVeL13: posts small blind $0.05
carset: posts big blind $0.10
*** HOLE CARDS ***
Dealt to HubertusB [6c 8h]
HubertusB: folds 
carl548: calls $0.10
Lionrungood: folds 
arctur17: folds 
NIK-PaVeL13: folds 
carset: checks 
*** FLOP *** [7d 4c Td]
carset: checks 
carl548: bets $0.20
carset: folds 
Uncalled bet ($0.20) returned to carl548
carl548 collected $0.24 from pot
carl548: doesn't show hand 
*** SUMMARY ***
Total pot $0.25 | Rake $0.01 
Board [7d 4c Td]
Seat 1: arctur17 (button) folded before Flop (didn't bet)
Seat 2: NIK-PaVeL13 (small blind) folded before Flop
Seat 3: carset (big blind) folded on the Flop
Seat 4: HubertusB folded before Flop (didn't bet)
Seat 5: carl548 collected ($0.24)
Seat 6: Lionrungood folded before Flop (didn't bet)



PokerStars Zoom Hand #175934257080:  Hold'em No Limit ($0.05/$0.10) - 2017/09/22 0:08:26 CCT [2017/09/21 12:08:26 ET]
Table 'Aludra' 6-max Seat #1 is the button
Seat 1: gnaknak ($14.53 in chips) 
Seat 2: Lanziee ($9.90 in chips) 
Seat 3: HubertusB ($14.71 in chips) 
Seat 4: leiku1 ($5.09 in chips) 
Seat 5: Lionrungood ($10.37 in chips) 
Seat 6: TellMeOther ($8.23 in chips) 
Lanziee: posts small blind $0.05
HubertusB: posts big blind $0.10
*** HOLE CARDS ***
Dealt to HubertusB [Tc 4s]
leiku1: folds 
Lionrungood: folds 
TellMeOther: raises $0.20 to $0.30
gnaknak: folds 
Lanziee: folds 
HubertusB: folds 
Uncalled bet ($0.20) returned to TellMeOther
TellMeOther collected $0.25 from pot
TellMeOther: doesn't show hand 
*** SUMMARY ***
Total pot $0.25 | Rake $0 
Seat 1: gnaknak (button) folded before Flop (didn't bet)
Seat 2: Lanziee (small blind) folded before Flop
Seat 3: HubertusB (big blind) folded before Flop
Seat 4: leiku1 folded before Flop (didn't bet)
Seat 5: Lionrungood folded before Flop (didn't bet)
Seat 6: TellMeOther collected ($0.25)



PokerStars Zoom Hand #175934264190:  Hold'em No Limit ($0.05/$0.10) - 2017/09/22 0:08:36 CCT [2017/09/21 12:08:36 ET]
Table 'Aludra' 6-max Seat #1 is the button
Seat 1: HubertusB ($14.61 in chips) 
Seat 2: carlitosCapone ($21.65 in chips) 
Seat 3: hasus ($12.09 in chips) 
Seat 4: Catenaccio24 ($22.24 in chips) 
Seat 5: chaynik876 ($7.87 in chips) 
Seat 6: e.maistre90 ($8.99 in chips) 
carlitosCapone: posts small blind $0.05
hasus: posts big blind $0.10
*** HOLE CARDS ***
Dealt to HubertusB [Jc 4h]
Catenaccio24: folds 
chaynik876: folds 
e.maistre90: folds 
HubertusB: folds 
carlitosCapone: folds 
Uncalled bet ($0.05) returned to hasus
hasus collected $0.10 from pot
hasus: doesn't show hand 
*** SUMMARY ***
Total pot $0.10 | Rake $0 
Seat 1: HubertusB (button) folded before Flop (didn't bet)
Seat 2: carlitosCapone (small blind) folded before Flop
Seat 3: hasus (big blind) collected ($0.10)
Seat 4: Catenaccio24 folded before Flop (didn't bet)
Seat 5: chaynik876 folded before Flop (didn't bet)
Seat 6: e.maistre90 folded before Flop (didn't bet)



PokerStars Zoom Hand #175934267237:  Hold'em No Limit ($0.05/$0.10) - 2017/09/22 0:08:40 CCT [2017/09/21 12:08:40 ET]
Table 'Aludra' 6-max Seat #1 is the button
Seat 1: Versace4ever ($12.66 in chips) 
Seat 2: peti100 ($8.09 in chips) 
Seat 3: LordClefairy ($69 in chips) 
Seat 4: HubertusB ($14.61 in chips) 
Seat 5: myself10 ($31.39 in chips) 
Seat 6: babloboy ($10 in chips) 
peti100: posts small blind $0.05
LordClefairy: posts big blind $0.10
*** HOLE CARDS ***
Dealt to HubertusB [Jh 2d]
HubertusB: folds 
myself10: folds 
babloboy: folds 
Versace4ever: folds 
peti100: folds 
Uncalled bet ($0.05) returned to LordClefairy
LordClefairy collected $0.10 from pot
LordClefairy: doesn't show hand 
*** SUMMARY ***
Total pot $0.10 | Rake $0 
Seat 1: Versace4ever (button) folded before Flop (didn't bet)
Seat 2: peti100 (small blind) folded before Flop
Seat 3: LordClefairy (big blind) collected ($0.10)
Seat 4: HubertusB folded before Flop (didn't bet)
Seat 5: myself10 folded before Flop (didn't bet)
Seat 6: babloboy folded before Flop (didn't bet)



PokerStars Zoom Hand #175934270042:  Hold'em No Limit ($0.05/$0.10) - 2017/09/22 0:08:44 CCT [2017/09/21 12:08:44 ET]
Table 'Aludra' 6-max Seat #1 is the button
Seat 1: 33pedro ($10.23 in chips) 
Seat 2: HubertusB ($14.61 in chips) 
Seat 3: amfetomin333 ($2.22 in chips) 
Seat 4: Suslikobelka ($10 in chips) 
Seat 5: papci ($12.37 in chips) 
Seat 6: qtipi33 ($10.34 in chips) 
HubertusB: posts small blind $0.05
amfetomin333: posts big blind $0.10
*** HOLE CARDS ***
Dealt to HubertusB [5h Th]
Suslikobelka: folds 
papci: folds 
qtipi33: folds 
33pedro: folds 
HubertusB: folds 
Uncalled bet ($0.05) returned to amfetomin333
amfetomin333 collected $0.10 from pot
amfetomin333: doesn't show hand 
*** SUMMARY ***
Total pot $0.10 | Rake $0 
Seat 1: 33pedro (button) folded before Flop (didn't bet)
Seat 2: HubertusB (small blind) folded before Flop
Seat 3: amfetomin333 (big blind) collected ($0.10)
Seat 4: Suslikobelka folded before Flop (didn't bet)
Seat 5: papci folded before Flop (didn't bet)
Seat 6: qtipi33 folded before Flop (didn't bet)



PokerStars Zoom Hand #175934272886:  Hold'em No Limit ($0.05/$0.10) - 2017/09/22 0:08:48 CCT [2017/09/21 12:08:48 ET]
Table 'Aludra' 6-max Seat #1 is the button
Seat 1: MNRoberts ($10.35 in chips) 
Seat 2: wtf1mWoN ($6.49 in chips) 
Seat 3: Catenaccio24 ($22.19 in chips) 
Seat 4: NEXTHAND2015 ($10 in chips) 
Seat 5: LordClefairy ($69.05 in chips) 
Seat 6: HubertusB ($14.56 in chips) 
wtf1mWoN: posts small blind $0.05
Catenaccio24: posts big blind $0.10
*** HOLE CARDS ***
Dealt to HubertusB [Qs 3c]
NEXTHAND2015: folds 
LordClefairy: folds 
HubertusB: folds 
MNRoberts: raises $0.13 to $0.23
wtf1mWoN: folds 
Catenaccio24: folds 
Uncalled bet ($0.13) returned to MNRoberts
MNRoberts collected $0.25 from pot
MNRoberts: doesn't show hand 
*** SUMMARY ***
Total pot $0.25 | Rake $0 
Seat 1: MNRoberts (button) collected ($0.25)
Seat 2: wtf1mWoN (small blind) folded before Flop
Seat 3: Catenaccio24 (big blind) folded before Flop
Seat 4: NEXTHAND2015 folded before Flop (didn't bet)
Seat 5: LordClefairy folded before Flop (didn't bet)
Seat 6: HubertusB folded before Flop (didn't bet)



PokerStars Zoom Hand #175934275743:  Hold'em No Limit ($0.05/$0.10) - 2017/09/22 0:08:52 CCT [2017/09/21 12:08:52 ET]
Table 'Aludra' 6-max Seat #1 is the button
Seat 1: Suslikobelka ($12.01 in chips) 
Seat 2: Brenton42 ($10 in chips) 
Seat 3: Gyzmo1993 ($10.41 in chips) 
Seat 4: HubertusB ($14.56 in chips) 
Seat 5: shingo0904 ($10.20 in chips) 
Seat 6: julehjuleh ($10 in chips) 
Brenton42: posts small blind $0.05
Gyzmo1993: posts big blind $0.10
*** HOLE CARDS ***
Dealt to HubertusB [3h 4s]
HubertusB: folds 
shingo0904: raises $0.20 to $0.30
julehjuleh: folds 
Suslikobelka: folds 
Brenton42: folds 
Gyzmo1993: calls $0.20
*** FLOP *** [Ac 8s 4h]
Gyzmo1993: checks 
shingo0904: bets $0.50
Gyzmo1993: folds 
Uncalled bet ($0.50) returned to shingo0904
shingo0904 collected $0.62 from pot
shingo0904: doesn't show hand 
*** SUMMARY ***
Total pot $0.65 | Rake $0.03 
Board [Ac 8s 4h]
Seat 1: Suslikobelka (button) folded before Flop (didn't bet)
Seat 2: Brenton42 (small blind) folded before Flop
Seat 3: Gyzmo1993 (big blind) folded on the Flop
Seat 4: HubertusB folded before Flop (didn't bet)
Seat 5: shingo0904 collected ($0.62)
Seat 6: julehjuleh folded before Flop (didn't bet)



PokerStars Zoom Hand #175934278578:  Hold'em No Limit ($0.05/$0.10) - 2017/09/22 0:08:56 CCT [2017/09/21 12:08:56 ET]
Table 'Aludra' 6-max Seat #1 is the button
Seat 1: Irish_yo0731 ($9.78 in chips) 
Seat 2: KAK BOG PLAY ($36.86 in chips) 
Seat 3: HubertusB ($14.56 in chips) 
Seat 4: grunge&punk ($10.39 in chips) 
Seat 5: Spocki 123 ($9.65 in chips) 
Seat 6: INKOGNITO69 ($10.44 in chips) 
KAK BOG PLAY: posts small blind $0.05
HubertusB: posts big blind $0.10
*** HOLE CARDS ***
Dealt to HubertusB [7h 9c]
grunge&punk: folds 
Spocki 123: raises $0.20 to $0.30
INKOGNITO69: folds 
Irish_yo0731: folds 
KAK BOG PLAY: folds 
HubertusB: folds 
Uncalled bet ($0.20) returned to Spocki 123
Spocki 123 collected $0.25 from pot
Spocki 123: doesn't show hand 
*** SUMMARY ***
Total pot $0.25 | Rake $0 
Seat 1: Irish_yo0731 (button) folded before Flop (didn't bet)
Seat 2: KAK BOG PLAY (small blind) folded before Flop
Seat 3: HubertusB (big blind) folded before Flop
Seat 4: grunge&punk folded before Flop (didn't bet)
Seat 5: Spocki 123 collected ($0.25)
Seat 6: INKOGNITO69 folded before Flop (didn't bet)



PokerStars Zoom Hand #175934304078:  Hold'em No Limit ($0.05/$0.10) - 2017/09/22 0:09:32 CCT [2017/09/21 12:09:32 ET]
Table 'Aludra' 6-max Seat #1 is the button
Seat 1: 3revos ($15.12 in chips) 
Seat 2: propper111 ($17.60 in chips) 
Seat 3: onegin2 ($7.59 in chips) 
Seat 4: padde886 ($11.16 in chips) 
Seat 5: HubertusB ($14.46 in chips) 
Seat 6: Zantinos ($14.40 in chips) 
propper111: posts small blind $0.05
onegin2: posts big blind $0.10
*** HOLE CARDS ***
Dealt to HubertusB [Jc 6c]
padde886: folds 
HubertusB: folds 
Zantinos: folds 
3revos: folds 
propper111: folds 
Uncalled bet ($0.05) returned to onegin2
onegin2 collected $0.10 from pot
onegin2: doesn't show hand 
*** SUMMARY ***
Total pot $0.10 | Rake $0 
Seat 1: 3revos (button) folded before Flop (didn't bet)
Seat 2: propper111 (small blind) folded before Flop
Seat 3: onegin2 (big blind) collected ($0.10)
Seat 4: padde886 folded before Flop (didn't bet)
Seat 5: HubertusB folded before Flop (didn't bet)
Seat 6: Zantinos folded before Flop (didn't bet)



PokerStars Zoom Hand #175934300533:  Hold'em No Limit ($0.05/$0.10) - 2017/09/22 0:09:27 CCT [2017/09/21 12:09:27 ET]
Table 'Aludra' 6-max Seat #1 is the button
Seat 1: HubertusB ($14.46 in chips) 
Seat 2: Zweiglein161 ($27.04 in chips) 
Seat 3: psichic13 ($9.40 in chips) 
Seat 4: kairòs ($11.44 in chips) 
Seat 5: DLegenda ($13.37 in chips) 
Seat 6: VanVicta ($10 in chips) 
Zweiglein161: posts small blind $0.05
psichic13: posts big blind $0.10
*** HOLE CARDS ***
Dealt to HubertusB [Tc 3d]
kairòs: folds 
DLegenda: folds 
VanVicta: folds 
HubertusB: folds 
Zweiglein161: folds 
Uncalled bet ($0.05) returned to psichic13
psichic13 collected $0.10 from pot
psichic13: doesn't show hand 
*** SUMMARY ***
Total pot $0.10 | Rake $0 
Seat 1: HubertusB (button) folded before Flop (didn't bet)
Seat 2: Zweiglein161 (small blind) folded before Flop
Seat 3: psichic13 (big blind) collected ($0.10)
Seat 4: kairòs folded before Flop (didn't bet)
Seat 5: DLegenda folded before Flop (didn't bet)
Seat 6: VanVicta folded before Flop (didn't bet)



PokerStars Zoom Hand #175934308383:  Hold'em No Limit ($0.05/$0.10) - 2017/09/22 0:09:38 CCT [2017/09/21 12:09:38 ET]
Table 'Aludra' 6-max Seat #1 is the button
Seat 1: amfetomin333 ($2.12 in chips) 
Seat 2: whatsajokejo ($9.82 in chips) 
Seat 3: HubertusB ($14.46 in chips) 
Seat 4: argintina ($9.82 in chips) 
Seat 5: MNRoberts ($10.15 in chips) 
Seat 6: OTBFTA ($8.17 in chips) 
whatsajokejo: posts small blind $0.05
HubertusB: posts big blind $0.10
*** HOLE CARDS ***
Dealt to HubertusB [9c 5c]
argintina: folds 
MNRoberts: folds 
OTBFTA: folds 
amfetomin333: folds 
whatsajokejo: folds 
Uncalled bet ($0.05) returned to HubertusB
HubertusB collected $0.10 from pot
HubertusB: doesn't show hand 
*** SUMMARY ***
Total pot $0.10 | Rake $0 
Seat 1: amfetomin333 (button) folded before Flop (didn't bet)
Seat 2: whatsajokejo (small blind) folded before Flop
Seat 3: HubertusB (big blind) collected ($0.10)
Seat 4: argintina folded before Flop (didn't bet)
Seat 5: MNRoberts folded before Flop (didn't bet)
Seat 6: OTBFTA folded before Flop (didn't bet)



PokerStars Zoom Hand #175934317533:  Hold'em No Limit ($0.05/$0.10) - 2017/09/22 0:09:51 CCT [2017/09/21 12:09:51 ET]
Table 'Aludra' 6-max Seat #1 is the button
Seat 1: propper111 ($25.20 in chips) 
Seat 2: HubertusB ($14.51 in chips) 
Seat 3: MaNok23 ($16.74 in chips) 
Seat 4: 81denis81 ($12.15 in chips) 
Seat 5: X_NoTe_X ($15.41 in chips) 
Seat 6: Zweiglein161 ($16.34 in chips) 
HubertusB: posts small blind $0.05
MaNok23: posts big blind $0.10
*** HOLE CARDS ***
Dealt to HubertusB [Jh Ad]
81denis81: folds 
X_NoTe_X: folds 
Zweiglein161: folds 
propper111: folds 
HubertusB: raises $0.20 to $0.30
MaNok23: folds 
Uncalled bet ($0.20) returned to HubertusB
HubertusB collected $0.20 from pot
HubertusB: doesn't show hand 
*** SUMMARY ***
Total pot $0.20 | Rake $0 
Seat 1: propper111 (button) folded before Flop (didn't bet)
Seat 2: HubertusB (small blind) collected ($0.20)
Seat 3: MaNok23 (big blind) folded before Flop
Seat 4: 81denis81 folded before Flop (didn't bet)
Seat 5: X_NoTe_X folded before Flop (didn't bet)
Seat 6: Zweiglein161 folded before Flop (didn't bet)



PokerStars Zoom Hand #175934294771:  Hold'em No Limit ($0.05/$0.10) - 2017/09/22 0:09:19 CCT [2017/09/21 12:09:19 ET]
Table 'Aludra' 6-max Seat #1 is the button
Seat 1: KAK BOG PLAY ($10 in chips) 
Seat 2: dyllll ($7.84 in chips) 
Seat 3: patrick_whit ($9.35 in chips) 
Seat 4: DaBobu ($6.73 in chips) 
Seat 5: HubertusB ($14.46 in chips) 
Seat 6: dogirun ($10.45 in chips) 
dyllll: posts small blind $0.05
patrick_whit: posts big blind $0.10
*** HOLE CARDS ***
Dealt to HubertusB [9h 5s]
DaBobu: folds 
HubertusB: folds 
dogirun: folds 
KAK BOG PLAY: folds 
dyllll: raises $0.20 to $0.30
patrick_whit: calls $0.20
*** FLOP *** [6d Tc 2h]
dyllll: bets $0.57
patrick_whit: calls $0.57
*** TURN *** [6d Tc 2h] [Qc]
dyllll: checks 
patrick_whit: bets $0.83
dyllll: folds 
Uncalled bet ($0.83) returned to patrick_whit
patrick_whit collected $1.66 from pot
patrick_whit: doesn't show hand 
*** SUMMARY ***
Total pot $1.74 | Rake $0.08 
Board [6d Tc 2h Qc]
Seat 1: KAK BOG PLAY (button) folded before Flop (didn't bet)
Seat 2: dyllll (small blind) folded on the Turn
Seat 3: patrick_whit (big blind) collected ($1.66)
Seat 4: DaBobu folded before Flop (didn't bet)
Seat 5: HubertusB folded before Flop (didn't bet)
Seat 6: dogirun folded before Flop (didn't bet)



PokerStars Zoom Hand #175934329617:  Hold'em No Limit ($0.05/$0.10) - 2017/09/22 0:10:08 CCT [2017/09/21 12:10:08 ET]
Table 'Aludra' 6-max Seat #1 is the button
Seat 1: AngeKaryne ($7.43 in chips) 
Seat 2: makodao ($10 in chips) 
Seat 3: msuder88 ($10.66 in chips) 
Seat 4: gnaknak ($14.55 in chips) 
Seat 5: mnogo farta ($10.31 in chips) 
Seat 6: HubertusB ($14.61 in chips) 
makodao: posts small blind $0.05
msuder88: posts big blind $0.10
*** HOLE CARDS ***
Dealt to HubertusB [7h 4d]
gnaknak: raises $0.20 to $0.30
mnogo farta: folds 
HubertusB: folds 
AngeKaryne: folds 
makodao: folds 
msuder88: folds 
Uncalled bet ($0.20) returned to gnaknak
gnaknak collected $0.25 from pot
gnaknak: doesn't show hand 
*** SUMMARY ***
Total pot $0.25 | Rake $0 
Seat 1: AngeKaryne (button) folded before Flop (didn't bet)
Seat 2: makodao (small blind) folded before Flop
Seat 3: msuder88 (big blind) folded before Flop
Seat 4: gnaknak collected ($0.25)
Seat 5: mnogo farta folded before Flop (didn't bet)
Seat 6: HubertusB folded before Flop (didn't bet)



PokerStars Zoom Hand #175934337522:  Hold'em No Limit ($0.05/$0.10) - 2017/09/22 0:10:19 CCT [2017/09/21 12:10:19 ET]
Table 'Aludra' 6-max Seat #1 is the button
Seat 1: -=l Grek l=- ($14.94 in chips) 
Seat 2: HubertusB ($14.61 in chips) 
Seat 3: mnogo farta ($10.10 in chips) 
Seat 4: FAPTOBblN ($12.62 in chips) 
Seat 5: sl1n555 ($14.77 in chips) 
Seat 6: hasus ($13.91 in chips) 
HubertusB: posts small blind $0.05
mnogo farta: posts big blind $0.10
*** HOLE CARDS ***
Dealt to HubertusB [9s 6h]
FAPTOBblN: raises $0.20 to $0.30
sl1n555: folds 
hasus: folds 
-=l Grek l=-: folds 
HubertusB: folds 
mnogo farta: folds 
Uncalled bet ($0.20) returned to FAPTOBblN
FAPTOBblN collected $0.25 from pot
FAPTOBblN: doesn't show hand 
*** SUMMARY ***
Total pot $0.25 | Rake $0 
Seat 1: -=l Grek l=- (button) folded before Flop (didn't bet)
Seat 2: HubertusB (small blind) folded before Flop
Seat 3: mnogo farta (big blind) folded before Flop
Seat 4: FAPTOBblN collected ($0.25)
Seat 5: sl1n555 folded before Flop (didn't bet)
Seat 6: hasus folded before Flop (didn't bet)



PokerStars Zoom Hand #175934333930:  Hold'em No Limit ($0.05/$0.10) - 2017/09/22 0:10:14 CCT [2017/09/21 12:10:14 ET]
Table 'Aludra' 6-max Seat #1 is the button
Seat 1: mrBubless ($16.93 in chips) 
Seat 2: enerer_mode ($5.13 in chips) 
Seat 3: slesar133 ($11.89 in chips) 
Seat 4: Lionrungood ($10 in chips) 
Seat 5: HubertusB ($14.61 in chips) 
Seat 6: the bone24 ($10.15 in chips) 
enerer_mode: posts small blind $0.05
slesar133: posts big blind $0.10
*** HOLE CARDS ***
Dealt to HubertusB [4c 6d]
Lionrungood: raises $0.15 to $0.25
HubertusB: folds 
the bone24: folds 
mrBubless: folds 
enerer_mode: raises $0.70 to $0.95
slesar133: folds 
Lionrungood: folds 
Uncalled bet ($0.70) returned to enerer_mode
enerer_mode collected $0.60 from pot
enerer_mode: doesn't show hand 
*** SUMMARY ***
Total pot $0.60 | Rake $0 
Seat 1: mrBubless (button) folded before Flop (didn't bet)
Seat 2: enerer_mode (small blind) collected ($0.60)
Seat 3: slesar133 (big blind) folded before Flop
Seat 4: Lionrungood folded before Flop
Seat 5: HubertusB folded before Flop (didn't bet)
Seat 6: the bone24 folded before Flop (didn't bet)



PokerStars Zoom Hand #175934344600:  Hold'em No Limit ($0.05/$0.10) - 2017/09/22 0:10:29 CCT [2017/09/21 12:10:29 ET]
Table 'Aludra' 6-max Seat #1 is the button
Seat 1: LordClefairy ($69.16 in chips) 
Seat 2: EffOrt100% ($11.23 in chips) 
Seat 3: void-AA ($13.14 in chips) 
Seat 4: grunge&punk ($10.63 in chips) 
Seat 5: zhang1021 ($10.37 in chips) 
Seat 6: HubertusB ($14.56 in chips) 
EffOrt100%: posts small blind $0.05
void-AA: posts big blind $0.10
*** HOLE CARDS ***
Dealt to HubertusB [Jc 8c]
grunge&punk: folds 
zhang1021: folds 
HubertusB: raises $0.16 to $0.26
LordClefairy: folds 
EffOrt100%: folds 
void-AA: raises $0.57 to $0.83
HubertusB: folds 
Uncalled bet ($0.57) returned to void-AA
void-AA collected $0.57 from pot
void-AA: doesn't show hand 
*** SUMMARY ***
Total pot $0.57 | Rake $0 
Seat 1: LordClefairy (button) folded before Flop (didn't bet)
Seat 2: EffOrt100% (small blind) folded before Flop
Seat 3: void-AA (big blind) collected ($0.57)
Seat 4: grunge&punk folded before Flop (didn't bet)
Seat 5: zhang1021 folded before Flop (didn't bet)
Seat 6: HubertusB folded before Flop



PokerStars Zoom Hand #175934365051:  Hold'em No Limit ($0.05/$0.10) - 2017/09/22 0:10:58 CCT [2017/09/21 12:10:58 ET]
Table 'Aludra' 6-max Seat #1 is the button
Seat 1: butters59 ($9.98 in chips) 
Seat 2: makodao ($10.45 in chips) 
Seat 3: HubertusB ($14.30 in chips) 
Seat 4: kairòs ($13.19 in chips) 
Seat 5: barlipensa ($10 in chips) 
Seat 6: FurryProZac ($10.05 in chips) 
makodao: posts small blind $0.05
HubertusB: posts big blind $0.10
*** HOLE CARDS ***
Dealt to HubertusB [Kc 6h]
kairòs: folds 
barlipensa: folds 
FurryProZac: folds 
butters59: raises $0.10 to $0.20
makodao: folds 
HubertusB: folds 
Uncalled bet ($0.10) returned to butters59
butters59 collected $0.25 from pot
butters59: doesn't show hand 
*** SUMMARY ***
Total pot $0.25 | Rake $0 
Seat 1: butters59 (button) collected ($0.25)
Seat 2: makodao (small blind) folded before Flop
Seat 3: HubertusB (big blind) folded before Flop
Seat 4: kairòs folded before Flop (didn't bet)
Seat 5: barlipensa folded before Flop (didn't bet)
Seat 6: FurryProZac folded before Flop (didn't bet)



PokerStars Zoom Hand #175934381287:  Hold'em No Limit ($0.05/$0.10) - 2017/09/22 0:11:21 CCT [2017/09/21 12:11:21 ET]
Table 'Aludra' 6-max Seat #1 is the button
Seat 1: HubertusB ($14.20 in chips) 
Seat 2: TellMeOther ($11.91 in chips) 
Seat 3: pudelpower ($17.29 in chips) 
Seat 4: nnVinokurov ($12.47 in chips) 
Seat 5: Versace4ever ($11.84 in chips) 
Seat 6: sl1n555 ($20.12 in chips) 
TellMeOther: posts small blind $0.05
pudelpower: posts big blind $0.10
*** HOLE CARDS ***
Dealt to HubertusB [Ts Qs]
nnVinokurov: folds 
Versace4ever: folds 
sl1n555: folds 
HubertusB: raises $0.20 to $0.30
TellMeOther: folds 
pudelpower: folds 
Uncalled bet ($0.20) returned to HubertusB
HubertusB collected $0.25 from pot
HubertusB: doesn't show hand 
*** SUMMARY ***
Total pot $0.25 | Rake $0 
Seat 1: HubertusB (button) collected ($0.25)
Seat 2: TellMeOther (small blind) folded before Flop
Seat 3: pudelpower (big blind) folded before Flop
Seat 4: nnVinokurov folded before Flop (didn't bet)
Seat 5: Versace4ever folded before Flop (didn't bet)
Seat 6: sl1n555 folded before Flop (didn't bet)



PokerStars Zoom Hand #175934377822:  Hold'em No Limit ($0.05/$0.10) - 2017/09/22 0:11:16 CCT [2017/09/21 12:11:16 ET]
Table 'Aludra' 6-max Seat #1 is the button
Seat 1: cro_bishop ($20.47 in chips) 
Seat 2: VingaBiz ($10.15 in chips) 
Seat 3: mircea777214 ($10.86 in chips) 
Seat 4: HubertusB ($14.20 in chips) 
Seat 5: Memusik ($9.66 in chips) 
Seat 6: sl1n555 ($13.64 in chips) 
VingaBiz: posts small blind $0.05
mircea777214: posts big blind $0.10
*** HOLE CARDS ***
Dealt to HubertusB [Td 3h]
HubertusB: folds 
Memusik: raises $0.20 to $0.30
sl1n555: folds 
cro_bishop: folds 
VingaBiz: folds 
mircea777214: calls $0.20
*** FLOP *** [7c 2d 4h]
mircea777214: checks 
Memusik: bets $0.10
mircea777214: calls $0.10
*** TURN *** [7c 2d 4h] [5s]
mircea777214: bets $0.40
Memusik: calls $0.40
*** RIVER *** [7c 2d 4h 5s] [Tc]
mircea777214: bets $3.80
Memusik: calls $3.80
*** SHOW DOWN ***
mircea777214: shows [5d 4d] (two pair, Fives and Fours)
Memusik: mucks hand 
mircea777214 collected $8.83 from pot
*** SUMMARY ***
Total pot $9.25 | Rake $0.42 
Board [7c 2d 4h 5s Tc]
Seat 1: cro_bishop (button) folded before Flop (didn't bet)
Seat 2: VingaBiz (small blind) folded before Flop
Seat 3: mircea777214 (big blind) showed [5d 4d] and won ($8.83) with two pair, Fives and Fours
Seat 4: HubertusB folded before Flop (didn't bet)
Seat 5: Memusik mucked [Ad Ac]
Seat 6: sl1n555 folded before Flop (didn't bet)



PokerStars Zoom Hand #175934341058:  Hold'em No Limit ($0.05/$0.10) - 2017/09/22 0:10:24 CCT [2017/09/21 12:10:24 ET]
Table 'Aludra' 6-max Seat #1 is the button
Seat 1: HubertusB ($14.56 in chips) 
Seat 2: OTBFTA ($8.07 in chips) 
Seat 3: sl1n555 ($20.37 in chips) 
Seat 4: TitoBroz ($10.39 in chips) 
Seat 5: carl548 ($13.59 in chips) 
Seat 6: RocketFir271 ($9.65 in chips) 
OTBFTA: posts small blind $0.05
sl1n555: posts big blind $0.10
*** HOLE CARDS ***
Dealt to HubertusB [9d Ts]
TitoBroz: raises $0.25 to $0.35
carl548: folds 
RocketFir271: folds 
HubertusB: folds 
OTBFTA: calls $0.30
sl1n555: folds 
*** FLOP *** [6c 8h Ks]
OTBFTA: checks 
TitoBroz: bets $0.24
OTBFTA: calls $0.24
*** TURN *** [6c 8h Ks] [4s]
OTBFTA: checks 
TitoBroz: bets $1.22
OTBFTA: calls $1.22
*** RIVER *** [6c 8h Ks 4s] [Qc]
OTBFTA: checks 
TitoBroz: bets $1.78
OTBFTA: folds 
Uncalled bet ($1.78) returned to TitoBroz
TitoBroz collected $3.55 from pot
TitoBroz: doesn't show hand 
*** SUMMARY ***
Total pot $3.72 | Rake $0.17 
Board [6c 8h Ks 4s Qc]
Seat 1: HubertusB (button) folded before Flop (didn't bet)
Seat 2: OTBFTA (small blind) folded on the River
Seat 3: sl1n555 (big blind) folded before Flop
Seat 4: TitoBroz collected ($3.55)
Seat 5: carl548 folded before Flop (didn't bet)
Seat 6: RocketFir271 folded before Flop (didn't bet)



PokerStars Zoom Hand #175934391165:  Hold'em No Limit ($0.05/$0.10) - 2017/09/22 0:11:35 CCT [2017/09/21 12:11:35 ET]
Table 'Aludra' 6-max Seat #1 is the button
Seat 1: sacha198201 ($4.55 in chips) 
Seat 2: Shakko ($21.65 in chips) 
Seat 3: FurryProZac ($10 in chips) 
Seat 4: HubertusB ($14.35 in chips) 
Seat 5: CptBluff1988 ($10.40 in chips) 
Seat 6: Shad157 ($9.75 in chips) 
Shakko: posts small blind $0.05
FurryProZac: posts big blind $0.10
*** HOLE CARDS ***
Dealt to HubertusB [Ah Qd]
HubertusB: raises $0.20 to $0.30
CptBluff1988: folds 
Shad157: folds 
sacha198201: calls $0.30
Shakko: folds 
FurryProZac: calls $0.20
*** FLOP *** [3h 8d 2h]
FurryProZac: checks 
HubertusB: bets $0.60
sacha198201: folds 
FurryProZac: folds 
Uncalled bet ($0.60) returned to HubertusB
HubertusB collected $0.91 from pot
HubertusB: doesn't show hand 
*** SUMMARY ***
Total pot $0.95 | Rake $0.04 
Board [3h 8d 2h]
Seat 1: sacha198201 (button) folded on the Flop
Seat 2: Shakko (small blind) folded before Flop
Seat 3: FurryProZac (big blind) folded on the Flop
Seat 4: HubertusB collected ($0.91)
Seat 5: CptBluff1988 folded before Flop (didn't bet)
Seat 6: Shad157 folded before Flop (didn't bet)



PokerStars Zoom Hand #175934416448:  Hold'em No Limit ($0.05/$0.10) - 2017/09/22 0:12:11 CCT [2017/09/21 12:12:11 ET]
Table 'Aludra' 6-max Seat #1 is the button
Seat 1: Brenton42 ($10 in chips) 
Seat 2: HubertusB ($14.96 in chips) 
Seat 3: barlipensa ($10.40 in chips) 
Seat 4: mikozir ($18.35 in chips) 
Seat 5: Suslikobelka ($10.15 in chips) 
Seat 6: LzNKaoTiK927 ($12.97 in chips) 
HubertusB: posts small blind $0.05
barlipensa: posts big blind $0.10
*** HOLE CARDS ***
Dealt to HubertusB [4h 8d]
mikozir: folds 
Suslikobelka: raises $0.20 to $0.30
LzNKaoTiK927: folds 
Brenton42: folds 
HubertusB: folds 
barlipensa: folds 
Uncalled bet ($0.20) returned to Suslikobelka
Suslikobelka collected $0.25 from pot
Suslikobelka: doesn't show hand 
*** SUMMARY ***
Total pot $0.25 | Rake $0 
Seat 1: Brenton42 (button) folded before Flop (didn't bet)
Seat 2: HubertusB (small blind) folded before Flop
Seat 3: barlipensa (big blind) folded before Flop
Seat 4: mikozir folded before Flop (didn't bet)
Seat 5: Suslikobelka collected ($0.25)
Seat 6: LzNKaoTiK927 folded before Flop (didn't bet)



PokerStars Zoom Hand #175934420527:  Hold'em No Limit ($0.05/$0.10) - 2017/09/22 0:12:17 CCT [2017/09/21 12:12:17 ET]
Table 'Aludra' 6-max Seat #1 is the button
Seat 1: AngelBear82 ($10 in chips) 
Seat 2: hasus ($13.51 in chips) 
Seat 3: aladko ($8.39 in chips) 
Seat 4: CptBluff1988 ($10.80 in chips) 
Seat 5: Papa_Prey ($10.15 in chips) 
Seat 6: HubertusB ($14.91 in chips) 
hasus: posts small blind $0.05
aladko: posts big blind $0.10
*** HOLE CARDS ***
Dealt to HubertusB [Qd Qs]
CptBluff1988: folds 
Papa_Prey: folds 
HubertusB: raises $0.20 to $0.30
AngelBear82: folds 
hasus: folds 
aladko: calls $0.20
*** FLOP *** [3h Ks 7s]
aladko: checks 
HubertusB: checks 
*** TURN *** [3h Ks 7s] [9h]
aladko: bets $0.30
HubertusB: calls $0.30
*** RIVER *** [3h Ks 7s 9h] [2s]
aladko: bets $0.60
HubertusB: calls $0.60
*** SHOW DOWN ***
aladko: shows [Th 8d] (high card King)
HubertusB: shows [Qd Qs] (a pair of Queens)
HubertusB collected $2.34 from pot
*** SUMMARY ***
Total pot $2.45 | Rake $0.11 
Board [3h Ks 7s 9h 2s]
Seat 1: AngelBear82 (button) folded before Flop (didn't bet)
Seat 2: hasus (small blind) folded before Flop
Seat 3: aladko (big blind) showed [Th 8d] and lost with high card King
Seat 4: CptBluff1988 folded before Flop (didn't bet)
Seat 5: Papa_Prey folded before Flop (didn't bet)
Seat 6: HubertusB showed [Qd Qs] and won ($2.34) with a pair of Queens



PokerStars Zoom Hand #175934440955:  Hold'em No Limit ($0.05/$0.10) - 2017/09/22 0:12:46 CCT [2017/09/21 12:12:46 ET]
Table 'Aludra' 6-max Seat #1 is the button
Seat 1: glatti2005 ($10 in chips) 
Seat 2: AkostA new ($14.31 in chips) 
Seat 3: rekoj504 ($9.80 in chips) 
Seat 4: wtf1mWoN ($10.26 in chips) 
Seat 5: HubertusB ($16.05 in chips) 
Seat 6: luda225 ($19.03 in chips) 
AkostA new: posts small blind $0.05
rekoj504: posts big blind $0.10
*** HOLE CARDS ***
Dealt to HubertusB [Ah 5c]
wtf1mWoN: folds 
HubertusB: folds 
luda225: folds 
glatti2005: folds 
AkostA new: raises $0.10 to $0.20
rekoj504: calls $0.10
*** FLOP *** [Jh 9c 5h]
AkostA new: checks 
rekoj504: bets $0.25
AkostA new: folds 
Uncalled bet ($0.25) returned to rekoj504
rekoj504 collected $0.38 from pot
rekoj504: doesn't show hand 
*** SUMMARY ***
Total pot $0.40 | Rake $0.02 
Board [Jh 9c 5h]
Seat 1: glatti2005 (button) folded before Flop (didn't bet)
Seat 2: AkostA new (small blind) folded on the Flop
Seat 3: rekoj504 (big blind) collected ($0.38)
Seat 4: wtf1mWoN folded before Flop (didn't bet)
Seat 5: HubertusB folded before Flop (didn't bet)
Seat 6: luda225 folded before Flop (didn't bet)



PokerStars Zoom Hand #175934445186:  Hold'em No Limit ($0.05/$0.10) - 2017/09/22 0:12:52 CCT [2017/09/21 12:12:52 ET]
Table 'Aludra' 6-max Seat #1 is the button
Seat 1: EffOrt100% ($11.03 in chips) 
Seat 2: KRAZYLONG ($10 in chips) 
Seat 3: Shirafchik ($7.37 in chips) 
Seat 4: HubertusB ($16.05 in chips) 
Seat 5: rainibaini104 ($7.40 in chips) 
Seat 6: luda225 ($19.03 in chips) 
KRAZYLONG: posts small blind $0.05
Shirafchik: posts big blind $0.10
*** HOLE CARDS ***
Dealt to HubertusB [6h 3h]
HubertusB: folds 
rainibaini104: folds 
luda225: raises $0.20 to $0.30
EffOrt100%: folds 
KRAZYLONG: folds 
Shirafchik: folds 
Uncalled bet ($0.20) returned to luda225
luda225 collected $0.25 from pot
luda225: doesn't show hand 
*** SUMMARY ***
Total pot $0.25 | Rake $0 
Seat 1: EffOrt100% (button) folded before Flop (didn't bet)
Seat 2: KRAZYLONG (small blind) folded before Flop
Seat 3: Shirafchik (big blind) folded before Flop
Seat 4: HubertusB folded before Flop (didn't bet)
Seat 5: rainibaini104 folded before Flop (didn't bet)
Seat 6: luda225 collected ($0.25)



PokerStars Zoom Hand #175934457189:  Hold'em No Limit ($0.05/$0.10) - 2017/09/22 0:13:09 CCT [2017/09/21 12:13:09 ET]
Table 'Aludra' 6-max Seat #1 is the button
Seat 1: HubertusB ($15.95 in chips) 
Seat 2: Lost474 ($9.75 in chips) 
Seat 3: ALF48 ($13.06 in chips) 
Seat 4: -=l Grek l=- ($51.25 in chips) 
Seat 5: glatti2005 ($10 in chips) 
Seat 6: B BISSCOTTI ($4.76 in chips) 
Lost474: posts small blind $0.05
ALF48: posts big blind $0.10
*** HOLE CARDS ***
Dealt to HubertusB [Jd 3c]
-=l Grek l=-: folds 
glatti2005: raises $0.20 to $0.30
B BISSCOTTI: folds 
HubertusB: folds 
Lost474: folds 
ALF48: folds 
Uncalled bet ($0.20) returned to glatti2005
glatti2005 collected $0.25 from pot
glatti2005: doesn't show hand 
*** SUMMARY ***
Total pot $0.25 | Rake $0 
Seat 1: HubertusB (button) folded before Flop (didn't bet)
Seat 2: Lost474 (small blind) folded before Flop
Seat 3: ALF48 (big blind) folded before Flop
Seat 4: -=l Grek l=- folded before Flop (didn't bet)
Seat 5: glatti2005 collected ($0.25)
Seat 6: B BISSCOTTI folded before Flop (didn't bet)



PokerStars Zoom Hand #175934448040:  Hold'em No Limit ($0.05/$0.10) - 2017/09/22 0:12:56 CCT [2017/09/21 12:12:56 ET]
Table 'Aludra' 6-max Seat #1 is the button
Seat 1: Suslikobelka ($10.30 in chips) 
Seat 2: Gyzmo1993 ($11.46 in chips) 
Seat 3: HubertusB ($16.05 in chips) 
Seat 4: julehjuleh ($10.60 in chips) 
Seat 5: quaackk ($13.89 in chips) 
Seat 6: 33pedro ($11.20 in chips) 
Gyzmo1993: posts small blind $0.05
HubertusB: posts big blind $0.10
*** HOLE CARDS ***
Dealt to HubertusB [Kd 6h]
julehjuleh: folds 
quaackk: folds 
33pedro: folds 
Suslikobelka: raises $0.15 to $0.25
Gyzmo1993: calls $0.20
HubertusB: folds 
*** FLOP *** [Jc 3c 2c]
Gyzmo1993: checks 
Suslikobelka: checks 
*** TURN *** [Jc 3c 2c] [6d]
Gyzmo1993: bets $0.33
Suslikobelka: folds 
Uncalled bet ($0.33) returned to Gyzmo1993
Gyzmo1993 collected $0.57 from pot
Gyzmo1993: doesn't show hand 
*** SUMMARY ***
Total pot $0.60 | Rake $0.03 
Board [Jc 3c 2c 6d]
Seat 1: Suslikobelka (button) folded on the Turn
Seat 2: Gyzmo1993 (small blind) collected ($0.57)
Seat 3: HubertusB (big blind) folded before Flop
Seat 4: julehjuleh folded before Flop (didn't bet)
Seat 5: quaackk folded before Flop (didn't bet)
Seat 6: 33pedro folded before Flop (didn't bet)



PokerStars Zoom Hand #175934463515:  Hold'em No Limit ($0.05/$0.10) - 2017/09/22 0:13:18 CCT [2017/09/21 12:13:18 ET]
Table 'Aludra' 6-max Seat #1 is the button
Seat 1: 1nicebeat ($10.34 in chips) 
Seat 2: HubertusB ($15.95 in chips) 
Seat 3: 3DMINSK ($10.10 in chips) 
Seat 4: Lost474 ($9.70 in chips) 
Seat 5: Yuraeter ($10 in chips) 
Seat 6: xulfster ($10 in chips) 
HubertusB: posts small blind $0.05
3DMINSK: posts big blind $0.10
*** HOLE CARDS ***
Dealt to HubertusB [Js 6c]
Lost474: folds 
Yuraeter has timed out
Yuraeter: folds 
xulfster: folds 
1nicebeat: folds 
HubertusB: folds 
Uncalled bet ($0.05) returned to 3DMINSK
3DMINSK collected $0.10 from pot
3DMINSK: doesn't show hand 
*** SUMMARY ***
Total pot $0.10 | Rake $0 
Seat 1: 1nicebeat (button) folded before Flop (didn't bet)
Seat 2: HubertusB (small blind) folded before Flop
Seat 3: 3DMINSK (big blind) collected ($0.10)
Seat 4: Lost474 folded before Flop (didn't bet)
Seat 5: Yuraeter folded before Flop (didn't bet)
Seat 6: xulfster folded before Flop (didn't bet)



PokerStars Zoom Hand #175934467082:  Hold'em No Limit ($0.05/$0.10) - 2017/09/22 0:13:23 CCT [2017/09/21 12:13:23 ET]
Table 'Aludra' 6-max Seat #1 is the button
Seat 1: RocketFir271 ($11.54 in chips) 
Seat 2: NEXTHAND2015 ($10.19 in chips) 
Seat 3: Irish_yo0731 ($8.93 in chips) 
Seat 4: Leone7307 ($26.74 in chips) 
Seat 5: LzNKaoTiK927 ($11.67 in chips) 
Seat 6: HubertusB ($15.90 in chips) 
NEXTHAND2015: posts small blind $0.05
Irish_yo0731: posts big blind $0.10
*** HOLE CARDS ***
Dealt to HubertusB [9s 8s]
Leone7307: calls $0.10
LzNKaoTiK927: folds 
HubertusB: raises $0.20 to $0.30
RocketFir271: folds 
NEXTHAND2015: folds 
Irish_yo0731: folds 
Leone7307: calls $0.20
*** FLOP *** [6h Tc 8d]
Leone7307: checks 
HubertusB: bets $0.53
Leone7307: calls $0.53
*** TURN *** [6h Tc 8d] [7c]
Leone7307: checks 
HubertusB: bets $1.30
Leone7307: raises $1.30 to $2.60
HubertusB: calls $1.30
*** RIVER *** [6h Tc 8d 7c] [3c]
Leone7307: checks 
HubertusB: checks 
*** SHOW DOWN ***
Leone7307: shows [9d 8c] (a straight, Six to Ten)
HubertusB: shows [9s 8s] (a straight, Six to Ten)
Leone7307 collected $3.35 from pot
HubertusB collected $3.34 from pot
*** SUMMARY ***
Total pot $7.01 | Rake $0.32 
Board [6h Tc 8d 7c 3c]
Seat 1: RocketFir271 (button) folded before Flop (didn't bet)
Seat 2: NEXTHAND2015 (small blind) folded before Flop
Seat 3: Irish_yo0731 (big blind) folded before Flop
Seat 4: Leone7307 showed [9d 8c] and won ($3.35) with a straight, Six to Ten
Seat 5: LzNKaoTiK927 folded before Flop (didn't bet)
Seat 6: HubertusB showed [9s 8s] and won ($3.34) with a straight, Six to Ten



PokerStars Zoom Hand #175934459985:  Hold'em No Limit ($0.05/$0.10) - 2017/09/22 0:13:13 CCT [2017/09/21 12:13:13 ET]
Table 'Aludra' 6-max Seat #1 is the button
Seat 1: cgypokabpa ($13.13 in chips) 
Seat 2: void-AA ($16.70 in chips) 
Seat 3: Zenga11 ($10.93 in chips) 
Seat 4: R.Filin ($15.62 in chips) 
Seat 5: HubertusB ($15.95 in chips) 
Seat 6: makodao ($10.15 in chips) 
void-AA: posts small blind $0.05
Zenga11: posts big blind $0.10
*** HOLE CARDS ***
Dealt to HubertusB [Ks 8d]
R.Filin: folds 
HubertusB: folds 
makodao: raises $0.20 to $0.30
cgypokabpa: folds 
void-AA: raises $0.70 to $1
Zenga11: folds 
makodao: calls $0.70
*** FLOP *** [2c 7d Jc]
void-AA: bets $1
makodao: folds 
Uncalled bet ($1) returned to void-AA
void-AA collected $2.01 from pot
void-AA: doesn't show hand 
*** SUMMARY ***
Total pot $2.10 | Rake $0.09 
Board [2c 7d Jc]
Seat 1: cgypokabpa (button) folded before Flop (didn't bet)
Seat 2: void-AA (small blind) collected ($2.01)
Seat 3: Zenga11 (big blind) folded before Flop
Seat 4: R.Filin folded before Flop (didn't bet)
Seat 5: HubertusB folded before Flop (didn't bet)
Seat 6: makodao folded on the Flop



PokerStars Zoom Hand #175934489782:  Hold'em No Limit ($0.05/$0.10) - 2017/09/22 0:13:55 CCT [2017/09/21 12:13:55 ET]
Table 'Aludra' 6-max Seat #1 is the button
Seat 1: grunge&punk ($24.06 in chips) 
Seat 2: makodao ($10.81 in chips) 
Seat 3: Shirafchik ($7.59 in chips) 
Seat 4: JoshBundi ($9.84 in chips) 
Seat 5: HubertusB ($15.81 in chips) 
Seat 6: Tarasique ($14.98 in chips) 
makodao: posts small blind $0.05
Shirafchik: posts big blind $0.10
*** HOLE CARDS ***
Dealt to HubertusB [2d 4c]
JoshBundi: folds 
HubertusB: folds 
Tarasique: folds 
grunge&punk: folds 
makodao: folds 
Uncalled bet ($0.05) returned to Shirafchik
Shirafchik collected $0.10 from pot
Shirafchik: doesn't show hand 
*** SUMMARY ***
Total pot $0.10 | Rake $0 
Seat 1: grunge&punk (button) folded before Flop (didn't bet)
Seat 2: makodao (small blind) folded before Flop
Seat 3: Shirafchik (big blind) collected ($0.10)
Seat 4: JoshBundi folded before Flop (didn't bet)
Seat 5: HubertusB folded before Flop (didn't bet)
Seat 6: Tarasique folded before Flop (didn't bet)



PokerStars Zoom Hand #175934494643:  Hold'em No Limit ($0.05/$0.10) - 2017/09/22 0:14:02 CCT [2017/09/21 12:14:02 ET]
Table 'Aludra' 6-max Seat #1 is the button
Seat 1: arctur17 ($11.32 in chips) 
Seat 2: numbergirl27 ($3 in chips) 
Seat 3: HubertusB ($15.81 in chips) 
Seat 4: ALF48 ($14.41 in chips) 
Seat 5: syslik990 ($13.67 in chips) 
Seat 6: babloboy ($10.15 in chips) 
numbergirl27: posts small blind $0.05
HubertusB: posts big blind $0.10
*** HOLE CARDS ***
Dealt to HubertusB [As 5d]
ALF48: raises $0.20 to $0.30
syslik990: folds 
babloboy: folds 
arctur17: raises $0.90 to $1.20
numbergirl27: folds 
HubertusB: folds 
ALF48: folds 
Uncalled bet ($0.90) returned to arctur17
arctur17 collected $0.75 from pot
arctur17: doesn't show hand 
*** SUMMARY ***
Total pot $0.75 | Rake $0 
Seat 1: arctur17 (button) collected ($0.75)
Seat 2: numbergirl27 (small blind) folded before Flop
Seat 3: HubertusB (big blind) folded before Flop
Seat 4: ALF48 folded before Flop
Seat 5: syslik990 folded before Flop (didn't bet)
Seat 6: babloboy folded before Flop (didn't bet)



PokerStars Zoom Hand #175934508803:  Hold'em No Limit ($0.05/$0.10) - 2017/09/22 0:14:22 CCT [2017/09/21 12:14:22 ET]
Table 'Aludra' 6-max Seat #1 is the button
Seat 1: andrey0589 ($3.07 in chips) 
Seat 2: Saijin3 ($10.52 in chips) 
Seat 3: cgypokabpa ($13.54 in chips) 
Seat 4: Lanziee ($11.94 in chips) 
Seat 5: NEXTHAND2015 ($10.30 in chips) 
Seat 6: HubertusB ($15.71 in chips) 
Saijin3: posts small blind $0.05
cgypokabpa: posts big blind $0.10
*** HOLE CARDS ***
Dealt to HubertusB [Ts 8d]
Lanziee: folds 
NEXTHAND2015: folds 
HubertusB: folds 
andrey0589: folds 
Saijin3: folds 
Uncalled bet ($0.05) returned to cgypokabpa
cgypokabpa collected $0.10 from pot
cgypokabpa: doesn't show hand 
*** SUMMARY ***
Total pot $0.10 | Rake $0 
Seat 1: andrey0589 (button) folded before Flop (didn't bet)
Seat 2: Saijin3 (small blind) folded before Flop
Seat 3: cgypokabpa (big blind) collected ($0.10)
Seat 4: Lanziee folded before Flop (didn't bet)
Seat 5: NEXTHAND2015 folded before Flop (didn't bet)
Seat 6: HubertusB folded before Flop (didn't bet)



PokerStars Zoom Hand #175934501753:  Hold'em No Limit ($0.05/$0.10) - 2017/09/22 0:14:12 CCT [2017/09/21 12:14:12 ET]
Table 'Aludra' 6-max Seat #1 is the button
Seat 1: HubertusB ($15.71 in chips) 
Seat 2: mikozir ($10.90 in chips) 
Seat 3: Roman197430 ($6.93 in chips) 
Seat 4: qu96091028 ($26.57 in chips) 
Seat 5: andrey0589 ($3.17 in chips) 
Seat 6: 19vityok91 ($4.85 in chips) 
mikozir: posts small blind $0.05
Roman197430: posts big blind $0.10
*** HOLE CARDS ***
Dealt to HubertusB [9h Qc]
qu96091028: calls $0.10
andrey0589: folds 
19vityok91: raises $0.15 to $0.25
HubertusB: folds 
mikozir: folds 
Roman197430: calls $0.15
qu96091028: raises $1.15 to $1.40
19vityok91: folds 
Roman197430: folds 
Uncalled bet ($1.15) returned to qu96091028
qu96091028 collected $0.80 from pot
qu96091028: doesn't show hand 
*** SUMMARY ***
Total pot $0.80 | Rake $0 
Seat 1: HubertusB (button) folded before Flop (didn't bet)
Seat 2: mikozir (small blind) folded before Flop
Seat 3: Roman197430 (big blind) folded before Flop
Seat 4: qu96091028 collected ($0.80)
Seat 5: andrey0589 folded before Flop (didn't bet)
Seat 6: 19vityok91 folded before Flop



PokerStars Zoom Hand #175934515726:  Hold'em No Limit ($0.05/$0.10) - 2017/09/22 0:14:32 CCT [2017/09/21 12:14:32 ET]
Table 'Aludra' 6-max Seat #1 is the button
Seat 1: Noelle.sxo ($2.86 in chips) 
Seat 2: Valduk f ($4.52 in chips) 
Seat 3: frantorrao ($4.38 in chips) 
Seat 4: pokStarsdima ($10 in chips) 
Seat 5: HubertusB ($15.66 in chips) 
Seat 6: lolwat777 ($4.08 in chips) 
Valduk f: posts small blind $0.05
frantorrao: posts big blind $0.10
*** HOLE CARDS ***
Dealt to HubertusB [Td 5h]
pokStarsdima: folds 
HubertusB: folds 
lolwat777: folds 
Noelle.sxo: folds 
Valduk f: folds 
Uncalled bet ($0.05) returned to frantorrao
frantorrao collected $0.10 from pot
frantorrao: doesn't show hand 
*** SUMMARY ***
Total pot $0.10 | Rake $0 
Seat 1: Noelle.sxo (button) folded before Flop (didn't bet)
Seat 2: Valduk f (small blind) folded before Flop
Seat 3: frantorrao (big blind) collected ($0.10)
Seat 4: pokStarsdima folded before Flop (didn't bet)
Seat 5: HubertusB folded before Flop (didn't bet)
Seat 6: lolwat777 folded before Flop (didn't bet)



PokerStars Zoom Hand #175934522793:  Hold'em No Limit ($0.05/$0.10) - 2017/09/22 0:14:42 CCT [2017/09/21 12:14:42 ET]
Table 'Aludra' 6-max Seat #1 is the button
Seat 1: LizunOFF ($17.09 in chips) 
Seat 2: HubertusB ($15.56 in chips) 
Seat 3: DaBobu ($6.23 in chips) 
Seat 4: mnogo farta ($10 in chips) 
Seat 5: pehtaras22 ($10.17 in chips) 
Seat 6: carlitosCapone ($20.65 in chips) 
HubertusB: posts small blind $0.05
DaBobu: posts big blind $0.10
*** HOLE CARDS ***
Dealt to HubertusB [Tc 7h]
mnogo farta: folds 
pehtaras22: folds 
carlitosCapone: folds 
LizunOFF: raises $0.20 to $0.30
HubertusB: folds 
DaBobu: folds 
Uncalled bet ($0.20) returned to LizunOFF
LizunOFF collected $0.25 from pot
LizunOFF: doesn't show hand 
*** SUMMARY ***
Total pot $0.25 | Rake $0 
Seat 1: LizunOFF (button) collected ($0.25)
Seat 2: HubertusB (small blind) folded before Flop
Seat 3: DaBobu (big blind) folded before Flop
Seat 4: mnogo farta folded before Flop (didn't bet)
Seat 5: pehtaras22 folded before Flop (didn't bet)
Seat 6: carlitosCapone folded before Flop (didn't bet)



PokerStars Zoom Hand #175934527090:  Hold'em No Limit ($0.05/$0.10) - 2017/09/22 0:14:48 CCT [2017/09/21 12:14:48 ET]
Table 'Aludra' 6-max Seat #1 is the button
Seat 1: carl548 ($8.25 in chips) 
Seat 2: hasus ($10 in chips) 
Seat 3: onegin2 ($15.92 in chips) 
Seat 4: FurryProZac ($10 in chips) 
Seat 5: ElbowsKnees ($10 in chips) 
Seat 6: HubertusB ($15.51 in chips) 
hasus: posts small blind $0.05
onegin2: posts big blind $0.10
*** HOLE CARDS ***
Dealt to HubertusB [Qs Kc]
FurryProZac: folds 
ElbowsKnees: folds 
HubertusB: raises $0.20 to $0.30
carl548: folds 
hasus: folds 
onegin2: folds 
Uncalled bet ($0.20) returned to HubertusB
HubertusB collected $0.25 from pot
HubertusB: doesn't show hand 
*** SUMMARY ***
Total pot $0.25 | Rake $0 
Seat 1: carl548 (button) folded before Flop (didn't bet)
Seat 2: hasus (small blind) folded before Flop
Seat 3: onegin2 (big blind) folded before Flop
Seat 4: FurryProZac folded before Flop (didn't bet)
Seat 5: ElbowsKnees folded before Flop (didn't bet)
Seat 6: HubertusB collected ($0.25)



PokerStars Zoom Hand #175934505268:  Hold'em No Limit ($0.05/$0.10) - 2017/09/22 0:14:17 CCT [2017/09/21 12:14:17 ET]
Table 'Aludra' 6-max Seat #1 is the button
Seat 1: gurkovmtt ($11.41 in chips) 
Seat 2: Avtoritet158 ($19.18 in chips) 
Seat 3: Brenton42 ($11.12 in chips) 
Seat 4: HubertusB ($15.71 in chips) 
Seat 5: xulfster ($10 in chips) 
Seat 6: mkt1105 ($13.24 in chips) 
Avtoritet158: posts small blind $0.05
Brenton42: posts big blind $0.10
*** HOLE CARDS ***
Dealt to HubertusB [Qc 3c]
HubertusB: folds 
xulfster: folds 
mkt1105: folds 
gurkovmtt: raises $0.12 to $0.22
Avtoritet158: folds 
Brenton42: calls $0.12
*** FLOP *** [Kc 3d 5c]
Brenton42: checks 
gurkovmtt: checks 
*** TURN *** [Kc 3d 5c] [3s]
Brenton42: checks 
gurkovmtt: bets $0.24
Brenton42: folds 
Uncalled bet ($0.24) returned to gurkovmtt
gurkovmtt collected $0.47 from pot
gurkovmtt: doesn't show hand 
*** SUMMARY ***
Total pot $0.49 | Rake $0.02 
Board [Kc 3d 5c 3s]
Seat 1: gurkovmtt (button) collected ($0.47)
Seat 2: Avtoritet158 (small blind) folded before Flop
Seat 3: Brenton42 (big blind) folded on the Turn
Seat 4: HubertusB folded before Flop (didn't bet)
Seat 5: xulfster folded before Flop (didn't bet)
Seat 6: mkt1105 folded before Flop (didn't bet)



PokerStars Zoom Hand #175934512340:  Hold'em No Limit ($0.05/$0.10) - 2017/09/22 0:14:27 CCT [2017/09/21 12:14:27 ET]
Table 'Aludra' 6-max Seat #1 is the button
Seat 1: BTR00725 ($8.40 in chips) 
Seat 2: HubertusB ($15.71 in chips) 
Seat 3: xulfster ($10 in chips) 
Seat 4: tol"@lfar ($18.25 in chips) 
Seat 5: Bolder13old ($12.81 in chips) 
Seat 6: padde886 ($11.24 in chips) 
HubertusB: posts small blind $0.05
xulfster: posts big blind $0.10
*** HOLE CARDS ***
Dealt to HubertusB [6h 4d]
tol"@lfar: folds 
Bolder13old: calls $0.10
padde886: folds 
BTR00725: folds 
HubertusB: folds 
xulfster: checks 
*** FLOP *** [Qc Jh 7c]
xulfster: checks 
Bolder13old: checks 
*** TURN *** [Qc Jh 7c] [Ks]
xulfster: checks 
Bolder13old: bets $0.50
xulfster: folds 
Uncalled bet ($0.50) returned to Bolder13old
Bolder13old collected $0.24 from pot
Bolder13old: doesn't show hand 
*** SUMMARY ***
Total pot $0.25 | Rake $0.01 
Board [Qc Jh 7c Ks]
Seat 1: BTR00725 (button) folded before Flop (didn't bet)
Seat 2: HubertusB (small blind) folded before Flop
Seat 3: xulfster (big blind) folded on the Turn
Seat 4: tol"@lfar folded before Flop (didn't bet)
Seat 5: Bolder13old collected ($0.24)
Seat 6: padde886 folded before Flop (didn't bet)



PokerStars Zoom Hand #175934536846:  Hold'em No Limit ($0.05/$0.10) - 2017/09/22 0:15:02 CCT [2017/09/21 12:15:02 ET]
Table 'Aludra' 6-max Seat #1 is the button
Seat 1: ManiakHaze ($10.22 in chips) 
Seat 2: quaackk ($10.70 in chips) 
Seat 3: HubertusB ($15.66 in chips) 
Seat 4: shnur221087 ($10 in chips) 
Seat 5: tol"@lfar ($18.15 in chips) 
Seat 6: r.grozev ($5.53 in chips) 
quaackk: posts small blind $0.05
HubertusB: posts big blind $0.10
*** HOLE CARDS ***
Dealt to HubertusB [9h 3h]
shnur221087: folds 
tol"@lfar: folds 
r.grozev: raises $0.20 to $0.30
ManiakHaze: folds 
quaackk: folds 
HubertusB: folds 
Uncalled bet ($0.20) returned to r.grozev
r.grozev collected $0.25 from pot
r.grozev: doesn't show hand 
*** SUMMARY ***
Total pot $0.25 | Rake $0 
Seat 1: ManiakHaze (button) folded before Flop (didn't bet)
Seat 2: quaackk (small blind) folded before Flop
Seat 3: HubertusB (big blind) folded before Flop
Seat 4: shnur221087 folded before Flop (didn't bet)
Seat 5: tol"@lfar folded before Flop (didn't bet)
Seat 6: r.grozev collected ($0.25)



PokerStars Zoom Hand #175934534054:  Hold'em No Limit ($0.05/$0.10) - 2017/09/22 0:14:58 CCT [2017/09/21 12:14:58 ET]
Table 'Aludra' 6-max Seat #1 is the button
Seat 1: HubertusB ($15.66 in chips) 
Seat 2: KRAZYLONG ($10.68 in chips) 
Seat 3: M3uki ($10 in chips) 
Seat 4: gorneva ($25.69 in chips) 
Seat 5: nnVinokurov ($10 in chips) 
Seat 6: carlitosCapone ($24.50 in chips) 
KRAZYLONG: posts small blind $0.05
M3uki: posts big blind $0.10
*** HOLE CARDS ***
Dealt to HubertusB [Tc 3d]
gorneva: folds 
nnVinokurov: folds 
carlitosCapone: folds 
HubertusB: folds 
KRAZYLONG: folds 
Uncalled bet ($0.05) returned to M3uki
M3uki collected $0.10 from pot
M3uki: doesn't show hand 
*** SUMMARY ***
Total pot $0.10 | Rake $0 
Seat 1: HubertusB (button) folded before Flop (didn't bet)
Seat 2: KRAZYLONG (small blind) folded before Flop
Seat 3: M3uki (big blind) collected ($0.10)
Seat 4: gorneva folded before Flop (didn't bet)
Seat 5: nnVinokurov folded before Flop (didn't bet)
Seat 6: carlitosCapone folded before Flop (didn't bet)



PokerStars Zoom Hand #175934543234:  Hold'em No Limit ($0.05/$0.10) - 2017/09/22 0:15:11 CCT [2017/09/21 12:15:11 ET]
Table 'Aludra' 6-max Seat #1 is the button
Seat 1: sg7444 ($4.97 in chips) 
Seat 2: luda225 ($18.31 in chips) 
Seat 3: Wieselich ($16.53 in chips) 
Seat 4: Iapetus89 ($8.95 in chips) 
Seat 5: HubertusB ($15.56 in chips) 
Seat 6: zikomen ($20.92 in chips) 
luda225: posts small blind $0.05
Wieselich: posts big blind $0.10
*** HOLE CARDS ***
Dealt to HubertusB [3h 2s]
Iapetus89: folds 
HubertusB: folds 
zikomen: raises $0.20 to $0.30
sg7444: folds 
luda225: folds 
Wieselich: folds 
Uncalled bet ($0.20) returned to zikomen
zikomen collected $0.25 from pot
zikomen: doesn't show hand 
*** SUMMARY ***
Total pot $0.25 | Rake $0 
Seat 1: sg7444 (button) folded before Flop (didn't bet)
Seat 2: luda225 (small blind) folded before Flop
Seat 3: Wieselich (big blind) folded before Flop
Seat 4: Iapetus89 folded before Flop (didn't bet)
Seat 5: HubertusB folded before Flop (didn't bet)
Seat 6: zikomen collected ($0.25)



PokerStars Zoom Hand #175934518652:  Hold'em No Limit ($0.05/$0.10) - 2017/09/22 0:14:36 CCT [2017/09/21 12:14:36 ET]
Table 'Aludra' 6-max Seat #1 is the button
Seat 1: xulfster ($12.36 in chips) 
Seat 2: carlitosCapone ($24.65 in chips) 
Seat 3: HubertusB ($15.66 in chips) 
Seat 4: chemtom7777 ($22.25 in chips) 
Seat 5: 19vityok91 ($4.75 in chips) 
Seat 6: Harryh7120 ($10.61 in chips) 
carlitosCapone: posts small blind $0.05
HubertusB: posts big blind $0.10
*** HOLE CARDS ***
Dealt to HubertusB [6h 5d]
chemtom7777: raises $0.15 to $0.25
19vityok91: folds 
Harryh7120: calls $0.25
xulfster: raises $0.90 to $1.15
carlitosCapone: folds 
HubertusB: folds 
chemtom7777: raises $1.25 to $2.40
Harryh7120: folds 
xulfster said, "boooo"
xulfster: calls $1.25
*** FLOP *** [6c 4h 2d]
chemtom7777: bets $2.49
xulfster: folds 
Uncalled bet ($2.49) returned to chemtom7777
chemtom7777 collected $4.97 from pot
chemtom7777: doesn't show hand 
*** SUMMARY ***
Total pot $5.20 | Rake $0.23 
Board [6c 4h 2d]
Seat 1: xulfster (button) folded on the Flop
Seat 2: carlitosCapone (small blind) folded before Flop
Seat 3: HubertusB (big blind) folded before Flop
Seat 4: chemtom7777 collected ($4.97)
Seat 5: 19vityok91 folded before Flop (didn't bet)
Seat 6: Harryh7120 folded before Flop



PokerStars Zoom Hand #175934547530:  Hold'em No Limit ($0.05/$0.10) - 2017/09/22 0:15:17 CCT [2017/09/21 12:15:17 ET]
Table 'Aludra' 6-max Seat #1 is the button
Seat 1: R.Filin ($27.24 in chips) 
Seat 2: piiizzaaa ($11.38 in chips) 
Seat 3: Catenaccio24 ($11.22 in chips) 
Seat 4: HubertusB ($15.56 in chips) 
Seat 5: PiTcHaq ($7.55 in chips) 
Seat 6: onegin2 ($15.77 in chips) 
piiizzaaa: posts small blind $0.05
Catenaccio24: posts big blind $0.10
*** HOLE CARDS ***
Dealt to HubertusB [Td Js]
HubertusB: raises $0.20 to $0.30
PiTcHaq: folds 
onegin2: calls $0.30
R.Filin: folds 
piiizzaaa: folds 
Catenaccio24: folds 
*** FLOP *** [4c 9s 7h]
HubertusB: checks 
onegin2: checks 
*** TURN *** [4c 9s 7h] [6d]
HubertusB: checks 
onegin2: bets $0.70
HubertusB: folds 
Uncalled bet ($0.70) returned to onegin2
onegin2 collected $0.72 from pot
onegin2: doesn't show hand 
*** SUMMARY ***
Total pot $0.75 | Rake $0.03 
Board [4c 9s 7h 6d]
Seat 1: R.Filin (button) folded before Flop (didn't bet)
Seat 2: piiizzaaa (small blind) folded before Flop
Seat 3: Catenaccio24 (big blind) folded before Flop
Seat 4: HubertusB folded on the Turn
Seat 5: PiTcHaq folded before Flop (didn't bet)
Seat 6: onegin2 collected ($0.72)



PokerStars Zoom Hand #175934587795:  Hold'em No Limit ($0.05/$0.10) - 2017/09/22 0:16:14 CCT [2017/09/21 12:16:14 ET]
Table 'Aludra' 6-max Seat #1 is the button
Seat 1: FurryProZac ($10 in chips) 
Seat 2: dogirun ($21.47 in chips) 
Seat 3: khabi06 ($8.65 in chips) 
Seat 4: nnVinokurov ($10.25 in chips) 
Seat 5: enerer_mode ($4.03 in chips) 
Seat 6: HubertusB ($15.21 in chips) 
dogirun: posts small blind $0.05
khabi06: posts big blind $0.10
*** HOLE CARDS ***
Dealt to HubertusB [As 9d]
nnVinokurov: folds 
enerer_mode: folds 
HubertusB: folds 
FurryProZac: folds 
dogirun: folds 
Uncalled bet ($0.05) returned to khabi06
khabi06 collected $0.10 from pot
khabi06: doesn't show hand 
*** SUMMARY ***
Total pot $0.10 | Rake $0 
Seat 1: FurryProZac (button) folded before Flop (didn't bet)
Seat 2: dogirun (small blind) folded before Flop
Seat 3: khabi06 (big blind) collected ($0.10)
Seat 4: nnVinokurov folded before Flop (didn't bet)
Seat 5: enerer_mode folded before Flop (didn't bet)
Seat 6: HubertusB folded before Flop (didn't bet)



PokerStars Zoom Hand #175934569312:  Hold'em No Limit ($0.05/$0.10) - 2017/09/22 0:15:48 CCT [2017/09/21 12:15:48 ET]
Table 'Aludra' 6-max Seat #1 is the button
Seat 1: DerevendeR ($9.85 in chips) 
Seat 2: pokStarsdima ($11.16 in chips) 
Seat 3: gylm123 ($3.48 in chips) 
Seat 4: HubertusB ($15.26 in chips) 
Seat 5: Popii87 ($22.86 in chips) 
Seat 6: hzxyz ($4.94 in chips) 
pokStarsdima: posts small blind $0.05
gylm123: posts big blind $0.10
*** HOLE CARDS ***
Dealt to HubertusB [8h 5c]
HubertusB: folds 
Popii87: folds 
hzxyz: folds 
DerevendeR: raises $0.20 to $0.30
pokStarsdima: folds 
gylm123: calls $0.20
*** FLOP *** [4c 3s 4d]
gylm123: checks 
DerevendeR: checks 
*** TURN *** [4c 3s 4d] [9s]
gylm123: checks 
DerevendeR: checks 
*** RIVER *** [4c 3s 4d 9s] [Qd]
gylm123: checks 
DerevendeR: checks 
*** SHOW DOWN ***
gylm123: shows [Kc 8c] (a pair of Fours)
DerevendeR: mucks hand 
gylm123 collected $0.62 from pot
*** SUMMARY ***
Total pot $0.65 | Rake $0.03 
Board [4c 3s 4d 9s Qd]
Seat 1: DerevendeR (button) mucked [7c Jh]
Seat 2: pokStarsdima (small blind) folded before Flop
Seat 3: gylm123 (big blind) showed [Kc 8c] and won ($0.62) with a pair of Fours
Seat 4: HubertusB folded before Flop (didn't bet)
Seat 5: Popii87 folded before Flop (didn't bet)
Seat 6: hzxyz folded before Flop (didn't bet)



PokerStars Zoom Hand #175934584945:  Hold'em No Limit ($0.05/$0.10) - 2017/09/22 0:16:10 CCT [2017/09/21 12:16:10 ET]
Table 'Aludra' 6-max Seat #1 is the button
Seat 1: Roman197430 ($6.50 in chips) 
Seat 2: sugar202 ($10.07 in chips) 
Seat 3: jamez_rjcv ($11.60 in chips) 
Seat 4: carlitosCapone ($21.05 in chips) 
Seat 5: HubertusB ($15.21 in chips) 
Seat 6: PAUSOF ($10 in chips) 
sugar202: posts small blind $0.05
jamez_rjcv: posts big blind $0.10
*** HOLE CARDS ***
Dealt to HubertusB [7d As]
carlitosCapone: raises $0.20 to $0.30
HubertusB: folds 
PAUSOF: folds 
Roman197430: folds 
sugar202: calls $0.25
jamez_rjcv: folds 
*** FLOP *** [5h 6d 4h]
sugar202: checks 
carlitosCapone: bets $0.38
sugar202: folds 
Uncalled bet ($0.38) returned to carlitosCapone
carlitosCapone collected $0.67 from pot
carlitosCapone: doesn't show hand 
*** SUMMARY ***
Total pot $0.70 | Rake $0.03 
Board [5h 6d 4h]
Seat 1: Roman197430 (button) folded before Flop (didn't bet)
Seat 2: sugar202 (small blind) folded on the Flop
Seat 3: jamez_rjcv (big blind) folded before Flop
Seat 4: carlitosCapone collected ($0.67)
Seat 5: HubertusB folded before Flop (didn't bet)
Seat 6: PAUSOF folded before Flop (didn't bet)



PokerStars Zoom Hand #175934575055:  Hold'em No Limit ($0.05/$0.10) - 2017/09/22 0:15:56 CCT [2017/09/21 12:15:56 ET]
Table 'Aludra' 6-max Seat #1 is the button
Seat 1: HubertusB ($15.26 in chips) 
Seat 2: psichic13 ($9.90 in chips) 
Seat 3: babloboy ($11.28 in chips) 
Seat 4: Versace4ever ($12.22 in chips) 
Seat 5: xulfster ($10 in chips) 
Seat 6: JoshBundi ($9.99 in chips) 
psichic13: posts small blind $0.05
babloboy: posts big blind $0.10
*** HOLE CARDS ***
Dealt to HubertusB [9h Kc]
Versace4ever: raises $0.20 to $0.30
xulfster: folds 
JoshBundi: calls $0.30
HubertusB: folds 
psichic13: folds 
babloboy: folds 
*** FLOP *** [Kh 6d 7c]
Versace4ever: checks 
JoshBundi: checks 
*** TURN *** [Kh 6d 7c] [7h]
Versace4ever: checks 
JoshBundi: bets $0.20
Versace4ever: folds 
Uncalled bet ($0.20) returned to JoshBundi
JoshBundi collected $0.72 from pot
JoshBundi: doesn't show hand 
*** SUMMARY ***
Total pot $0.75 | Rake $0.03 
Board [Kh 6d 7c 7h]
Seat 1: HubertusB (button) folded before Flop (didn't bet)
Seat 2: psichic13 (small blind) folded before Flop
Seat 3: babloboy (big blind) folded before Flop
Seat 4: Versace4ever folded on the Turn
Seat 5: xulfster folded before Flop (didn't bet)
Seat 6: JoshBundi collected ($0.72)



PokerStars Zoom Hand #175934581433:  Hold'em No Limit ($0.05/$0.10) - 2017/09/22 0:16:05 CCT [2017/09/21 12:16:05 ET]
Table 'Aludra' 6-max Seat #1 is the button
Seat 1: makodao ($10.46 in chips) 
Seat 2: HubertusB ($15.26 in chips) 
Seat 3: andrey0589 ($3.75 in chips) 
Seat 4: oststriker17 ($11.31 in chips) 
Seat 5: quaackk ($10.46 in chips) 
Seat 6: Shakko ($22.10 in chips) 
HubertusB: posts small blind $0.05
andrey0589: posts big blind $0.10
*** HOLE CARDS ***
Dealt to HubertusB [6s Qc]
oststriker17: folds 
quaackk: raises $0.15 to $0.25
Shakko: folds 
makodao: folds 
HubertusB: folds 
andrey0589: calls $0.15
*** FLOP *** [8h 4s Jc]
andrey0589: checks 
quaackk: checks 
*** TURN *** [8h 4s Jc] [Js]
andrey0589: bets $0.30
quaackk: folds 
Uncalled bet ($0.30) returned to andrey0589
andrey0589 collected $0.53 from pot
andrey0589: doesn't show hand 
*** SUMMARY ***
Total pot $0.55 | Rake $0.02 
Board [8h 4s Jc Js]
Seat 1: makodao (button) folded before Flop (didn't bet)
Seat 2: HubertusB (small blind) folded before Flop
Seat 3: andrey0589 (big blind) collected ($0.53)
Seat 4: oststriker17 folded before Flop (didn't bet)
Seat 5: quaackk folded on the Turn
Seat 6: Shakko folded before Flop (didn't bet)



PokerStars Zoom Hand #175934592669:  Hold'em No Limit ($0.05/$0.10) - 2017/09/22 0:16:21 CCT [2017/09/21 12:16:21 ET]
Table 'Aludra' 6-max Seat #1 is the button
Seat 1: Suslikobelka ($10 in chips) 
Seat 2: R.Filin ($10.75 in chips) 
Seat 3: MaybeLaterr ($5 in chips) 
Seat 4: HubertusB ($15.21 in chips) 
Seat 5: nozomi2525 ($10.51 in chips) 
Seat 6: KAK BOG PLAY ($11.50 in chips) 
R.Filin: posts small blind $0.05
MaybeLaterr: posts big blind $0.10
*** HOLE CARDS ***
Dealt to HubertusB [4s As]
HubertusB: raises $0.20 to $0.30
nozomi2525: folds 
KAK BOG PLAY: folds 
Suslikobelka: folds 
R.Filin: folds 
MaybeLaterr: calls $0.20
*** FLOP *** [Td 2d 8c]
MaybeLaterr: checks 
HubertusB: bets $0.34
MaybeLaterr: folds 
Uncalled bet ($0.34) returned to HubertusB
HubertusB collected $0.62 from pot
HubertusB: doesn't show hand 
*** SUMMARY ***
Total pot $0.65 | Rake $0.03 
Board [Td 2d 8c]
Seat 1: Suslikobelka (button) folded before Flop (didn't bet)
Seat 2: R.Filin (small blind) folded before Flop
Seat 3: MaybeLaterr (big blind) folded on the Flop
Seat 4: HubertusB collected ($0.62)
Seat 5: nozomi2525 folded before Flop (didn't bet)
Seat 6: KAK BOG PLAY folded before Flop (didn't bet)



PokerStars Zoom Hand #175934615207:  Hold'em No Limit ($0.05/$0.10) - 2017/09/22 0:16:53 CCT [2017/09/21 12:16:53 ET]
Table 'Aludra' 6-max Seat #1 is the button
Seat 1: xmzok012 ($14.83 in chips) 
Seat 2: TryingWinner ($10 in chips) 
Seat 3: HubertusB ($15.53 in chips) 
Seat 4: Faldo47 ($8.96 in chips) 
Seat 5: [RUS]Danik ($11.64 in chips) 
Seat 6: andrywa1902 ($5.25 in chips) 
TryingWinner: posts small blind $0.05
HubertusB: posts big blind $0.10
*** HOLE CARDS ***
Dealt to HubertusB [7c 3c]
Faldo47: calls $0.10
[RUS]Danik: folds 
andrywa1902: folds 
xmzok012: folds 
TryingWinner: folds 
HubertusB: checks 
*** FLOP *** [Ac As 8s]
HubertusB: checks 
Faldo47: checks 
*** TURN *** [Ac As 8s] [Kc]
HubertusB: bets $0.10
Faldo47: raises $0.20 to $0.30
HubertusB: calls $0.20
*** RIVER *** [Ac As 8s Kc] [Qs]
HubertusB: checks 
Faldo47: bets $0.81
HubertusB: folds 
Uncalled bet ($0.81) returned to Faldo47
Faldo47 collected $0.81 from pot
Faldo47: doesn't show hand 
*** SUMMARY ***
Total pot $0.85 | Rake $0.04 
Board [Ac As 8s Kc Qs]
Seat 1: xmzok012 (button) folded before Flop (didn't bet)
Seat 2: TryingWinner (small blind) folded before Flop
Seat 3: HubertusB (big blind) folded on the River
Seat 4: Faldo47 collected ($0.81)
Seat 5: [RUS]Danik folded before Flop (didn't bet)
Seat 6: andrywa1902 folded before Flop (didn't bet)



PokerStars Zoom Hand #175934638536:  Hold'em No Limit ($0.05/$0.10) - 2017/09/22 0:17:26 CCT [2017/09/21 12:17:26 ET]
Table 'Aludra' 6-max Seat #1 is the button
Seat 1: Lao Guo ($10 in chips) 
Seat 2: xxxGOTHICxxx ($14.82 in chips) 
Seat 3: sl1n555 ($14.30 in chips) 
Seat 4: luda225 ($19.83 in chips) 
Seat 5: HubertusB ($15.08 in chips) 
Seat 6: BetBetMuck ($8.92 in chips) 
xxxGOTHICxxx: posts small blind $0.05
sl1n555: posts big blind $0.10
*** HOLE CARDS ***
Dealt to HubertusB [7c 7s]
luda225: folds 
HubertusB: raises $0.20 to $0.30
BetBetMuck: folds 
Lao Guo: folds 
xxxGOTHICxxx: raises $0.90 to $1.20
sl1n555: folds 
HubertusB: folds 
Uncalled bet ($0.90) returned to xxxGOTHICxxx
xxxGOTHICxxx collected $0.70 from pot
xxxGOTHICxxx: doesn't show hand 
*** SUMMARY ***
Total pot $0.70 | Rake $0 
Seat 1: Lao Guo (button) folded before Flop (didn't bet)
Seat 2: xxxGOTHICxxx (small blind) collected ($0.70)
Seat 3: sl1n555 (big blind) folded before Flop
Seat 4: luda225 folded before Flop (didn't bet)
Seat 5: HubertusB folded before Flop
Seat 6: BetBetMuck folded before Flop (didn't bet)



PokerStars Zoom Hand #175934649812:  Hold'em No Limit ($0.05/$0.10) - 2017/09/22 0:17:42 CCT [2017/09/21 12:17:42 ET]
Table 'Aludra' 6-max Seat #1 is the button
Seat 1: [RUS]Danik ($13.54 in chips) 
Seat 2: Catenaccio24 ($11.28 in chips) 
Seat 3: mrBubless ($15.48 in chips) 
Seat 4: Popii87 ($10.98 in chips) 
Seat 5: ManiakHaze ($15.02 in chips) 
Seat 6: HubertusB ($14.78 in chips) 
Catenaccio24: posts small blind $0.05
mrBubless: posts big blind $0.10
*** HOLE CARDS ***
Dealt to HubertusB [Td Ad]
Popii87: folds 
ManiakHaze: folds 
HubertusB: raises $0.20 to $0.30
[RUS]Danik: folds 
Catenaccio24: folds 
mrBubless: folds 
Uncalled bet ($0.20) returned to HubertusB
HubertusB collected $0.25 from pot
HubertusB: doesn't show hand 
*** SUMMARY ***
Total pot $0.25 | Rake $0 
Seat 1: [RUS]Danik (button) folded before Flop (didn't bet)
Seat 2: Catenaccio24 (small blind) folded before Flop
Seat 3: mrBubless (big blind) folded before Flop
Seat 4: Popii87 folded before Flop (didn't bet)
Seat 5: ManiakHaze folded before Flop (didn't bet)
Seat 6: HubertusB collected ($0.25)



PokerStars Zoom Hand #175934632219:  Hold'em No Limit ($0.05/$0.10) - 2017/09/22 0:17:17 CCT [2017/09/21 12:17:17 ET]
Table 'Aludra' 6-max Seat #1 is the button
Seat 1: vadeinpace11 ($10 in chips) 
Seat 2: HubertusB ($15.13 in chips) 
Seat 3: blaul1cht ($16.23 in chips) 
Seat 4: Baylarov ($4.12 in chips) 
Seat 5: zhang1021 ($10 in chips) 
Seat 6: xdkimg ($4.85 in chips) 
HubertusB: posts small blind $0.05
blaul1cht: posts big blind $0.10
*** HOLE CARDS ***
Dealt to HubertusB [Ac 4h]
Baylarov: raises $0.20 to $0.30
zhang1021: folds 
xdkimg: calls $0.30
vadeinpace11: calls $0.30
HubertusB: folds 
blaul1cht: folds 
*** FLOP *** [4s 4c Js]
Baylarov: checks 
xdkimg: checks 
vadeinpace11: checks 
*** TURN *** [4s 4c Js] [Qc]
Baylarov: checks 
xdkimg: checks 
vadeinpace11: bets $0.60
Baylarov: folds 
xdkimg: folds 
Uncalled bet ($0.60) returned to vadeinpace11
vadeinpace11 collected $1 from pot
vadeinpace11: doesn't show hand 
*** SUMMARY ***
Total pot $1.05 | Rake $0.05 
Board [4s 4c Js Qc]
Seat 1: vadeinpace11 (button) collected ($1)
Seat 2: HubertusB (small blind) folded before Flop
Seat 3: blaul1cht (big blind) folded before Flop
Seat 4: Baylarov folded on the Turn
Seat 5: zhang1021 folded before Flop (didn't bet)
Seat 6: xdkimg folded on the Turn



PokerStars Zoom Hand #175934661952:  Hold'em No Limit ($0.05/$0.10) - 2017/09/22 0:17:59 CCT [2017/09/21 12:17:59 ET]
Table 'Aludra' 6-max Seat #1 is the button
Seat 1: vadeinpace11 ($10.10 in chips) 
Seat 2: Wieselich ($16.61 in chips) 
Seat 3: Saijin3 ($10.52 in chips) 
Seat 4: HubertusB ($14.83 in chips) 
Seat 5: tol"@lfar ($17.33 in chips) 
Seat 6: AkostA new ($15.66 in chips) 
Wieselich: posts small blind $0.05
Saijin3: posts big blind $0.10
*** HOLE CARDS ***
Dealt to HubertusB [8h 5c]
HubertusB: folds 
tol"@lfar: folds 
AkostA new: folds 
vadeinpace11: raises $0.10 to $0.20
Wieselich: folds 
Saijin3: folds 
Uncalled bet ($0.10) returned to vadeinpace11
vadeinpace11 collected $0.25 from pot
vadeinpace11: doesn't show hand 
*** SUMMARY ***
Total pot $0.25 | Rake $0 
Seat 1: vadeinpace11 (button) collected ($0.25)
Seat 2: Wieselich (small blind) folded before Flop
Seat 3: Saijin3 (big blind) folded before Flop
Seat 4: HubertusB folded before Flop (didn't bet)
Seat 5: tol"@lfar folded before Flop (didn't bet)
Seat 6: AkostA new folded before Flop (didn't bet)



PokerStars Zoom Hand #175934669753:  Hold'em No Limit ($0.05/$0.10) - 2017/09/22 0:18:10 CCT [2017/09/21 12:18:10 ET]
Table 'Aludra' 6-max Seat #1 is the button
Seat 1: HubertusB ($14.78 in chips) 
Seat 2: shingo0904 ($18.31 in chips) 
Seat 3: Wieselich ($16.56 in chips) 
Seat 4: xulfster ($19.20 in chips) 
Seat 5: REGNIMOR ($15.14 in chips) 
Seat 6: wild_sphinx ($7.21 in chips) 
shingo0904: posts small blind $0.05
Wieselich: posts big blind $0.10
*** HOLE CARDS ***
Dealt to HubertusB [5h 8d]
xulfster: folds 
REGNIMOR: folds 
wild_sphinx: raises $0.20 to $0.30
HubertusB: folds 
shingo0904: folds 
Wieselich: folds 
Uncalled bet ($0.20) returned to wild_sphinx
wild_sphinx collected $0.25 from pot
wild_sphinx: doesn't show hand 
*** SUMMARY ***
Total pot $0.25 | Rake $0 
Seat 1: HubertusB (button) folded before Flop (didn't bet)
Seat 2: shingo0904 (small blind) folded before Flop
Seat 3: Wieselich (big blind) folded before Flop
Seat 4: xulfster folded before Flop (didn't bet)
Seat 5: REGNIMOR folded before Flop (didn't bet)
Seat 6: wild_sphinx collected ($0.25)



PokerStars Zoom Hand #175934635691:  Hold'em No Limit ($0.05/$0.10) - 2017/09/22 0:17:22 CCT [2017/09/21 12:17:22 ET]
Table 'Aludra' 6-max Seat #1 is the button
Seat 1: HubertusB ($15.08 in chips) 
Seat 2: Zantinos ($14.86 in chips) 
Seat 3: FurryProZac ($13.56 in chips) 
Seat 4: carlitosCapone ($15.57 in chips) 
Seat 5: Catenaccio24 ($20.68 in chips) 
Seat 6: rekoj504 ($10.99 in chips) 
Zantinos: posts small blind $0.05
FurryProZac: posts big blind $0.10
*** HOLE CARDS ***
Dealt to HubertusB [Ah 2c]
carlitosCapone has timed out
carlitosCapone: folds 
Catenaccio24: folds 
rekoj504: folds 
HubertusB: folds 
Zantinos: calls $0.05
FurryProZac: checks 
*** FLOP *** [Th 5c 7d]
Zantinos: checks 
FurryProZac: bets $0.12
Zantinos: calls $0.12
*** TURN *** [Th 5c 7d] [4d]
Zantinos: checks 
FurryProZac: checks 
*** RIVER *** [Th 5c 7d 4d] [Jh]
Zantinos: bets $0.20
FurryProZac: folds 
Uncalled bet ($0.20) returned to Zantinos
Zantinos collected $0.42 from pot
Zantinos: doesn't show hand 
*** SUMMARY ***
Total pot $0.44 | Rake $0.02 
Board [Th 5c 7d 4d Jh]
Seat 1: HubertusB (button) folded before Flop (didn't bet)
Seat 2: Zantinos (small blind) collected ($0.42)
Seat 3: FurryProZac (big blind) folded on the River
Seat 4: carlitosCapone folded before Flop (didn't bet)
Seat 5: Catenaccio24 folded before Flop (didn't bet)
Seat 6: rekoj504 folded before Flop (didn't bet)



PokerStars Zoom Hand #175934666120:  Hold'em No Limit ($0.05/$0.10) - 2017/09/22 0:18:05 CCT [2017/09/21 12:18:05 ET]
Table 'Aludra' 6-max Seat #1 is the button
Seat 1: wtf1mWoN ($9.40 in chips) 
Seat 2: HubertusB ($14.83 in chips) 
Seat 3: 3Rafael3 ($34.86 in chips) 
Seat 4: -=l Grek l=- ($51.24 in chips) 
Seat 5: alsis14 ($4.46 in chips) 
Seat 6: matthias551 ($9.40 in chips) 
HubertusB: posts small blind $0.05
3Rafael3: posts big blind $0.10
*** HOLE CARDS ***
Dealt to HubertusB [Kd 2s]
-=l Grek l=-: folds 
alsis14: folds 
matthias551: raises $0.10 to $0.20
wtf1mWoN: folds 
HubertusB: folds 
3Rafael3: calls $0.10
*** FLOP *** [Js Qd 3c]
3Rafael3: checks 
matthias551: checks 
*** TURN *** [Js Qd 3c] [9h]
3Rafael3: checks 
matthias551: checks 
*** RIVER *** [Js Qd 3c 9h] [Tc]
3Rafael3: bets $0.20
matthias551: raises $0.20 to $0.40
3Rafael3: calls $0.20
*** SHOW DOWN ***
matthias551: shows [Ks As] (a straight, Ten to Ace)
3Rafael3: mucks hand 
matthias551 collected $1.19 from pot
*** SUMMARY ***
Total pot $1.25 | Rake $0.06 
Board [Js Qd 3c 9h Tc]
Seat 1: wtf1mWoN (button) folded before Flop (didn't bet)
Seat 2: HubertusB (small blind) folded before Flop
Seat 3: 3Rafael3 (big blind) mucked [9c Td]
Seat 4: -=l Grek l=- folded before Flop (didn't bet)
Seat 5: alsis14 folded before Flop (didn't bet)
Seat 6: matthias551 showed [Ks As] and won ($1.19) with a straight, Ten to Ace



