PokerStars Zoom Hand #175926812164:  Hold'em No Limit ($0.05/$0.10) - 2017/09/21 20:12:24 CCT [2017/09/21 8:12:24 ET]
Table 'Aludra' 6-max Seat #1 is the button
Seat 1: 1ANTEK ($5.84 in chips) 
Seat 2: Retr-NSK ($8.21 in chips) 
Seat 3: HubertusB ($10 in chips) 
Seat 4: nnVinokurov ($10.55 in chips) 
Seat 5: jhkarssen ($11.02 in chips) 
Seat 6: 1989robin ($10 in chips) 
Retr-NSK: posts small blind $0.05
HubertusB: posts big blind $0.10
*** HOLE CARDS ***
Dealt to HubertusB [Td 7c]
nnVinokurov: folds 
jhkarssen: raises $0.14 to $0.24
1989robin: folds 
1ANTEK: folds 
Retr-NSK: folds 
HubertusB: folds 
Uncalled bet ($0.14) returned to jhkarssen
jhkarssen collected $0.25 from pot
jhkarssen: doesn't show hand 
*** SUMMARY ***
Total pot $0.25 | Rake $0 
Seat 1: 1ANTEK (button) folded before Flop (didn't bet)
Seat 2: Retr-NSK (small blind) folded before Flop
Seat 3: HubertusB (big blind) folded before Flop
Seat 4: nnVinokurov folded before Flop (didn't bet)
Seat 5: jhkarssen collected ($0.25)
Seat 6: 1989robin folded before Flop (didn't bet)



PokerStars Zoom Hand #175926816139:  Hold'em No Limit ($0.05/$0.10) - 2017/09/21 20:12:33 CCT [2017/09/21 8:12:33 ET]
Table 'Aludra' 6-max Seat #1 is the button
Seat 1: prnb0216 ($10 in chips) 
Seat 2: HubertusB ($9.90 in chips) 
Seat 3: Retr-NSK ($8.16 in chips) 
Seat 4: Kursik21 ($10 in chips) 
Seat 5: craig117 ($18.35 in chips) 
Seat 6: LearnLearnLe ($20.48 in chips) 
HubertusB: posts small blind $0.05
Retr-NSK: posts big blind $0.10
*** HOLE CARDS ***
Dealt to HubertusB [4d 8s]
Kursik21: folds 
craig117: folds 
LearnLearnLe: folds 
prnb0216: raises $0.20 to $0.30
HubertusB: folds 
Retr-NSK: folds 
Uncalled bet ($0.20) returned to prnb0216
prnb0216 collected $0.25 from pot
prnb0216: doesn't show hand 
*** SUMMARY ***
Total pot $0.25 | Rake $0 
Seat 1: prnb0216 (button) collected ($0.25)
Seat 2: HubertusB (small blind) folded before Flop
Seat 3: Retr-NSK (big blind) folded before Flop
Seat 4: Kursik21 folded before Flop (didn't bet)
Seat 5: craig117 folded before Flop (didn't bet)
Seat 6: LearnLearnLe folded before Flop (didn't bet)



PokerStars Zoom Hand #175926826966:  Hold'em No Limit ($0.05/$0.10) - 2017/09/21 20:12:58 CCT [2017/09/21 8:12:58 ET]
Table 'Aludra' 6-max Seat #1 is the button
Seat 1: messo33 ($14.65 in chips) 
Seat 2: Atercx ($5.57 in chips) 
Seat 3: beluccix ($5.07 in chips) 
Seat 4: MiddleLittle ($12.31 in chips) 
Seat 5: silva1234202 ($9.85 in chips) 
Seat 6: HubertusB ($9.85 in chips) 
Atercx: posts small blind $0.05
beluccix: posts big blind $0.10
*** HOLE CARDS ***
Dealt to HubertusB [Td 7h]
MiddleLittle: folds 
silva1234202: folds 
HubertusB: folds 
messo33: raises $0.12 to $0.22
Atercx: folds 
beluccix: raises $0.49 to $0.71
messo33: folds 
Uncalled bet ($0.49) returned to beluccix
beluccix collected $0.49 from pot
beluccix: doesn't show hand 
*** SUMMARY ***
Total pot $0.49 | Rake $0 
Seat 1: messo33 (button) folded before Flop
Seat 2: Atercx (small blind) folded before Flop
Seat 3: beluccix (big blind) collected ($0.49)
Seat 4: MiddleLittle folded before Flop (didn't bet)
Seat 5: silva1234202 folded before Flop (didn't bet)
Seat 6: HubertusB folded before Flop (didn't bet)



PokerStars Zoom Hand #175926829210:  Hold'em No Limit ($0.05/$0.10) - 2017/09/21 20:13:03 CCT [2017/09/21 8:13:03 ET]
Table 'Aludra' 6-max Seat #1 is the button
Seat 1: Hayoterkinovich ($12.71 in chips) 
Seat 2: JasperJayyy ($6.01 in chips) 
Seat 3: HubertusB ($9.85 in chips) 
Seat 4: All Might 1 ($8.59 in chips) 
Seat 5: prnb0216 ($15.08 in chips) 
Seat 6: ElbowsKnees ($10 in chips) 
JasperJayyy: posts small blind $0.05
HubertusB: posts big blind $0.10
*** HOLE CARDS ***
Dealt to HubertusB [2h 4s]
All Might 1: folds 
prnb0216: folds 
ElbowsKnees: folds 
Hayoterkinovich: folds 
JasperJayyy: folds 
Uncalled bet ($0.05) returned to HubertusB
HubertusB collected $0.10 from pot
HubertusB: doesn't show hand 
*** SUMMARY ***
Total pot $0.10 | Rake $0 
Seat 1: Hayoterkinovich (button) folded before Flop (didn't bet)
Seat 2: JasperJayyy (small blind) folded before Flop
Seat 3: HubertusB (big blind) collected ($0.10)
Seat 4: All Might 1 folded before Flop (didn't bet)
Seat 5: prnb0216 folded before Flop (didn't bet)
Seat 6: ElbowsKnees folded before Flop (didn't bet)



PokerStars Zoom Hand #175926824422:  Hold'em No Limit ($0.05/$0.10) - 2017/09/21 20:12:52 CCT [2017/09/21 8:12:52 ET]
Table 'Aludra' 6-max Seat #1 is the button
Seat 1: CasterLee ($11.86 in chips) 
Seat 2: meramos ($10 in chips) 
Seat 3: lealko14 ($43.29 in chips) 
Seat 4: 1989robin ($10.15 in chips) 
Seat 5: HubertusB ($9.85 in chips) 
Seat 6: bustoz ($15.93 in chips) 
meramos: posts small blind $0.05
lealko14: posts big blind $0.10
*** HOLE CARDS ***
Dealt to HubertusB [5c 4s]
1989robin: folds 
HubertusB: folds 
bustoz: raises $0.20 to $0.30
CasterLee: folds 
meramos: folds 
lealko14: raises $0.72 to $1.02
bustoz: calls $0.72
*** FLOP *** [9d 7d Th]
lealko14: checks 
bustoz: bets $1.30
lealko14: calls $1.30
*** TURN *** [9d 7d Th] [Ac]
lealko14: checks 
bustoz: bets $3.10
lealko14: folds 
Uncalled bet ($3.10) returned to bustoz
bustoz collected $4.48 from pot
bustoz: doesn't show hand 
*** SUMMARY ***
Total pot $4.69 | Rake $0.21 
Board [9d 7d Th Ac]
Seat 1: CasterLee (button) folded before Flop (didn't bet)
Seat 2: meramos (small blind) folded before Flop
Seat 3: lealko14 (big blind) folded on the Turn
Seat 4: 1989robin folded before Flop (didn't bet)
Seat 5: HubertusB folded before Flop (didn't bet)
Seat 6: bustoz collected ($4.48)



PokerStars Zoom Hand #175926836238:  Hold'em No Limit ($0.05/$0.10) - 2017/09/21 20:13:19 CCT [2017/09/21 8:13:19 ET]
Table 'Aludra' 6-max Seat #1 is the button
Seat 1: HubertusB ($9.90 in chips) 
Seat 2: anikolaev54 ($16.63 in chips) 
Seat 3: jano251 ($19.64 in chips) 
Seat 4: squirrel22tn ($10.56 in chips) 
Seat 5: pkgdzen ($12.67 in chips) 
Seat 6: LearnLearnLe ($20.08 in chips) 
anikolaev54: posts small blind $0.05
jano251: posts big blind $0.10
*** HOLE CARDS ***
Dealt to HubertusB [Td Kc]
squirrel22tn: folds 
pkgdzen: folds 
LearnLearnLe: raises $0.20 to $0.30
HubertusB: calls $0.30
anikolaev54: folds 
jano251: calls $0.20
*** FLOP *** [Kh 9d 6c]
jano251: checks 
LearnLearnLe: checks 
HubertusB: bets $0.60
jano251: calls $0.60
LearnLearnLe: folds 
*** TURN *** [Kh 9d 6c] [5s]
jano251: checks 
HubertusB: checks 
*** RIVER *** [Kh 9d 6c 5s] [7c]
jano251: bets $1
HubertusB: calls $1
*** SHOW DOWN ***
jano251: shows [7h 8s] (a straight, Five to Nine)
HubertusB: mucks hand 
jano251 collected $3.96 from pot
*** SUMMARY ***
Total pot $4.15 | Rake $0.19 
Board [Kh 9d 6c 5s 7c]
Seat 1: HubertusB (button) mucked [Td Kc]
Seat 2: anikolaev54 (small blind) folded before Flop
Seat 3: jano251 (big blind) showed [7h 8s] and won ($3.96) with a straight, Five to Nine
Seat 4: squirrel22tn folded before Flop (didn't bet)
Seat 5: pkgdzen folded before Flop (didn't bet)
Seat 6: LearnLearnLe folded on the Flop



PokerStars Zoom Hand #175926876213:  Hold'em No Limit ($0.05/$0.10) - 2017/09/21 20:14:49 CCT [2017/09/21 8:14:49 ET]
Table 'Aludra' 6-max Seat #1 is the button
Seat 1: headileet ($10 in chips) 
Seat 2: xjonnyx80 ($10.85 in chips) 
Seat 3: Qwkl ($10 in chips) 
Seat 4: HubertusB ($8 in chips) 
Seat 5: chrizxz ($11.04 in chips) 
Seat 6: cTacPik ($4.72 in chips) 
xjonnyx80: posts small blind $0.05
Qwkl: posts big blind $0.10
*** HOLE CARDS ***
Dealt to HubertusB [4d Td]
HubertusB: folds 
chrizxz: raises $0.15 to $0.25
cTacPik: folds 
headileet: raises $0.50 to $0.75
xjonnyx80: folds 
Qwkl: folds 
chrizxz: calls $0.50
*** FLOP *** [Ah 8d 3s]
chrizxz: checks 
headileet: bets $0.84
chrizxz: folds 
Uncalled bet ($0.84) returned to headileet
headileet collected $1.58 from pot
headileet: doesn't show hand 
*** SUMMARY ***
Total pot $1.65 | Rake $0.07 
Board [Ah 8d 3s]
Seat 1: headileet (button) collected ($1.58)
Seat 2: xjonnyx80 (small blind) folded before Flop
Seat 3: Qwkl (big blind) folded before Flop
Seat 4: HubertusB folded before Flop (didn't bet)
Seat 5: chrizxz folded on the Flop
Seat 6: cTacPik folded before Flop (didn't bet)



PokerStars Zoom Hand #175926878391:  Hold'em No Limit ($0.05/$0.10) - 2017/09/21 20:14:54 CCT [2017/09/21 8:14:54 ET]
Table 'Aludra' 6-max Seat #1 is the button
Seat 1: petokrcmar ($11.25 in chips) 
Seat 2: aldinetto ($38.20 in chips) 
Seat 3: pkgdzen ($18.15 in chips) 
Seat 4: Laeyz7 ($10.74 in chips) 
Seat 5: HubertusB ($8 in chips) 
Seat 6: Pipets ($10.05 in chips) 
aldinetto: posts small blind $0.05
pkgdzen: posts big blind $0.10
*** HOLE CARDS ***
Dealt to HubertusB [9h 7h]
Laeyz7: folds 
HubertusB: raises $0.20 to $0.30
Pipets: calls $0.30
petokrcmar: folds 
aldinetto: calls $0.25
pkgdzen: folds 
*** FLOP *** [4c 9c 6s]
aldinetto: checks 
HubertusB: bets $0.60
Pipets: folds 
aldinetto: raises $2.16 to $2.76
HubertusB: raises $4.94 to $7.70 and is all-in
aldinetto: calls $4.94
*** TURN *** [4c 9c 6s] [8h]
*** RIVER *** [4c 9c 6s 8h] [Kh]
*** SHOW DOWN ***
aldinetto: shows [8c 7c] (a pair of Eights)
HubertusB: shows [9h 7h] (a pair of Nines)
HubertusB collected $15.66 from pot
*** SUMMARY ***
Total pot $16.40 | Rake $0.74 
Board [4c 9c 6s 8h Kh]
Seat 1: petokrcmar (button) folded before Flop (didn't bet)
Seat 2: aldinetto (small blind) showed [8c 7c] and lost with a pair of Eights
Seat 3: pkgdzen (big blind) folded before Flop
Seat 4: Laeyz7 folded before Flop (didn't bet)
Seat 5: HubertusB showed [9h 7h] and won ($15.66) with a pair of Nines
Seat 6: Pipets folded on the Flop



PokerStars Zoom Hand #175926912031:  Hold'em No Limit ($0.05/$0.10) - 2017/09/21 20:16:11 CCT [2017/09/21 8:16:11 ET]
Table 'Aludra' 6-max Seat #1 is the button
Seat 1: blacktony29 ($6.57 in chips) 
Seat 2: HubertusB ($15.66 in chips) 
Seat 3: -=l Grek l=- ($14.50 in chips) 
Seat 4: janiz89 ($14.96 in chips) 
Seat 5: grossyapro ($18.07 in chips) 
Seat 6: mmelo4 ($10.05 in chips) 
HubertusB: posts small blind $0.05
-=l Grek l=-: posts big blind $0.10
*** HOLE CARDS ***
Dealt to HubertusB [9d 9c]
janiz89: raises $0.10 to $0.20
grossyapro: folds 
mmelo4: folds 
blacktony29: folds 
HubertusB: calls $0.15
-=l Grek l=-: folds 
*** FLOP *** [8h 6h 8d]
HubertusB: bets $0.30
janiz89: calls $0.30
*** TURN *** [8h 6h 8d] [7d]
HubertusB: bets $0.60
janiz89: calls $0.60
*** RIVER *** [8h 6h 8d 7d] [Kd]
HubertusB: checks 
janiz89: bets $1.10
HubertusB: calls $1.10
*** SHOW DOWN ***
janiz89: shows [Th Td] (two pair, Tens and Eights)
HubertusB: mucks hand 
janiz89 collected $4.30 from pot
*** SUMMARY ***
Total pot $4.50 | Rake $0.20 
Board [8h 6h 8d 7d Kd]
Seat 1: blacktony29 (button) folded before Flop (didn't bet)
Seat 2: HubertusB (small blind) mucked [9d 9c]
Seat 3: -=l Grek l=- (big blind) folded before Flop
Seat 4: janiz89 showed [Th Td] and won ($4.30) with two pair, Tens and Eights
Seat 5: grossyapro folded before Flop (didn't bet)
Seat 6: mmelo4 folded before Flop (didn't bet)



PokerStars Zoom Hand #175926955635:  Hold'em No Limit ($0.05/$0.10) - 2017/09/21 20:17:50 CCT [2017/09/21 8:17:50 ET]
Table 'Aludra' 6-max Seat #1 is the button
Seat 1: HubertusB ($13.46 in chips) 
Seat 2: nandy0312 ($19.78 in chips) 
Seat 3: Pedrox-888 ($10.67 in chips) 
Seat 4: oemez.cz ($10 in chips) 
Seat 5: bigbadV09 ($9.70 in chips) 
Seat 6: janiz89 ($17.06 in chips) 
nandy0312: posts small blind $0.05
Pedrox-888: posts big blind $0.10
*** HOLE CARDS ***
Dealt to HubertusB [Ts 7s]
oemez.cz: raises $0.18 to $0.28
bigbadV09: folds 
janiz89: folds 
HubertusB: folds 
nandy0312: folds 
Pedrox-888: calls $0.18
*** FLOP *** [4s 6d 6c]
Pedrox-888: checks 
oemez.cz: checks 
*** TURN *** [4s 6d 6c] [Kc]
Pedrox-888: checks 
oemez.cz: bets $0.40
Pedrox-888: folds 
Uncalled bet ($0.40) returned to oemez.cz
oemez.cz collected $0.58 from pot
oemez.cz: doesn't show hand 
*** SUMMARY ***
Total pot $0.61 | Rake $0.03 
Board [4s 6d 6c Kc]
Seat 1: HubertusB (button) folded before Flop (didn't bet)
Seat 2: nandy0312 (small blind) folded before Flop
Seat 3: Pedrox-888 (big blind) folded on the Turn
Seat 4: oemez.cz collected ($0.58)
Seat 5: bigbadV09 folded before Flop (didn't bet)
Seat 6: janiz89 folded before Flop (didn't bet)



PokerStars Zoom Hand #175926964877:  Hold'em No Limit ($0.05/$0.10) - 2017/09/21 20:18:11 CCT [2017/09/21 8:18:11 ET]
Table 'Aludra' 6-max Seat #1 is the button
Seat 1: Bluecrust ($19.44 in chips) 
Seat 2: PapaXapa ($7.25 in chips) 
Seat 3: myself10 ($10.15 in chips) 
Seat 4: A2G Alex ($3.09 in chips) 
Seat 5: jhkarssen ($7.25 in chips) 
Seat 6: HubertusB ($13.46 in chips) 
PapaXapa: posts small blind $0.05
myself10: posts big blind $0.10
*** HOLE CARDS ***
Dealt to HubertusB [Ks Ad]
A2G Alex: folds 
jhkarssen: folds 
HubertusB: raises $0.20 to $0.30
Bluecrust: folds 
PapaXapa: calls $0.25
myself10: calls $0.20
*** FLOP *** [2s 8c 8d]
PapaXapa: bets $0.10
myself10: calls $0.10
HubertusB: calls $0.10
*** TURN *** [2s 8c 8d] [As]
PapaXapa: bets $0.50
myself10: raises $1.75 to $2.25
HubertusB: calls $2.25
PapaXapa: folds 
*** RIVER *** [2s 8c 8d As] [Js]
myself10: bets $4.44
HubertusB: folds 
Uncalled bet ($4.44) returned to myself10
myself10 collected $5.92 from pot
myself10: doesn't show hand 
*** SUMMARY ***
Total pot $6.20 | Rake $0.28 
Board [2s 8c 8d As Js]
Seat 1: Bluecrust (button) folded before Flop (didn't bet)
Seat 2: PapaXapa (small blind) folded on the Turn
Seat 3: myself10 (big blind) collected ($5.92)
Seat 4: A2G Alex folded before Flop (didn't bet)
Seat 5: jhkarssen folded before Flop (didn't bet)
Seat 6: HubertusB folded on the River



PokerStars Zoom Hand #175927313359:  Hold'em No Limit ($0.05/$0.10) - 2017/09/21 20:31:15 CCT [2017/09/21 8:31:15 ET]
Table 'Aludra' 6-max Seat #1 is the button
Seat 1: kam22.cz ($9.75 in chips) 
Seat 2: jpozzi2013 ($10.15 in chips) 
Seat 3: HubertusB ($10.81 in chips) 
Seat 4: DSLRHOME ($10.40 in chips) 
Seat 5: Timon6300 ($9 in chips) 
Seat 6: Bremen82 ($19.86 in chips) 
jpozzi2013: posts small blind $0.05
HubertusB: posts big blind $0.10
*** HOLE CARDS ***
Dealt to HubertusB [6h Js]
DSLRHOME: folds 
Timon6300: raises $0.20 to $0.30
Bremen82: folds 
kam22.cz: folds 
jpozzi2013: folds 
HubertusB: folds 
Uncalled bet ($0.20) returned to Timon6300
Timon6300 collected $0.25 from pot
Timon6300: doesn't show hand 
*** SUMMARY ***
Total pot $0.25 | Rake $0 
Seat 1: kam22.cz (button) folded before Flop (didn't bet)
Seat 2: jpozzi2013 (small blind) folded before Flop
Seat 3: HubertusB (big blind) folded before Flop
Seat 4: DSLRHOME folded before Flop (didn't bet)
Seat 5: Timon6300 collected ($0.25)
Seat 6: Bremen82 folded before Flop (didn't bet)



PokerStars Zoom Hand #175927318348:  Hold'em No Limit ($0.05/$0.10) - 2017/09/21 20:31:26 CCT [2017/09/21 8:31:26 ET]
Table 'Aludra' 6-max Seat #1 is the button
Seat 1: othd14 ($10 in chips) 
Seat 2: babash61 ($13.16 in chips) 
Seat 3: hemelsbrood ($8.70 in chips) 
Seat 4: Qwkl ($10 in chips) 
Seat 5: paczek.kr ($6.70 in chips) 
Seat 6: HubertusB ($10.71 in chips) 
babash61: posts small blind $0.05
hemelsbrood: posts big blind $0.10
*** HOLE CARDS ***
Dealt to HubertusB [Jh 6s]
Qwkl: folds 
paczek.kr: folds 
HubertusB: folds 
othd14: folds 
babash61: folds 
Uncalled bet ($0.05) returned to hemelsbrood
hemelsbrood collected $0.10 from pot
hemelsbrood: doesn't show hand 
*** SUMMARY ***
Total pot $0.10 | Rake $0 
Seat 1: othd14 (button) folded before Flop (didn't bet)
Seat 2: babash61 (small blind) folded before Flop
Seat 3: hemelsbrood (big blind) collected ($0.10)
Seat 4: Qwkl folded before Flop (didn't bet)
Seat 5: paczek.kr folded before Flop (didn't bet)
Seat 6: HubertusB folded before Flop (didn't bet)



PokerStars Zoom Hand #175927310602:  Hold'em No Limit ($0.05/$0.10) - 2017/09/21 20:31:09 CCT [2017/09/21 8:31:09 ET]
Table 'Aludra' 6-max Seat #1 is the button
Seat 1: korobochka2 ($20.83 in chips) 
Seat 2: trombe325 ($10 in chips) 
Seat 3: Qwkl ($10 in chips) 
Seat 4: HubertusB ($10.81 in chips) 
Seat 5: umauma63 ($11.93 in chips) 
Seat 6: RuffeEA ($24.52 in chips) 
trombe325: posts small blind $0.05
Qwkl: posts big blind $0.10
*** HOLE CARDS ***
Dealt to HubertusB [Th 4c]
HubertusB: folds 
umauma63: folds 
RuffeEA: raises $0.20 to $0.30
korobochka2: calls $0.30
trombe325: raises $1 to $1.30
Qwkl: folds 
RuffeEA: folds 
korobochka2: calls $1
*** FLOP *** [9h 7c 6d]
trombe325: bets $1.43
korobochka2: folds 
Uncalled bet ($1.43) returned to trombe325
trombe325 collected $2.86 from pot
trombe325: doesn't show hand 
*** SUMMARY ***
Total pot $3 | Rake $0.14 
Board [9h 7c 6d]
Seat 1: korobochka2 (button) folded on the Flop
Seat 2: trombe325 (small blind) collected ($2.86)
Seat 3: Qwkl (big blind) folded before Flop
Seat 4: HubertusB folded before Flop (didn't bet)
Seat 5: umauma63 folded before Flop (didn't bet)
Seat 6: RuffeEA folded before Flop



PokerStars Zoom Hand #175927321567:  Hold'em No Limit ($0.05/$0.10) - 2017/09/21 20:31:33 CCT [2017/09/21 8:31:33 ET]
Table 'Aludra' 6-max Seat #1 is the button
Seat 1: antonbror ($32.41 in chips) 
Seat 2: HubertusB ($10.71 in chips) 
Seat 3: DSLRHOME ($11.90 in chips) 
Seat 4: RuffeEA ($24.22 in chips) 
Seat 5: paterthomas ($9.35 in chips) 
Seat 6: PostnikovPa ($6.87 in chips) 
HubertusB: posts small blind $0.05
DSLRHOME: posts big blind $0.10
*** HOLE CARDS ***
Dealt to HubertusB [Ks 2c]
RuffeEA: folds 
paterthomas: raises $0.20 to $0.30
PostnikovPa: folds 
antonbror: calls $0.30
HubertusB: folds 
DSLRHOME: folds 
*** FLOP *** [4c 4s Kh]
paterthomas: bets $0.28
antonbror: folds 
Uncalled bet ($0.28) returned to paterthomas
paterthomas collected $0.72 from pot
paterthomas: doesn't show hand 
*** SUMMARY ***
Total pot $0.75 | Rake $0.03 
Board [4c 4s Kh]
Seat 1: antonbror (button) folded on the Flop
Seat 2: HubertusB (small blind) folded before Flop
Seat 3: DSLRHOME (big blind) folded before Flop
Seat 4: RuffeEA folded before Flop (didn't bet)
Seat 5: paterthomas collected ($0.72)
Seat 6: PostnikovPa folded before Flop (didn't bet)



PokerStars Zoom Hand #175927324686:  Hold'em No Limit ($0.05/$0.10) - 2017/09/21 20:31:40 CCT [2017/09/21 8:31:40 ET]
Table 'Aludra' 6-max Seat #1 is the button
Seat 1: HubertusB ($10.66 in chips) 
Seat 2: tobshap ($9.50 in chips) 
Seat 3: spasejamm ($11.03 in chips) 
Seat 4: lordx777 ($12.62 in chips) 
Seat 5: Toxa512 ($12.38 in chips) 
Seat 6: kalmyk ($10 in chips) 
tobshap: posts small blind $0.05
spasejamm: posts big blind $0.10
*** HOLE CARDS ***
Dealt to HubertusB [Kd 4s]
lordx777: folds 
Toxa512: folds 
kalmyk: folds 
HubertusB: folds 
tobshap: raises $0.10 to $0.20
spasejamm: calls $0.10
*** FLOP *** [Ks Jc 4c]
tobshap: checks 
spasejamm: bets $0.19
tobshap: folds 
Uncalled bet ($0.19) returned to spasejamm
spasejamm collected $0.38 from pot
spasejamm: doesn't show hand 
*** SUMMARY ***
Total pot $0.40 | Rake $0.02 
Board [Ks Jc 4c]
Seat 1: HubertusB (button) folded before Flop (didn't bet)
Seat 2: tobshap (small blind) folded on the Flop
Seat 3: spasejamm (big blind) collected ($0.38)
Seat 4: lordx777 folded before Flop (didn't bet)
Seat 5: Toxa512 folded before Flop (didn't bet)
Seat 6: kalmyk folded before Flop (didn't bet)



PokerStars Zoom Hand #175927327435:  Hold'em No Limit ($0.05/$0.10) - 2017/09/21 20:31:46 CCT [2017/09/21 8:31:46 ET]
Table 'Aludra' 6-max Seat #1 is the button
Seat 1: ken500uk ($12.95 in chips) 
Seat 2: Linkoln220 ($9.61 in chips) 
Seat 3: HubertusB ($10.66 in chips) 
Seat 4: KAK BOG PLAY ($11.16 in chips) 
Seat 5: Bluecrust ($14.25 in chips) 
Seat 6: BankerL ($10 in chips) 
Linkoln220: posts small blind $0.05
HubertusB: posts big blind $0.10
*** HOLE CARDS ***
Dealt to HubertusB [Jh Kd]
KAK BOG PLAY: folds 
Bluecrust: folds 
BankerL: raises $0.20 to $0.30
ken500uk: folds 
Linkoln220: folds 
HubertusB: calls $0.20
*** FLOP *** [8d 7h 5d]
HubertusB: checks 
BankerL: bets $0.34
HubertusB: folds 
Uncalled bet ($0.34) returned to BankerL
BankerL collected $0.62 from pot
BankerL: doesn't show hand 
*** SUMMARY ***
Total pot $0.65 | Rake $0.03 
Board [8d 7h 5d]
Seat 1: ken500uk (button) folded before Flop (didn't bet)
Seat 2: Linkoln220 (small blind) folded before Flop
Seat 3: HubertusB (big blind) folded on the Flop
Seat 4: KAK BOG PLAY folded before Flop (didn't bet)
Seat 5: Bluecrust folded before Flop (didn't bet)
Seat 6: BankerL collected ($0.62)



PokerStars Zoom Hand #175927349239:  Hold'em No Limit ($0.05/$0.10) - 2017/09/21 20:32:34 CCT [2017/09/21 8:32:34 ET]
Table 'Aludra' 6-max Seat #1 is the button
Seat 1: Timoce02 ($17.84 in chips) 
Seat 2: HubertusB ($10.36 in chips) 
Seat 3: bommel186 ($15.75 in chips) 
Seat 4: umauma63 ($16.76 in chips) 
Seat 5: BagdasaryanM ($15.03 in chips) 
Seat 6: AllIDoIsWinWin ($14.37 in chips) 
HubertusB: posts small blind $0.05
bommel186: posts big blind $0.10
*** HOLE CARDS ***
Dealt to HubertusB [Ad Ac]
umauma63: raises $0.15 to $0.25
BagdasaryanM: folds 
AllIDoIsWinWin: folds 
Timoce02: folds 
HubertusB: calls $0.20
bommel186: folds 
*** FLOP *** [5h Jc 4d]
HubertusB: checks 
umauma63: bets $0.32
HubertusB: raises $0.32 to $0.64
umauma63: raises $1.12 to $1.76
HubertusB: raises $2.99 to $4.75
umauma63: folds 
Uncalled bet ($2.99) returned to HubertusB
HubertusB collected $3.93 from pot
HubertusB: doesn't show hand 
*** SUMMARY ***
Total pot $4.12 | Rake $0.19 
Board [5h Jc 4d]
Seat 1: Timoce02 (button) folded before Flop (didn't bet)
Seat 2: HubertusB (small blind) collected ($3.93)
Seat 3: bommel186 (big blind) folded before Flop
Seat 4: umauma63 folded on the Flop
Seat 5: BagdasaryanM folded before Flop (didn't bet)
Seat 6: AllIDoIsWinWin folded before Flop (didn't bet)



PokerStars Zoom Hand #175927399001:  Hold'em No Limit ($0.05/$0.10) - 2017/09/21 20:34:24 CCT [2017/09/21 8:34:24 ET]
Table 'Aludra' 6-max Seat #1 is the button
Seat 1: aldinetto ($30.34 in chips) 
Seat 2: michaelDEMON ($13.20 in chips) 
Seat 3: Jakub$Vlcek1 ($10 in chips) 
Seat 4: zl473r ($11.09 in chips) 
Seat 5: MetaTrader4 ($20.67 in chips) 
Seat 6: HubertusB ($12.28 in chips) 
michaelDEMON: posts small blind $0.05
Jakub$Vlcek1: posts big blind $0.10
*** HOLE CARDS ***
Dealt to HubertusB [8d Js]
zl473r: folds 
MetaTrader4: folds 
HubertusB: folds 
aldinetto: raises $0.15 to $0.25
michaelDEMON: folds 
Jakub$Vlcek1: folds 
Uncalled bet ($0.15) returned to aldinetto
aldinetto collected $0.25 from pot
aldinetto: doesn't show hand 
*** SUMMARY ***
Total pot $0.25 | Rake $0 
Seat 1: aldinetto (button) collected ($0.25)
Seat 2: michaelDEMON (small blind) folded before Flop
Seat 3: Jakub$Vlcek1 (big blind) folded before Flop
Seat 4: zl473r folded before Flop (didn't bet)
Seat 5: MetaTrader4 folded before Flop (didn't bet)
Seat 6: HubertusB folded before Flop (didn't bet)



PokerStars Zoom Hand #175927394973:  Hold'em No Limit ($0.05/$0.10) - 2017/09/21 20:34:15 CCT [2017/09/21 8:34:15 ET]
Table 'Aludra' 6-max Seat #1 is the button
Seat 1: @NeBro1993@ ($6.50 in chips) 
Seat 2: rom4ikderz ($10.33 in chips) 
Seat 3: ugo_59_59 ($10.30 in chips) 
Seat 4: EvgStayer ($13.14 in chips) 
Seat 5: HubertusB ($12.28 in chips) 
Seat 6: kontost ($10.27 in chips) 
rom4ikderz: posts small blind $0.05
ugo_59_59: posts big blind $0.10
*** HOLE CARDS ***
Dealt to HubertusB [2c 5c]
EvgStayer: folds 
HubertusB: folds 
kontost: raises $0.20 to $0.30
@NeBro1993@: folds 
rom4ikderz: folds 
ugo_59_59: calls $0.20
*** FLOP *** [Qc Kc Ac]
ugo_59_59: checks 
kontost: checks 
*** TURN *** [Qc Kc Ac] [2h]
ugo_59_59: bets $0.31
kontost: folds 
Uncalled bet ($0.31) returned to ugo_59_59
ugo_59_59 collected $0.62 from pot
ugo_59_59: doesn't show hand 
*** SUMMARY ***
Total pot $0.65 | Rake $0.03 
Board [Qc Kc Ac 2h]
Seat 1: @NeBro1993@ (button) folded before Flop (didn't bet)
Seat 2: rom4ikderz (small blind) folded before Flop
Seat 3: ugo_59_59 (big blind) collected ($0.62)
Seat 4: EvgStayer folded before Flop (didn't bet)
Seat 5: HubertusB folded before Flop (didn't bet)
Seat 6: kontost folded on the Turn



PokerStars Zoom Hand #175927411270:  Hold'em No Limit ($0.05/$0.10) - 2017/09/21 20:34:51 CCT [2017/09/21 8:34:51 ET]
Table 'Aludra' 6-max Seat #1 is the button
Seat 1: A-Hsien ($16.59 in chips) 
Seat 2: Laeyz7 ($15.19 in chips) 
Seat 3: Dick Wase ($10.14 in chips) 
Seat 4: HubertusB ($12.28 in chips) 
Seat 5: BoSs00 ($8.30 in chips) 
Seat 6: MillanAndrew ($13.15 in chips) 
Laeyz7: posts small blind $0.05
Dick Wase: posts big blind $0.10
*** HOLE CARDS ***
Dealt to HubertusB [8s Kh]
HubertusB: folds 
BoSs00: folds 
MillanAndrew: folds 
A-Hsien: folds 
Laeyz7: folds 
Uncalled bet ($0.05) returned to Dick Wase
Dick Wase collected $0.10 from pot
Dick Wase: doesn't show hand 
*** SUMMARY ***
Total pot $0.10 | Rake $0 
Seat 1: A-Hsien (button) folded before Flop (didn't bet)
Seat 2: Laeyz7 (small blind) folded before Flop
Seat 3: Dick Wase (big blind) collected ($0.10)
Seat 4: HubertusB folded before Flop (didn't bet)
Seat 5: BoSs00 folded before Flop (didn't bet)
Seat 6: MillanAndrew folded before Flop (didn't bet)



PokerStars Zoom Hand #175927408070:  Hold'em No Limit ($0.05/$0.10) - 2017/09/21 20:34:44 CCT [2017/09/21 8:34:44 ET]
Table 'Aludra' 6-max Seat #1 is the button
Seat 1: HubertusB ($12.28 in chips) 
Seat 2: bommel186 ($10.29 in chips) 
Seat 3: Ic€Rink ($10 in chips) 
Seat 4: xandrrro ($37.98 in chips) 
Seat 5: SUPERCARLAO ($10 in chips) 
Seat 6: storetrold ($11.26 in chips) 
bommel186: posts small blind $0.05
Ic€Rink: posts big blind $0.10
*** HOLE CARDS ***
Dealt to HubertusB [Kh Qd]
xandrrro: folds 
SUPERCARLAO: raises $0.20 to $0.30
storetrold: folds 
HubertusB: folds 
bommel186: calls $0.25
Ic€Rink: folds 
*** FLOP *** [Ad Jh 2s]
bommel186: checks 
SUPERCARLAO: checks 
*** TURN *** [Ad Jh 2s] [6d]
bommel186: bets $0.44
SUPERCARLAO: raises $1.28 to $1.72
bommel186: calls $1.28
*** RIVER *** [Ad Jh 2s 6d] [6h]
bommel186: checks 
SUPERCARLAO: bets $3.27
bommel186: calls $3.27
*** SHOW DOWN ***
SUPERCARLAO: shows [Jd As] (two pair, Aces and Jacks)
bommel186: mucks hand 
SUPERCARLAO collected $10.20 from pot
*** SUMMARY ***
Total pot $10.68 | Rake $0.48 
Board [Ad Jh 2s 6d 6h]
Seat 1: HubertusB (button) folded before Flop (didn't bet)
Seat 2: bommel186 (small blind) mucked [Ac Qh]
Seat 3: Ic€Rink (big blind) folded before Flop
Seat 4: xandrrro folded before Flop (didn't bet)
Seat 5: SUPERCARLAO showed [Jd As] and won ($10.20) with two pair, Aces and Jacks
Seat 6: storetrold folded before Flop (didn't bet)



PokerStars Zoom Hand #175927413958:  Hold'em No Limit ($0.05/$0.10) - 2017/09/21 20:34:57 CCT [2017/09/21 8:34:57 ET]
Table 'Aludra' 6-max Seat #1 is the button
Seat 1: shooterkr ($9.85 in chips) 
Seat 2: Riverluckyem ($12.44 in chips) 
Seat 3: Corwin.CZE ($10 in chips) 
Seat 4: billmih777 ($34.05 in chips) 
Seat 5: HubertusB ($12.28 in chips) 
Seat 6: rom4ikderz ($10.28 in chips) 
Riverluckyem: posts small blind $0.05
Corwin.CZE: posts big blind $0.10
*** HOLE CARDS ***
Dealt to HubertusB [Qh Ad]
billmih777: folds 
HubertusB: raises $0.20 to $0.30
rom4ikderz: folds 
shooterkr: folds 
Riverluckyem: folds 
Corwin.CZE: calls $0.20
*** FLOP *** [8c 7h 9c]
Corwin.CZE: checks 
HubertusB: checks 
*** TURN *** [8c 7h 9c] [Qs]
Corwin.CZE: bets $0.45
HubertusB: calls $0.45
*** RIVER *** [8c 7h 9c Qs] [Jd]
Corwin.CZE: checks 
HubertusB: checks 
*** SHOW DOWN ***
Corwin.CZE: shows [9h 9s] (three of a kind, Nines)
HubertusB: mucks hand 
Corwin.CZE collected $1.48 from pot
*** SUMMARY ***
Total pot $1.55 | Rake $0.07 
Board [8c 7h 9c Qs Jd]
Seat 1: shooterkr (button) folded before Flop (didn't bet)
Seat 2: Riverluckyem (small blind) folded before Flop
Seat 3: Corwin.CZE (big blind) showed [9h 9s] and won ($1.48) with three of a kind, Nines
Seat 4: billmih777 folded before Flop (didn't bet)
Seat 5: HubertusB mucked [Qh Ad]
Seat 6: rom4ikderz folded before Flop (didn't bet)



PokerStars Zoom Hand #175927434813:  Hold'em No Limit ($0.05/$0.10) - 2017/09/21 20:35:43 CCT [2017/09/21 8:35:43 ET]
Table 'Aludra' 6-max Seat #1 is the button
Seat 1: ¡No pasarán! ($16.17 in chips) 
Seat 2: common1326 ($11.76 in chips) 
Seat 3: HubertusB ($11.53 in chips) 
Seat 4: tiodor1972 ($10.15 in chips) 
Seat 5: nandy0312 ($15.86 in chips) 
Seat 6: kontost ($34.21 in chips) 
common1326: posts small blind $0.05
HubertusB: posts big blind $0.10
*** HOLE CARDS ***
Dealt to HubertusB [Qs 3s]
tiodor1972: folds 
nandy0312: folds 
kontost: folds 
¡No pasarán!: folds 
common1326: raises $0.20 to $0.30
HubertusB: calls $0.20
*** FLOP *** [4s Ad 5d]
common1326: bets $0.28
HubertusB: raises $0.42 to $0.70
common1326: folds 
Uncalled bet ($0.42) returned to HubertusB
HubertusB collected $1.11 from pot
HubertusB: doesn't show hand 
*** SUMMARY ***
Total pot $1.16 | Rake $0.05 
Board [4s Ad 5d]
Seat 1: ¡No pasarán! (button) folded before Flop (didn't bet)
Seat 2: common1326 (small blind) folded on the Flop
Seat 3: HubertusB (big blind) collected ($1.11)
Seat 4: tiodor1972 folded before Flop (didn't bet)
Seat 5: nandy0312 folded before Flop (didn't bet)
Seat 6: kontost folded before Flop (didn't bet)



PokerStars Zoom Hand #175927453563:  Hold'em No Limit ($0.05/$0.10) - 2017/09/21 20:36:24 CCT [2017/09/21 8:36:24 ET]
Table 'Aludra' 6-max Seat #1 is the button
Seat 1: HubertusB ($12.06 in chips) 
Seat 2: kalmyk ($21.16 in chips) 
Seat 3: LordClefairy ($25.44 in chips) 
Seat 4: Grummelerwin ($49.52 in chips) 
Seat 5: MND33 ($15.17 in chips) 
Seat 6: trombe325 ($16.40 in chips) 
kalmyk: posts small blind $0.05
LordClefairy: posts big blind $0.10
*** HOLE CARDS ***
Dealt to HubertusB [Jh Ts]
Grummelerwin: raises $0.10 to $0.20
MND33: folds 
trombe325: folds 
HubertusB: folds 
kalmyk: folds 
LordClefairy: folds 
Uncalled bet ($0.10) returned to Grummelerwin
Grummelerwin collected $0.25 from pot
Grummelerwin: doesn't show hand 
*** SUMMARY ***
Total pot $0.25 | Rake $0 
Seat 1: HubertusB (button) folded before Flop (didn't bet)
Seat 2: kalmyk (small blind) folded before Flop
Seat 3: LordClefairy (big blind) folded before Flop
Seat 4: Grummelerwin collected ($0.25)
Seat 5: MND33 folded before Flop (didn't bet)
Seat 6: trombe325 folded before Flop (didn't bet)



PokerStars Zoom Hand #175927458162:  Hold'em No Limit ($0.05/$0.10) - 2017/09/21 20:36:34 CCT [2017/09/21 8:36:34 ET]
Table 'Aludra' 6-max Seat #1 is the button
Seat 1: LouiskeNL ($5.26 in chips) 
Seat 2: HubertusB ($12.06 in chips) 
Seat 3: SUPERCARLAO ($10 in chips) 
Seat 4: rom4ikderz ($10 in chips) 
Seat 5: taiji2017 ($11.01 in chips) 
Seat 6: kam22.cz ($15.53 in chips) 
HubertusB: posts small blind $0.05
SUPERCARLAO: posts big blind $0.10
*** HOLE CARDS ***
Dealt to HubertusB [Jd As]
rom4ikderz: folds 
taiji2017: folds 
kam22.cz: folds 
LouiskeNL: folds 
HubertusB: raises $0.23 to $0.33
SUPERCARLAO: folds 
Uncalled bet ($0.23) returned to HubertusB
HubertusB collected $0.20 from pot
HubertusB: doesn't show hand 
*** SUMMARY ***
Total pot $0.20 | Rake $0 
Seat 1: LouiskeNL (button) folded before Flop (didn't bet)
Seat 2: HubertusB (small blind) collected ($0.20)
Seat 3: SUPERCARLAO (big blind) folded before Flop
Seat 4: rom4ikderz folded before Flop (didn't bet)
Seat 5: taiji2017 folded before Flop (didn't bet)
Seat 6: kam22.cz folded before Flop (didn't bet)



PokerStars Zoom Hand #175927448060:  Hold'em No Limit ($0.05/$0.10) - 2017/09/21 20:36:12 CCT [2017/09/21 8:36:12 ET]
Table 'Aludra' 6-max Seat #1 is the button
Seat 1: babloboy ($10.72 in chips) 
Seat 2: zl473r ($12.88 in chips) 
Seat 3: qu96091028 ($10.17 in chips) 
Seat 4: rom4ikderz ($10 in chips) 
Seat 5: HubertusB ($12.06 in chips) 
Seat 6: rahulmoney3 ($10.62 in chips) 
zl473r: posts small blind $0.05
qu96091028: posts big blind $0.10
*** HOLE CARDS ***
Dealt to HubertusB [6s Jh]
rom4ikderz: raises $0.20 to $0.30
HubertusB: folds 
rahulmoney3: folds 
babloboy: folds 
zl473r: calls $0.25
qu96091028: folds 
*** FLOP *** [Ad Qc 7d]
zl473r: checks 
rom4ikderz: bets $0.37
zl473r: raises $1.06 to $1.43
rom4ikderz: calls $1.06
*** TURN *** [Ad Qc 7d] [4d]
zl473r: bets $2.55
rom4ikderz: calls $2.55
*** RIVER *** [Ad Qc 7d 4d] [9c]
zl473r: bets $8.60 and is all-in
rom4ikderz: calls $5.72 and is all-in
Uncalled bet ($2.88) returned to zl473r
*** SHOW DOWN ***
zl473r: shows [Qs Ah] (two pair, Aces and Queens)
rom4ikderz: shows [Ac Qd] (two pair, Aces and Queens)
zl473r collected $9.60 from pot
rom4ikderz collected $9.60 from pot
*** SUMMARY ***
Total pot $20.10 | Rake $0.90 
Board [Ad Qc 7d 4d 9c]
Seat 1: babloboy (button) folded before Flop (didn't bet)
Seat 2: zl473r (small blind) showed [Qs Ah] and won ($9.60) with two pair, Aces and Queens
Seat 3: qu96091028 (big blind) folded before Flop
Seat 4: rom4ikderz showed [Ac Qd] and won ($9.60) with two pair, Aces and Queens
Seat 5: HubertusB folded before Flop (didn't bet)
Seat 6: rahulmoney3 folded before Flop (didn't bet)



PokerStars Zoom Hand #175927467406:  Hold'em No Limit ($0.05/$0.10) - 2017/09/21 20:36:54 CCT [2017/09/21 8:36:54 ET]
Table 'Aludra' 6-max Seat #1 is the button
Seat 1: Alexioo1 ($11.21 in chips) 
Seat 2: ilo7891 ($18.59 in chips) 
Seat 3: bentheten26 ($14.28 in chips) 
Seat 4: Corwin.CZE ($10 in chips) 
Seat 5: saleriver ($10.15 in chips) 
Seat 6: HubertusB ($12.16 in chips) 
ilo7891: posts small blind $0.05
bentheten26: posts big blind $0.10
*** HOLE CARDS ***
Dealt to HubertusB [4c 4h]
Corwin.CZE: folds 
saleriver: folds 
HubertusB: raises $0.20 to $0.30
Alexioo1: folds 
ilo7891: folds 
bentheten26: folds 
Uncalled bet ($0.20) returned to HubertusB
HubertusB collected $0.25 from pot
HubertusB: doesn't show hand 
*** SUMMARY ***
Total pot $0.25 | Rake $0 
Seat 1: Alexioo1 (button) folded before Flop (didn't bet)
Seat 2: ilo7891 (small blind) folded before Flop
Seat 3: bentheten26 (big blind) folded before Flop
Seat 4: Corwin.CZE folded before Flop (didn't bet)
Seat 5: saleriver folded before Flop (didn't bet)
Seat 6: HubertusB collected ($0.25)



PokerStars Zoom Hand #175927480676:  Hold'em No Limit ($0.05/$0.10) - 2017/09/21 20:37:23 CCT [2017/09/21 8:37:23 ET]
Table 'Aludra' 6-max Seat #1 is the button
Seat 1: 4ymarganos ($7.10 in chips) 
Seat 2: GhostGOGOGO ($17.38 in chips) 
Seat 3: -=l Grek l=- ($10 in chips) 
Seat 4: BlueOrRed ($10.55 in chips) 
Seat 5: HubertusB ($12.31 in chips) 
Seat 6: dumacc14 ($11.45 in chips) 
GhostGOGOGO: posts small blind $0.05
-=l Grek l=-: posts big blind $0.10
*** HOLE CARDS ***
Dealt to HubertusB [8s 4s]
BlueOrRed: folds 
HubertusB: folds 
dumacc14: folds 
4ymarganos: folds 
GhostGOGOGO: folds 
Uncalled bet ($0.05) returned to -=l Grek l=-
-=l Grek l=- collected $0.10 from pot
-=l Grek l=-: doesn't show hand 
*** SUMMARY ***
Total pot $0.10 | Rake $0 
Seat 1: 4ymarganos (button) folded before Flop (didn't bet)
Seat 2: GhostGOGOGO (small blind) folded before Flop
Seat 3: -=l Grek l=- (big blind) collected ($0.10)
Seat 4: BlueOrRed folded before Flop (didn't bet)
Seat 5: HubertusB folded before Flop (didn't bet)
Seat 6: dumacc14 folded before Flop (didn't bet)



PokerStars Zoom Hand #175927450835:  Hold'em No Limit ($0.05/$0.10) - 2017/09/21 20:36:18 CCT [2017/09/21 8:36:18 ET]
Table 'Aludra' 6-max Seat #1 is the button
Seat 1: xiro137 ($5.05 in chips) 
Seat 2: fraxinus61 ($10.05 in chips) 
Seat 3: billmih777 ($39.67 in chips) 
Seat 4: HubertusB ($12.06 in chips) 
Seat 5: CeRKa bácsi ($9.55 in chips) 
Seat 6: Corwin.CZE ($10 in chips) 
fraxinus61: posts small blind $0.05
billmih777: posts big blind $0.10
*** HOLE CARDS ***
Dealt to HubertusB [4d 9h]
HubertusB: folds 
CeRKa bácsi: raises $0.20 to $0.30
Corwin.CZE: folds 
xiro137: folds 
fraxinus61: calls $0.25
billmih777: folds 
*** FLOP *** [8h 4s 8c]
fraxinus61: bets $0.30
CeRKa bácsi: calls $0.30
*** TURN *** [8h 4s 8c] [8s]
fraxinus61: bets $0.60
CeRKa bácsi: raises $1.15 to $1.75
fraxinus61: calls $1.15
*** RIVER *** [8h 4s 8c 8s] [2s]
fraxinus61: bets $4.60
CeRKa bácsi: folds 
Uncalled bet ($4.60) returned to fraxinus61
fraxinus61 collected $4.58 from pot
fraxinus61: doesn't show hand 
*** SUMMARY ***
Total pot $4.80 | Rake $0.22 
Board [8h 4s 8c 8s 2s]
Seat 1: xiro137 (button) folded before Flop (didn't bet)
Seat 2: fraxinus61 (small blind) collected ($4.58)
Seat 3: billmih777 (big blind) folded before Flop
Seat 4: HubertusB folded before Flop (didn't bet)
Seat 5: CeRKa bácsi folded on the River
Seat 6: Corwin.CZE folded before Flop (didn't bet)



PokerStars Zoom Hand #175927483878:  Hold'em No Limit ($0.05/$0.10) - 2017/09/21 20:37:30 CCT [2017/09/21 8:37:30 ET]
Table 'Aludra' 6-max Seat #1 is the button
Seat 1: zainaz ($12.47 in chips) 
Seat 2: storetrold ($19.26 in chips) 
Seat 3: HubertusB ($12.31 in chips) 
Seat 4: hurok2 ($12.31 in chips) 
Seat 5: CheckReissu ($13.39 in chips) 
Seat 6: nnVinokurov ($11.54 in chips) 
storetrold: posts small blind $0.05
HubertusB: posts big blind $0.10
*** HOLE CARDS ***
Dealt to HubertusB [6h Kc]
hurok2: raises $0.18 to $0.28
CheckReissu: folds 
nnVinokurov: folds 
zainaz: calls $0.28
storetrold: folds 
HubertusB: folds 
*** FLOP *** [9c Ah Js]
hurok2: checks 
zainaz: bets $0.22
hurok2: folds 
Uncalled bet ($0.22) returned to zainaz
zainaz collected $0.68 from pot
zainaz: doesn't show hand 
*** SUMMARY ***
Total pot $0.71 | Rake $0.03 
Board [9c Ah Js]
Seat 1: zainaz (button) collected ($0.68)
Seat 2: storetrold (small blind) folded before Flop
Seat 3: HubertusB (big blind) folded before Flop
Seat 4: hurok2 folded on the Flop
Seat 5: CheckReissu folded before Flop (didn't bet)
Seat 6: nnVinokurov folded before Flop (didn't bet)



PokerStars Zoom Hand #175927489759:  Hold'em No Limit ($0.05/$0.10) - 2017/09/21 20:37:43 CCT [2017/09/21 8:37:43 ET]
Table 'Aludra' 6-max Seat #1 is the button
Seat 1: ciceron86 ($13.27 in chips) 
Seat 2: Borik30 ($6 in chips) 
Seat 3: rina_211 ($8.20 in chips) 
Seat 4: HubertusB ($12.21 in chips) 
Seat 5: egamaa ($10.25 in chips) 
Seat 6: -=l Grek l=- ($10.05 in chips) 
Borik30: posts small blind $0.05
rina_211: posts big blind $0.10
*** HOLE CARDS ***
Dealt to HubertusB [7h 2c]
HubertusB: folds 
egamaa: folds 
-=l Grek l=-: raises $0.15 to $0.25
ciceron86: folds 
Borik30: raises $0.85 to $1.10
rina_211: folds 
-=l Grek l=-: folds 
Uncalled bet ($0.85) returned to Borik30
Borik30 collected $0.60 from pot
Borik30: doesn't show hand 
*** SUMMARY ***
Total pot $0.60 | Rake $0 
Seat 1: ciceron86 (button) folded before Flop (didn't bet)
Seat 2: Borik30 (small blind) collected ($0.60)
Seat 3: rina_211 (big blind) folded before Flop
Seat 4: HubertusB folded before Flop (didn't bet)
Seat 5: egamaa folded before Flop (didn't bet)
Seat 6: -=l Grek l=- folded before Flop



PokerStars Zoom Hand #175927493432:  Hold'em No Limit ($0.05/$0.10) - 2017/09/21 20:37:51 CCT [2017/09/21 8:37:51 ET]
Table 'Aludra' 6-max Seat #1 is the button
Seat 1: Indrek21 ($4.20 in chips) 
Seat 2: HubertusB ($12.21 in chips) 
Seat 3: oemez.cz ($10.34 in chips) 
Seat 4: bommel186 ($19.01 in chips) 
Seat 5: jzl23 ($10 in chips) 
Seat 6: Vradik ($12.64 in chips) 
HubertusB: posts small blind $0.05
oemez.cz: posts big blind $0.10
*** HOLE CARDS ***
Dealt to HubertusB [Qs 7d]
bommel186: folds 
jzl23: folds 
Vradik: raises $0.15 to $0.25
Indrek21: calls $0.25
HubertusB: folds 
oemez.cz: folds 
*** FLOP *** [Kh 8h Qd]
Vradik: bets $0.47
Indrek21: folds 
Uncalled bet ($0.47) returned to Vradik
Vradik collected $0.62 from pot
Vradik: doesn't show hand 
*** SUMMARY ***
Total pot $0.65 | Rake $0.03 
Board [Kh 8h Qd]
Seat 1: Indrek21 (button) folded on the Flop
Seat 2: HubertusB (small blind) folded before Flop
Seat 3: oemez.cz (big blind) folded before Flop
Seat 4: bommel186 folded before Flop (didn't bet)
Seat 5: jzl23 folded before Flop (didn't bet)
Seat 6: Vradik collected ($0.62)



PokerStars Zoom Hand #175927499922:  Hold'em No Limit ($0.05/$0.10) - 2017/09/21 20:38:05 CCT [2017/09/21 8:38:05 ET]
Table 'Aludra' 6-max Seat #1 is the button
Seat 1: HubertusB ($12.16 in chips) 
Seat 2: Tentek8942 ($10.09 in chips) 
Seat 3: DJUS NL ($7.94 in chips) 
Seat 4: Corwin.CZE ($10 in chips) 
Seat 5: kokalos2 ($13.16 in chips) 
Seat 6: A-Hsien ($10.04 in chips) 
Tentek8942: posts small blind $0.05
DJUS NL: posts big blind $0.10
*** HOLE CARDS ***
Dealt to HubertusB [9c 6d]
Corwin.CZE: folds 
kokalos2: folds 
A-Hsien: folds 
HubertusB: raises $0.20 to $0.30
Tentek8942: folds 
DJUS NL: folds 
Uncalled bet ($0.20) returned to HubertusB
HubertusB collected $0.25 from pot
HubertusB: doesn't show hand 
*** SUMMARY ***
Total pot $0.25 | Rake $0 
Seat 1: HubertusB (button) collected ($0.25)
Seat 2: Tentek8942 (small blind) folded before Flop
Seat 3: DJUS NL (big blind) folded before Flop
Seat 4: Corwin.CZE folded before Flop (didn't bet)
Seat 5: kokalos2 folded before Flop (didn't bet)
Seat 6: A-Hsien folded before Flop (didn't bet)



PokerStars Zoom Hand #175927506749:  Hold'em No Limit ($0.05/$0.10) - 2017/09/21 20:38:20 CCT [2017/09/21 8:38:20 ET]
Table 'Aludra' 6-max Seat #1 is the button
Seat 1: aruru101 ($9.90 in chips) 
Seat 2: symkalaila ($10 in chips) 
Seat 3: HubertusB ($12.31 in chips) 
Seat 4: BlueOrRed ($10.05 in chips) 
Seat 5: zl473r ($10 in chips) 
Seat 6: xmzok012 ($10 in chips) 
symkalaila: posts small blind $0.05
HubertusB: posts big blind $0.10
*** HOLE CARDS ***
Dealt to HubertusB [7d 4c]
BlueOrRed: raises $0.15 to $0.25
zl473r: folds 
xmzok012: folds 
aruru101: calls $0.25
symkalaila: folds 
HubertusB: folds 
*** FLOP *** [Jc Ad 8d]
BlueOrRed: bets $0.38
aruru101: folds 
Uncalled bet ($0.38) returned to BlueOrRed
BlueOrRed collected $0.62 from pot
BlueOrRed: doesn't show hand 
*** SUMMARY ***
Total pot $0.65 | Rake $0.03 
Board [Jc Ad 8d]
Seat 1: aruru101 (button) folded on the Flop
Seat 2: symkalaila (small blind) folded before Flop
Seat 3: HubertusB (big blind) folded before Flop
Seat 4: BlueOrRed collected ($0.62)
Seat 5: zl473r folded before Flop (didn't bet)
Seat 6: xmzok012 folded before Flop (didn't bet)



PokerStars Zoom Hand #175927515399:  Hold'em No Limit ($0.05/$0.10) - 2017/09/21 20:38:39 CCT [2017/09/21 8:38:39 ET]
Table 'Aludra' 6-max Seat #1 is the button
Seat 1: seula i ($17.41 in chips) 
Seat 2: HubertusB ($12.21 in chips) 
Seat 3: whatsajokejo ($1.54 in chips) 
Seat 4: G.Buhgalter ($9.93 in chips) 
Seat 5: STATIK XXX ($6.91 in chips) 
Seat 6: Omicron333 ($11.97 in chips) 
HubertusB: posts small blind $0.05
whatsajokejo: posts big blind $0.10
*** HOLE CARDS ***
Dealt to HubertusB [Th 8d]
G.Buhgalter: folds 
STATIK XXX: folds 
Omicron333: folds 
seula i: raises $0.10 to $0.20
HubertusB: folds 
whatsajokejo: calls $0.10
*** FLOP *** [Ac 3s 4s]
whatsajokejo: bets $0.22
seula i: folds 
Uncalled bet ($0.22) returned to whatsajokejo
whatsajokejo collected $0.43 from pot
whatsajokejo: doesn't show hand 
*** SUMMARY ***
Total pot $0.45 | Rake $0.02 
Board [Ac 3s 4s]
Seat 1: seula i (button) folded on the Flop
Seat 2: HubertusB (small blind) folded before Flop
Seat 3: whatsajokejo (big blind) collected ($0.43)
Seat 4: G.Buhgalter folded before Flop (didn't bet)
Seat 5: STATIK XXX folded before Flop (didn't bet)
Seat 6: Omicron333 folded before Flop (didn't bet)



PokerStars Zoom Hand #175927509917:  Hold'em No Limit ($0.05/$0.10) - 2017/09/21 20:38:27 CCT [2017/09/21 8:38:27 ET]
Table 'Aludra' 6-max Seat #1 is the button
Seat 1: kasse1982 ($12.27 in chips) 
Seat 2: magaiver-21- ($7.62 in chips) 
Seat 3: storetrold ($17.27 in chips) 
Seat 4: Toxa512 ($15.23 in chips) 
Seat 5: Nikita March ($6.52 in chips) 
Seat 6: HubertusB ($12.21 in chips) 
magaiver-21-: posts small blind $0.05
storetrold: posts big blind $0.10
*** HOLE CARDS ***
Dealt to HubertusB [9h 4c]
Toxa512: raises $0.20 to $0.30
Nikita March: folds 
HubertusB: folds 
kasse1982: calls $0.30
magaiver-21-: folds 
storetrold: folds 
*** FLOP *** [9s Td 2s]
Toxa512: bets $0.50
kasse1982: calls $0.50
*** TURN *** [9s Td 2s] [6h]
Toxa512: checks 
kasse1982: bets $0.90
Toxa512: folds 
Uncalled bet ($0.90) returned to kasse1982
kasse1982 collected $1.67 from pot
kasse1982: doesn't show hand 
*** SUMMARY ***
Total pot $1.75 | Rake $0.08 
Board [9s Td 2s 6h]
Seat 1: kasse1982 (button) collected ($1.67)
Seat 2: magaiver-21- (small blind) folded before Flop
Seat 3: storetrold (big blind) folded before Flop
Seat 4: Toxa512 folded on the Turn
Seat 5: Nikita March folded before Flop (didn't bet)
Seat 6: HubertusB folded before Flop (didn't bet)



PokerStars Zoom Hand #175927512610:  Hold'em No Limit ($0.05/$0.10) - 2017/09/21 20:38:33 CCT [2017/09/21 8:38:33 ET]
Table 'Aludra' 6-max Seat #1 is the button
Seat 1: blessmee111 ($19.09 in chips) 
Seat 2: !o*QUASAR*o! ($10.33 in chips) 
Seat 3: kokalos2 ($13.01 in chips) 
Seat 4: HubertusB ($12.21 in chips) 
Seat 5: SUPERCARLAO ($24.15 in chips) 
Seat 6: kleidl1978 ($10.26 in chips) 
!o*QUASAR*o!: posts small blind $0.05
kokalos2: posts big blind $0.10
*** HOLE CARDS ***
Dealt to HubertusB [Qd Tc]
HubertusB: folds 
SUPERCARLAO: folds 
kleidl1978: raises $0.20 to $0.30
blessmee111: calls $0.30
!o*QUASAR*o!: folds 
kokalos2: folds 
*** FLOP *** [3s 6h 6s]
kleidl1978: bets $0.50
blessmee111: folds 
Uncalled bet ($0.50) returned to kleidl1978
kleidl1978 collected $0.72 from pot
kleidl1978: doesn't show hand 
*** SUMMARY ***
Total pot $0.75 | Rake $0.03 
Board [3s 6h 6s]
Seat 1: blessmee111 (button) folded on the Flop
Seat 2: !o*QUASAR*o! (small blind) folded before Flop
Seat 3: kokalos2 (big blind) folded before Flop
Seat 4: HubertusB folded before Flop (didn't bet)
Seat 5: SUPERCARLAO folded before Flop (didn't bet)
Seat 6: kleidl1978 collected ($0.72)



PokerStars Zoom Hand #175927520052:  Hold'em No Limit ($0.05/$0.10) - 2017/09/21 20:38:49 CCT [2017/09/21 8:38:49 ET]
Table 'Aludra' 6-max Seat #1 is the button
Seat 1: pixel13 ($17.69 in chips) 
Seat 2: justMaestro ($19.16 in chips) 
Seat 3: rahulmoney3 ($10 in chips) 
Seat 4: 1989robin ($13.50 in chips) 
Seat 5: EvgStayer ($5.05 in chips) 
Seat 6: HubertusB ($12.16 in chips) 
justMaestro: posts small blind $0.05
rahulmoney3: posts big blind $0.10
*** HOLE CARDS ***
Dealt to HubertusB [4s Jh]
1989robin: folds 
EvgStayer: folds 
HubertusB: folds 
pixel13: folds 
justMaestro: folds 
Uncalled bet ($0.05) returned to rahulmoney3
rahulmoney3 collected $0.10 from pot
rahulmoney3: doesn't show hand 
*** SUMMARY ***
Total pot $0.10 | Rake $0 
Seat 1: pixel13 (button) folded before Flop (didn't bet)
Seat 2: justMaestro (small blind) folded before Flop
Seat 3: rahulmoney3 (big blind) collected ($0.10)
Seat 4: 1989robin folded before Flop (didn't bet)
Seat 5: EvgStayer folded before Flop (didn't bet)
Seat 6: HubertusB folded before Flop (didn't bet)



PokerStars Zoom Hand #175927527339:  Hold'em No Limit ($0.05/$0.10) - 2017/09/21 20:39:05 CCT [2017/09/21 8:39:05 ET]
Table 'Aludra' 6-max Seat #1 is the button
Seat 1: HubertusB ($12.16 in chips) 
Seat 2: RuffeEA ($26.06 in chips) 
Seat 3: rom4ikderz ($10 in chips) 
Seat 4: slinkycut ($11.41 in chips) 
Seat 5: DJUS NL ($8.48 in chips) 
Seat 6: nnVinokurov ($10 in chips) 
RuffeEA: posts small blind $0.05
rom4ikderz: posts big blind $0.10
*** HOLE CARDS ***
Dealt to HubertusB [Kh 4c]
slinkycut: folds 
DJUS NL: folds 
nnVinokurov: folds 
HubertusB: folds 
RuffeEA: folds 
Uncalled bet ($0.05) returned to rom4ikderz
rom4ikderz collected $0.10 from pot
rom4ikderz: doesn't show hand 
*** SUMMARY ***
Total pot $0.10 | Rake $0 
Seat 1: HubertusB (button) folded before Flop (didn't bet)
Seat 2: RuffeEA (small blind) folded before Flop
Seat 3: rom4ikderz (big blind) collected ($0.10)
Seat 4: slinkycut folded before Flop (didn't bet)
Seat 5: DJUS NL folded before Flop (didn't bet)
Seat 6: nnVinokurov folded before Flop (didn't bet)



PokerStars Zoom Hand #175927529586:  Hold'em No Limit ($0.05/$0.10) - 2017/09/21 20:39:10 CCT [2017/09/21 8:39:10 ET]
Table 'Aludra' 6-max Seat #1 is the button
Seat 1: LordClefairy ($23.73 in chips) 
Seat 2: MarcoPol1773 ($10.21 in chips) 
Seat 3: sunSmit ($12.43 in chips) 
Seat 4: Ic€Rink ($9.98 in chips) 
Seat 5: HubertusB ($12.16 in chips) 
Seat 6: MillanAndrew ($15.01 in chips) 
MarcoPol1773: posts small blind $0.05
sunSmit: posts big blind $0.10
*** HOLE CARDS ***
Dealt to HubertusB [3s Ah]
Ic€Rink: folds 
HubertusB: folds 
MillanAndrew: raises $0.25 to $0.35
LordClefairy: folds 
MarcoPol1773: folds 
sunSmit: folds 
Uncalled bet ($0.25) returned to MillanAndrew
MillanAndrew collected $0.25 from pot
MillanAndrew: doesn't show hand 
*** SUMMARY ***
Total pot $0.25 | Rake $0 
Seat 1: LordClefairy (button) folded before Flop (didn't bet)
Seat 2: MarcoPol1773 (small blind) folded before Flop
Seat 3: sunSmit (big blind) folded before Flop
Seat 4: Ic€Rink folded before Flop (didn't bet)
Seat 5: HubertusB folded before Flop (didn't bet)
Seat 6: MillanAndrew collected ($0.25)



PokerStars Zoom Hand #175927532386:  Hold'em No Limit ($0.05/$0.10) - 2017/09/21 20:39:16 CCT [2017/09/21 8:39:16 ET]
Table 'Aludra' 6-max Seat #1 is the button
Seat 1: MiddleLittle ($10.15 in chips) 
Seat 2: Odysseia ($16.13 in chips) 
Seat 3: HubertusB ($12.16 in chips) 
Seat 4: prnb0216 ($12.23 in chips) 
Seat 5: KAK BOG PLAY ($10.65 in chips) 
Seat 6: Laeyz7 ($11.13 in chips) 
Odysseia: posts small blind $0.05
HubertusB: posts big blind $0.10
*** HOLE CARDS ***
Dealt to HubertusB [Jd Kd]
prnb0216: folds 
KAK BOG PLAY: folds 
Laeyz7: folds 
MiddleLittle: raises $0.12 to $0.22
Odysseia: folds 
HubertusB: raises $0.48 to $0.70
MiddleLittle: calls $0.48
*** FLOP *** [Qh 6d Kh]
HubertusB: bets $0.90
MiddleLittle: calls $0.90
*** TURN *** [Qh 6d Kh] [5c]
HubertusB: bets $2.10
MiddleLittle: raises $6.45 to $8.55 and is all-in
HubertusB: calls $6.45
*** RIVER *** [Qh 6d Kh 5c] [7c]
*** SHOW DOWN ***
HubertusB: shows [Jd Kd] (a pair of Kings)
MiddleLittle: shows [Qc Kc] (two pair, Kings and Queens)
MiddleLittle collected $19.43 from pot
*** SUMMARY ***
Total pot $20.35 | Rake $0.92 
Board [Qh 6d Kh 5c 7c]
Seat 1: MiddleLittle (button) showed [Qc Kc] and won ($19.43) with two pair, Kings and Queens
Seat 2: Odysseia (small blind) folded before Flop
Seat 3: HubertusB (big blind) showed [Jd Kd] and lost with a pair of Kings
Seat 4: prnb0216 folded before Flop (didn't bet)
Seat 5: KAK BOG PLAY folded before Flop (didn't bet)
Seat 6: Laeyz7 folded before Flop (didn't bet)



PokerStars Zoom Hand #175927573328:  Hold'em No Limit ($0.05/$0.10) - 2017/09/21 20:40:45 CCT [2017/09/21 8:40:45 ET]
Table 'Aludra' 6-max Seat #1 is the button
Seat 1: vandervan971 ($22.61 in chips) 
Seat 2: DmitriySc ($4.82 in chips) 
Seat 3: ryota.xx ($12.78 in chips) 
Seat 4: SpaceOrca ($14.08 in chips) 
Seat 5: dumacc14 ($24.84 in chips) 
Seat 6: HubertusB ($2.01 in chips) 
DmitriySc: posts small blind $0.05
ryota.xx: posts big blind $0.10
*** HOLE CARDS ***
Dealt to HubertusB [9h 8h]
SpaceOrca: folds 
dumacc14: folds 
HubertusB: raises $0.20 to $0.30
vandervan971: folds 
DmitriySc: folds 
ryota.xx: folds 
Uncalled bet ($0.20) returned to HubertusB
HubertusB collected $0.25 from pot
HubertusB: doesn't show hand 
*** SUMMARY ***
Total pot $0.25 | Rake $0 
Seat 1: vandervan971 (button) folded before Flop (didn't bet)
Seat 2: DmitriySc (small blind) folded before Flop
Seat 3: ryota.xx (big blind) folded before Flop
Seat 4: SpaceOrca folded before Flop (didn't bet)
Seat 5: dumacc14 folded before Flop (didn't bet)
Seat 6: HubertusB collected ($0.25)



PokerStars Zoom Hand #175927586232:  Hold'em No Limit ($0.05/$0.10) - 2017/09/21 20:41:13 CCT [2017/09/21 8:41:13 ET]
Table 'Aludra' 6-max Seat #1 is the button
Seat 1: xandrrro ($38.01 in chips) 
Seat 2: HubertusB ($2.16 in chips) 
Seat 3: sea2cat222 ($6.13 in chips) 
Seat 4: 1ANTEK ($4.80 in chips) 
Seat 5: DariusDiver ($6.92 in chips) 
Seat 6: kalmyk ($10.05 in chips) 
HubertusB: posts small blind $0.05
sea2cat222: posts big blind $0.10
*** HOLE CARDS ***
Dealt to HubertusB [Jc Js]
1ANTEK: folds 
DariusDiver: folds 
kalmyk: folds 
xandrrro: folds 
HubertusB: raises $0.20 to $0.30
sea2cat222: folds 
Uncalled bet ($0.20) returned to HubertusB
HubertusB collected $0.20 from pot
HubertusB: doesn't show hand 
*** SUMMARY ***
Total pot $0.20 | Rake $0 
Seat 1: xandrrro (button) folded before Flop (didn't bet)
Seat 2: HubertusB (small blind) collected ($0.20)
Seat 3: sea2cat222 (big blind) folded before Flop
Seat 4: 1ANTEK folded before Flop (didn't bet)
Seat 5: DariusDiver folded before Flop (didn't bet)
Seat 6: kalmyk folded before Flop (didn't bet)



PokerStars Zoom Hand #175927579837:  Hold'em No Limit ($0.05/$0.10) - 2017/09/21 20:40:59 CCT [2017/09/21 8:40:59 ET]
Table 'Aludra' 6-max Seat #1 is the button
Seat 1: dumacc14 ($10.55 in chips) 
Seat 2: Kungofferdal ($21.70 in chips) 
Seat 3: tehBlub ($10 in chips) 
Seat 4: boenser ($6.81 in chips) 
Seat 5: HubertusB ($2.16 in chips) 
Seat 6: Hayoterkinovich ($10 in chips) 
Kungofferdal: posts small blind $0.05
tehBlub: posts big blind $0.10
*** HOLE CARDS ***
Dealt to HubertusB [7s 8d]
boenser: raises $0.10 to $0.20
HubertusB: folds 
Hayoterkinovich: raises $0.65 to $0.85
dumacc14: folds 
Kungofferdal: folds 
tehBlub: folds 
boenser: calls $0.65
*** FLOP *** [Tc Ad 4c]
boenser: checks 
Hayoterkinovich: bets $0.95
boenser: calls $0.95
*** TURN *** [Tc Ad 4c] [Qh]
boenser: checks 
Hayoterkinovich: checks 
*** RIVER *** [Tc Ad 4c Qh] [5h]
boenser: bets $3.60
Hayoterkinovich: calls $3.60
*** SHOW DOWN ***
boenser: shows [Th 5c] (two pair, Tens and Fives)
Hayoterkinovich: mucks hand 
boenser collected $10.46 from pot
*** SUMMARY ***
Total pot $10.95 | Rake $0.49 
Board [Tc Ad 4c Qh 5h]
Seat 1: dumacc14 (button) folded before Flop (didn't bet)
Seat 2: Kungofferdal (small blind) folded before Flop
Seat 3: tehBlub (big blind) folded before Flop
Seat 4: boenser showed [Th 5c] and won ($10.46) with two pair, Tens and Fives
Seat 5: HubertusB folded before Flop (didn't bet)
Seat 6: Hayoterkinovich mucked [Ac Kd]



PokerStars Zoom Hand #175927598321:  Hold'em No Limit ($0.05/$0.10) - 2017/09/21 20:41:39 CCT [2017/09/21 8:41:39 ET]
Table 'Aludra' 6-max Seat #1 is the button
Seat 1: HubertusB ($2.26 in chips) 
Seat 2: SEGA....115 ($4.90 in chips) 
Seat 3: yeyq ($12 in chips) 
Seat 4: @NeBro1993@ ($8.46 in chips) 
Seat 5: argmfran ($10.97 in chips) 
Seat 6: indextown ($26.40 in chips) 
SEGA....115: posts small blind $0.05
yeyq: posts big blind $0.10
*** HOLE CARDS ***
Dealt to HubertusB [Jh Jd]
@NeBro1993@: folds 
argmfran: raises $0.17 to $0.27
indextown: folds 
HubertusB: raises $1.99 to $2.26 and is all-in
SEGA....115: folds 
yeyq: folds 
argmfran: calls $1.99
*** FLOP *** [8d 4c Ts]
*** TURN *** [8d 4c Ts] [2c]
*** RIVER *** [8d 4c Ts 2c] [Ad]
*** SHOW DOWN ***
argmfran: shows [Qc As] (a pair of Aces)
HubertusB: shows [Jh Jd] (a pair of Jacks)
argmfran collected $4.46 from pot
*** SUMMARY ***
Total pot $4.67 | Rake $0.21 
Board [8d 4c Ts 2c Ad]
Seat 1: HubertusB (button) showed [Jh Jd] and lost with a pair of Jacks
Seat 2: SEGA....115 (small blind) folded before Flop
Seat 3: yeyq (big blind) folded before Flop
Seat 4: @NeBro1993@ folded before Flop (didn't bet)
Seat 5: argmfran showed [Qc As] and won ($4.46) with a pair of Aces
Seat 6: indextown folded before Flop (didn't bet)



PokerStars Zoom Hand #175927620105:  Hold'em No Limit ($0.05/$0.10) - 2017/09/21 20:42:26 CCT [2017/09/21 8:42:26 ET]
Table 'Aludra' 6-max Seat #1 is the button
Seat 1: kam22.cz ($15.15 in chips) 
Seat 2: BankerL ($11.35 in chips) 
Seat 3: ilo7891 ($10 in chips) 
Seat 4: HubertusB ($10 in chips) 
Seat 5: Odysseia ($9.15 in chips) 
Seat 6: Vlad2017761 ($33.01 in chips) 
BankerL: posts small blind $0.05
ilo7891: posts big blind $0.10
*** HOLE CARDS ***
Dealt to HubertusB [Ks 6c]
HubertusB: folds 
Odysseia: folds 
Vlad2017761: folds 
kam22.cz: folds 
BankerL: folds 
Uncalled bet ($0.05) returned to ilo7891
ilo7891 collected $0.10 from pot
ilo7891: doesn't show hand 
*** SUMMARY ***
Total pot $0.10 | Rake $0 
Seat 1: kam22.cz (button) folded before Flop (didn't bet)
Seat 2: BankerL (small blind) folded before Flop
Seat 3: ilo7891 (big blind) collected ($0.10)
Seat 4: HubertusB folded before Flop (didn't bet)
Seat 5: Odysseia folded before Flop (didn't bet)
Seat 6: Vlad2017761 folded before Flop (didn't bet)



PokerStars Zoom Hand #175927623801:  Hold'em No Limit ($0.05/$0.10) - 2017/09/21 20:42:34 CCT [2017/09/21 8:42:34 ET]
Table 'Aludra' 6-max Seat #1 is the button
Seat 1: myself10 ($16.63 in chips) 
Seat 2: fff1d ($19.22 in chips) 
Seat 3: HubertusB ($10 in chips) 
Seat 4: verotké ($12.44 in chips) 
Seat 5: Kursik21 ($15.44 in chips) 
Seat 6: tiodor1972 ($10.19 in chips) 
fff1d: posts small blind $0.05
HubertusB: posts big blind $0.10
*** HOLE CARDS ***
Dealt to HubertusB [4c Kc]
verotké: folds 
Kursik21: folds 
tiodor1972: folds 
myself10: folds 
fff1d: raises $0.10 to $0.20
HubertusB: calls $0.10
*** FLOP *** [Ks Kd 3c]
fff1d: checks 
HubertusB: checks 
*** TURN *** [Ks Kd 3c] [7c]
fff1d: checks 
HubertusB: bets $0.20
fff1d: folds 
Uncalled bet ($0.20) returned to HubertusB
HubertusB collected $0.38 from pot
HubertusB: doesn't show hand 
*** SUMMARY ***
Total pot $0.40 | Rake $0.02 
Board [Ks Kd 3c 7c]
Seat 1: myself10 (button) folded before Flop (didn't bet)
Seat 2: fff1d (small blind) folded on the Turn
Seat 3: HubertusB (big blind) collected ($0.38)
Seat 4: verotké folded before Flop (didn't bet)
Seat 5: Kursik21 folded before Flop (didn't bet)
Seat 6: tiodor1972 folded before Flop (didn't bet)



PokerStars Zoom Hand #175927647421:  Hold'em No Limit ($0.05/$0.10) - 2017/09/21 20:43:25 CCT [2017/09/21 8:43:25 ET]
Table 'Aludra' 6-max Seat #1 is the button
Seat 1: icanshift ($6.09 in chips) 
Seat 2: Corwin.CZE ($15.93 in chips) 
Seat 3: dorligan ($10 in chips) 
Seat 4: TheKrawiec ($11.88 in chips) 
Seat 5: kristin_nsk ($9.03 in chips) 
Seat 6: HubertusB ($10.18 in chips) 
Corwin.CZE: posts small blind $0.05
dorligan: posts big blind $0.10
*** HOLE CARDS ***
Dealt to HubertusB [2c 6s]
TheKrawiec: folds 
kristin_nsk: folds 
HubertusB: folds 
icanshift: raises $0.10 to $0.20
Corwin.CZE: folds 
dorligan: folds 
Uncalled bet ($0.10) returned to icanshift
icanshift collected $0.25 from pot
icanshift: doesn't show hand 
*** SUMMARY ***
Total pot $0.25 | Rake $0 
Seat 1: icanshift (button) collected ($0.25)
Seat 2: Corwin.CZE (small blind) folded before Flop
Seat 3: dorligan (big blind) folded before Flop
Seat 4: TheKrawiec folded before Flop (didn't bet)
Seat 5: kristin_nsk folded before Flop (didn't bet)
Seat 6: HubertusB folded before Flop (didn't bet)



PokerStars Zoom Hand #175927651148:  Hold'em No Limit ($0.05/$0.10) - 2017/09/21 20:43:33 CCT [2017/09/21 8:43:33 ET]
Table 'Aludra' 6-max Seat #1 is the button
Seat 1: Alena200889 ($14.08 in chips) 
Seat 2: HubertusB ($10.18 in chips) 
Seat 3: spasejamm ($15.13 in chips) 
Seat 4: AkostA new ($7.24 in chips) 
Seat 5: janiz89 ($10.46 in chips) 
Seat 6: lordx777 ($29.51 in chips) 
HubertusB: posts small blind $0.05
spasejamm: posts big blind $0.10
*** HOLE CARDS ***
Dealt to HubertusB [8h Ts]
AkostA new: folds 
janiz89: folds 
lordx777: folds 
Alena200889: folds 
HubertusB: raises $0.20 to $0.30
spasejamm: folds 
Uncalled bet ($0.20) returned to HubertusB
HubertusB collected $0.20 from pot
HubertusB: doesn't show hand 
*** SUMMARY ***
Total pot $0.20 | Rake $0 
Seat 1: Alena200889 (button) folded before Flop (didn't bet)
Seat 2: HubertusB (small blind) collected ($0.20)
Seat 3: spasejamm (big blind) folded before Flop
Seat 4: AkostA new folded before Flop (didn't bet)
Seat 5: janiz89 folded before Flop (didn't bet)
Seat 6: lordx777 folded before Flop (didn't bet)



PokerStars Zoom Hand #175927660299:  Hold'em No Limit ($0.05/$0.10) - 2017/09/21 20:43:53 CCT [2017/09/21 8:43:53 ET]
Table 'Aludra' 6-max Seat #1 is the button
Seat 1: jingles890 ($9.55 in chips) 
Seat 2: Koalamb12 ($22.11 in chips) 
Seat 3: jzl23 ($11.87 in chips) 
Seat 4: DaDer13 ($10 in chips) 
Seat 5: HubertusB ($10.28 in chips) 
Seat 6: blanshot ($10.12 in chips) 
Koalamb12: posts small blind $0.05
jzl23: posts big blind $0.10
*** HOLE CARDS ***
Dealt to HubertusB [3c 9h]
DaDer13: folds 
HubertusB: folds 
blanshot: folds 
jingles890: folds 
Koalamb12: folds 
Uncalled bet ($0.05) returned to jzl23
jzl23 collected $0.10 from pot
jzl23: doesn't show hand 
*** SUMMARY ***
Total pot $0.10 | Rake $0 
Seat 1: jingles890 (button) folded before Flop (didn't bet)
Seat 2: Koalamb12 (small blind) folded before Flop
Seat 3: jzl23 (big blind) collected ($0.10)
Seat 4: DaDer13 folded before Flop (didn't bet)
Seat 5: HubertusB folded before Flop (didn't bet)
Seat 6: blanshot folded before Flop (didn't bet)



PokerStars Zoom Hand #175927663540:  Hold'em No Limit ($0.05/$0.10) - 2017/09/21 20:44:00 CCT [2017/09/21 8:44:00 ET]
Table 'Aludra' 6-max Seat #1 is the button
Seat 1: HubertusB ($10.28 in chips) 
Seat 2: billmih777 ($40.68 in chips) 
Seat 3: Laeyz7 ($10 in chips) 
Seat 4: Ulan-Ude 25 ($10.09 in chips) 
Seat 5: 1ANTEK ($6.55 in chips) 
Seat 6: Khmyrov ($7.87 in chips) 
billmih777: posts small blind $0.05
Laeyz7: posts big blind $0.10
*** HOLE CARDS ***
Dealt to HubertusB [4h Jh]
Ulan-Ude 25: folds 
1ANTEK: raises $0.10 to $0.20
Khmyrov: folds 
HubertusB: folds 
billmih777: folds 
Laeyz7: folds 
Uncalled bet ($0.10) returned to 1ANTEK
1ANTEK collected $0.25 from pot
1ANTEK: doesn't show hand 
*** SUMMARY ***
Total pot $0.25 | Rake $0 
Seat 1: HubertusB (button) folded before Flop (didn't bet)
Seat 2: billmih777 (small blind) folded before Flop
Seat 3: Laeyz7 (big blind) folded before Flop
Seat 4: Ulan-Ude 25 folded before Flop (didn't bet)
Seat 5: 1ANTEK collected ($0.25)
Seat 6: Khmyrov folded before Flop (didn't bet)



PokerStars Zoom Hand #175927657955:  Hold'em No Limit ($0.05/$0.10) - 2017/09/21 20:43:48 CCT [2017/09/21 8:43:48 ET]
Table 'Aludra' 6-max Seat #1 is the button
Seat 1: Dick Wase ($10.05 in chips) 
Seat 2: mirtes10 ($7.12 in chips) 
Seat 3: EvgStayer ($9.87 in chips) 
Seat 4: HubertusB ($10.28 in chips) 
Seat 5: dumacc14 ($27.36 in chips) 
Seat 6: deadinmay ($10.36 in chips) 
mirtes10: posts small blind $0.05
EvgStayer: posts big blind $0.10
*** HOLE CARDS ***
Dealt to HubertusB [8s 9d]
HubertusB: folds 
dumacc14: folds 
deadinmay: raises $10.26 to $10.36 and is all-in
Dick Wase: folds 
mirtes10: calls $7.07 and is all-in
EvgStayer: folds 
Uncalled bet ($3.24) returned to deadinmay
*** FLOP *** [8c 8d 5s]
*** TURN *** [8c 8d 5s] [Jc]
*** RIVER *** [8c 8d 5s Jc] [4c]
*** SHOW DOWN ***
mirtes10: shows [5d 5h] (a full house, Fives full of Eights)
deadinmay: shows [6d 6h] (two pair, Eights and Sixes)
mirtes10 collected $13.69 from pot
*** SUMMARY ***
Total pot $14.34 | Rake $0.65 
Board [8c 8d 5s Jc 4c]
Seat 1: Dick Wase (button) folded before Flop (didn't bet)
Seat 2: mirtes10 (small blind) showed [5d 5h] and won ($13.69) with a full house, Fives full of Eights
Seat 3: EvgStayer (big blind) folded before Flop
Seat 4: HubertusB folded before Flop (didn't bet)
Seat 5: dumacc14 folded before Flop (didn't bet)
Seat 6: deadinmay showed [6d 6h] and lost with two pair, Eights and Sixes



PokerStars Zoom Hand #175927669045:  Hold'em No Limit ($0.05/$0.10) - 2017/09/21 20:44:12 CCT [2017/09/21 8:44:12 ET]
Table 'Aludra' 6-max Seat #1 is the button
Seat 1: SODA1948 ($2.09 in chips) 
Seat 2: Igori646 ($10.05 in chips) 
Seat 3: HubertusB ($10.28 in chips) 
Seat 4: Koalamb12 ($23.98 in chips) 
Seat 5: SUPERCARLAO ($10.73 in chips) 
Seat 6: DaveGouda ($14.58 in chips) 
Igori646: posts small blind $0.05
HubertusB: posts big blind $0.10
*** HOLE CARDS ***
Dealt to HubertusB [4c 2d]
Koalamb12: folds 
SUPERCARLAO: folds 
DaveGouda: folds 
SODA1948: raises $0.10 to $0.20
Igori646: folds 
HubertusB: folds 
Uncalled bet ($0.10) returned to SODA1948
SODA1948 collected $0.25 from pot
SODA1948: doesn't show hand 
*** SUMMARY ***
Total pot $0.25 | Rake $0 
Seat 1: SODA1948 (button) collected ($0.25)
Seat 2: Igori646 (small blind) folded before Flop
Seat 3: HubertusB (big blind) folded before Flop
Seat 4: Koalamb12 folded before Flop (didn't bet)
Seat 5: SUPERCARLAO folded before Flop (didn't bet)
Seat 6: DaveGouda folded before Flop (didn't bet)



PokerStars Zoom Hand #175927665885:  Hold'em No Limit ($0.05/$0.10) - 2017/09/21 20:44:05 CCT [2017/09/21 8:44:05 ET]
Table 'Aludra' 6-max Seat #1 is the button
Seat 1: aldinetto ($8.85 in chips) 
Seat 2: Pasha-Kana ($5.17 in chips) 
Seat 3: ciceron86 ($10.42 in chips) 
Seat 4: HubertusB ($10.28 in chips) 
Seat 5: Vradik ($24.17 in chips) 
Seat 6: ant66666 ($13.53 in chips) 
Pasha-Kana: posts small blind $0.05
ciceron86: posts big blind $0.10
*** HOLE CARDS ***
Dealt to HubertusB [Ad Th]
HubertusB: folds 
Vradik: folds 
ant66666: raises $0.10 to $0.20
aldinetto: raises $0.50 to $0.70
Pasha-Kana: folds 
ciceron86: folds 
ant66666: calls $0.50
*** FLOP *** [Kd 9h 5s]
ant66666: bets $0.30
aldinetto: raises $1.04 to $1.34
ant66666: folds 
Uncalled bet ($1.04) returned to aldinetto
aldinetto collected $2.05 from pot
aldinetto: doesn't show hand 
*** SUMMARY ***
Total pot $2.15 | Rake $0.10 
Board [Kd 9h 5s]
Seat 1: aldinetto (button) collected ($2.05)
Seat 2: Pasha-Kana (small blind) folded before Flop
Seat 3: ciceron86 (big blind) folded before Flop
Seat 4: HubertusB folded before Flop (didn't bet)
Seat 5: Vradik folded before Flop (didn't bet)
Seat 6: ant66666 folded on the Flop



PokerStars Zoom Hand #175927686039:  Hold'em No Limit ($0.05/$0.10) - 2017/09/21 20:44:49 CCT [2017/09/21 8:44:49 ET]
Table 'Aludra' 6-max Seat #1 is the button
Seat 1: argmfran ($12.60 in chips) 
Seat 2: Batman554774 ($9.40 in chips) 
Seat 3: Vradik ($15.36 in chips) 
Seat 4: HubertusB ($10.18 in chips) 
Seat 5: hodikozurem ($4.20 in chips) 
Seat 6: Araj Moon ($42.04 in chips) 
Batman554774: posts small blind $0.05
Vradik: posts big blind $0.10
*** HOLE CARDS ***
Dealt to HubertusB [Kd 3h]
HubertusB: folds 
hodikozurem: folds 
Araj Moon: folds 
argmfran: folds 
Batman554774: folds 
Uncalled bet ($0.05) returned to Vradik
Vradik collected $0.10 from pot
Vradik: doesn't show hand 
*** SUMMARY ***
Total pot $0.10 | Rake $0 
Seat 1: argmfran (button) folded before Flop (didn't bet)
Seat 2: Batman554774 (small blind) folded before Flop
Seat 3: Vradik (big blind) collected ($0.10)
Seat 4: HubertusB folded before Flop (didn't bet)
Seat 5: hodikozurem folded before Flop (didn't bet)
Seat 6: Araj Moon folded before Flop (didn't bet)



PokerStars Zoom Hand #175927683800:  Hold'em No Limit ($0.05/$0.10) - 2017/09/21 20:44:44 CCT [2017/09/21 8:44:44 ET]
Table 'Aludra' 6-max Seat #1 is the button
Seat 1: squirrel22tn ($10 in chips) 
Seat 2: Pepsiman487 ($9.40 in chips) 
Seat 3: SpaceOrca ($15.85 in chips) 
Seat 4: kalmyk ($10 in chips) 
Seat 5: HubertusB ($10.18 in chips) 
Seat 6: LaPlacinta ($14 in chips) 
Pepsiman487: posts small blind $0.05
SpaceOrca: posts big blind $0.10
*** HOLE CARDS ***
Dealt to HubertusB [As 3h]
kalmyk: folds 
HubertusB: folds 
LaPlacinta: folds 
squirrel22tn: folds 
Pepsiman487: raises $0.10 to $0.20
SpaceOrca: folds 
Uncalled bet ($0.10) returned to Pepsiman487
Pepsiman487 collected $0.20 from pot
Pepsiman487: doesn't show hand 
*** SUMMARY ***
Total pot $0.20 | Rake $0 
Seat 1: squirrel22tn (button) folded before Flop (didn't bet)
Seat 2: Pepsiman487 (small blind) collected ($0.20)
Seat 3: SpaceOrca (big blind) folded before Flop
Seat 4: kalmyk folded before Flop (didn't bet)
Seat 5: HubertusB folded before Flop (didn't bet)
Seat 6: LaPlacinta folded before Flop (didn't bet)



PokerStars Zoom Hand #175927692482:  Hold'em No Limit ($0.05/$0.10) - 2017/09/21 20:45:03 CCT [2017/09/21 8:45:03 ET]
Table 'Aludra' 6-max Seat #1 is the button
Seat 1: Vlladimir501 ($10.57 in chips) 
Seat 2: argmfran ($12.60 in chips) 
Seat 3: SERJANTO ($5.40 in chips) 
Seat 4: McJoggers ($22.10 in chips) 
Seat 5: Ramis30 ($55.89 in chips) 
Seat 6: HubertusB ($10.13 in chips) 
argmfran: posts small blind $0.05
SERJANTO: posts big blind $0.10
*** HOLE CARDS ***
Dealt to HubertusB [2h 8d]
McJoggers: folds 
Ramis30: folds 
HubertusB: folds 
Vlladimir501 has timed out while disconnected
Vlladimir501: folds 
argmfran: folds 
Uncalled bet ($0.05) returned to SERJANTO
SERJANTO collected $0.10 from pot
SERJANTO: doesn't show hand 
*** SUMMARY ***
Total pot $0.10 | Rake $0 
Seat 1: Vlladimir501 (button) folded before Flop (didn't bet)
Seat 2: argmfran (small blind) folded before Flop
Seat 3: SERJANTO (big blind) collected ($0.10)
Seat 4: McJoggers folded before Flop (didn't bet)
Seat 5: Ramis30 folded before Flop (didn't bet)
Seat 6: HubertusB folded before Flop (didn't bet)



PokerStars Zoom Hand #175927696647:  Hold'em No Limit ($0.05/$0.10) - 2017/09/21 20:45:12 CCT [2017/09/21 8:45:12 ET]
Table 'Aludra' 6-max Seat #1 is the button
Seat 1: KnobKerrie ($30.37 in chips) 
Seat 2: RuffeEA ($26 in chips) 
Seat 3: HubertusB ($10.13 in chips) 
Seat 4: justMaestro ($16.84 in chips) 
Seat 5: ADavidoffA ($7.32 in chips) 
Seat 6: Kraftwerkler ($3.54 in chips) 
RuffeEA: posts small blind $0.05
HubertusB: posts big blind $0.10
*** HOLE CARDS ***
Dealt to HubertusB [2s 5d]
justMaestro: folds 
ADavidoffA: folds 
Kraftwerkler: calls $0.10
KnobKerrie: raises $0.30 to $0.40
RuffeEA: folds 
HubertusB: folds 
Kraftwerkler: folds 
Uncalled bet ($0.30) returned to KnobKerrie
KnobKerrie collected $0.35 from pot
KnobKerrie: doesn't show hand 
*** SUMMARY ***
Total pot $0.35 | Rake $0 
Seat 1: KnobKerrie (button) collected ($0.35)
Seat 2: RuffeEA (small blind) folded before Flop
Seat 3: HubertusB (big blind) folded before Flop
Seat 4: justMaestro folded before Flop (didn't bet)
Seat 5: ADavidoffA folded before Flop (didn't bet)
Seat 6: Kraftwerkler folded before Flop



PokerStars Zoom Hand #175927690163:  Hold'em No Limit ($0.05/$0.10) - 2017/09/21 20:44:58 CCT [2017/09/21 8:44:58 ET]
Table 'Aludra' 6-max Seat #1 is the button
Seat 1: othd14 ($20.11 in chips) 
Seat 2: HubertusB ($10.18 in chips) 
Seat 3: Odysseia ($7.86 in chips) 
Seat 4: tiodor1972 ($10 in chips) 
Seat 5: guessvip ($10 in chips) 
Seat 6: 4ymarganos ($6.24 in chips) 
HubertusB: posts small blind $0.05
Odysseia: posts big blind $0.10
*** HOLE CARDS ***
Dealt to HubertusB [Ah 9s]
tiodor1972: folds 
guessvip: folds 
4ymarganos: folds 
othd14: raises $0.10 to $0.20
HubertusB: folds 
Odysseia: calls $0.10
*** FLOP *** [8s Td 7h]
Odysseia: checks 
othd14: checks 
*** TURN *** [8s Td 7h] [5c]
Odysseia: bets $0.22
othd14: calls $0.22
*** RIVER *** [8s Td 7h 5c] [2s]
Odysseia: bets $0.43
othd14: folds 
Uncalled bet ($0.43) returned to Odysseia
Odysseia collected $0.85 from pot
Odysseia: doesn't show hand 
*** SUMMARY ***
Total pot $0.89 | Rake $0.04 
Board [8s Td 7h 5c 2s]
Seat 1: othd14 (button) folded on the River
Seat 2: HubertusB (small blind) folded before Flop
Seat 3: Odysseia (big blind) collected ($0.85)
Seat 4: tiodor1972 folded before Flop (didn't bet)
Seat 5: guessvip folded before Flop (didn't bet)
Seat 6: 4ymarganos folded before Flop (didn't bet)



PokerStars Zoom Hand #175927704482:  Hold'em No Limit ($0.05/$0.10) - 2017/09/21 20:45:29 CCT [2017/09/21 8:45:29 ET]
Table 'Aludra' 6-max Seat #1 is the button
Seat 1: HubertusB ($10.03 in chips) 
Seat 2: STATIK XXX ($7.29 in chips) 
Seat 3: umauma63 ($16.51 in chips) 
Seat 4: tiodor1972 ($15.38 in chips) 
Seat 5: eira2 ($12.66 in chips) 
Seat 6: rom4ikderz ($13.58 in chips) 
STATIK XXX: posts small blind $0.05
umauma63: posts big blind $0.10
*** HOLE CARDS ***
Dealt to HubertusB [8h 3h]
tiodor1972: folds 
eira2: calls $0.10
rom4ikderz: folds 
HubertusB: folds 
STATIK XXX: folds 
umauma63: checks 
*** FLOP *** [Jc As Ah]
umauma63: checks 
eira2: checks 
*** TURN *** [Jc As Ah] [3d]
umauma63: checks 
eira2: bets $0.40
umauma63: folds 
Uncalled bet ($0.40) returned to eira2
eira2 collected $0.24 from pot
eira2: doesn't show hand 
*** SUMMARY ***
Total pot $0.25 | Rake $0.01 
Board [Jc As Ah 3d]
Seat 1: HubertusB (button) folded before Flop (didn't bet)
Seat 2: STATIK XXX (small blind) folded before Flop
Seat 3: umauma63 (big blind) folded on the Turn
Seat 4: tiodor1972 folded before Flop (didn't bet)
Seat 5: eira2 collected ($0.24)
Seat 6: rom4ikderz folded before Flop (didn't bet)



PokerStars Zoom Hand #175927712736:  Hold'em No Limit ($0.05/$0.10) - 2017/09/21 20:45:47 CCT [2017/09/21 8:45:47 ET]
Table 'Aludra' 6-max Seat #1 is the button
Seat 1: EvgStayer ($2.10 in chips) 
Seat 2: HubertusB ($10.03 in chips) 
Seat 3: justMaestro ($16.94 in chips) 
Seat 4: AkostA new ($8.70 in chips) 
Seat 5: aruru101 ($10.18 in chips) 
Seat 6: Pak1986lee ($6.43 in chips) 
HubertusB: posts small blind $0.05
justMaestro: posts big blind $0.10
*** HOLE CARDS ***
Dealt to HubertusB [8h 8s]
AkostA new: folds 
aruru101: folds 
Pak1986lee: folds 
EvgStayer: folds 
HubertusB: raises $0.20 to $0.30
justMaestro: calls $0.20
*** FLOP *** [2d Ts 5c]
HubertusB: bets $0.31
justMaestro: calls $0.31
*** TURN *** [2d Ts 5c] [3s]
HubertusB: checks 
justMaestro: bets $0.73
HubertusB: calls $0.73
*** RIVER *** [2d Ts 5c 3s] [As]
HubertusB: checks 
justMaestro: checks 
*** SHOW DOWN ***
HubertusB: shows [8h 8s] (a pair of Eights)
justMaestro: shows [Ac 9d] (a pair of Aces)
justMaestro collected $2.56 from pot
*** SUMMARY ***
Total pot $2.68 | Rake $0.12 
Board [2d Ts 5c 3s As]
Seat 1: EvgStayer (button) folded before Flop (didn't bet)
Seat 2: HubertusB (small blind) showed [8h 8s] and lost with a pair of Eights
Seat 3: justMaestro (big blind) showed [Ac 9d] and won ($2.56) with a pair of Aces
Seat 4: AkostA new folded before Flop (didn't bet)
Seat 5: aruru101 folded before Flop (didn't bet)
Seat 6: Pak1986lee folded before Flop (didn't bet)



PokerStars Zoom Hand #175927708635:  Hold'em No Limit ($0.05/$0.10) - 2017/09/21 20:45:38 CCT [2017/09/21 8:45:38 ET]
Table 'Aludra' 6-max Seat #1 is the button
Seat 1: patrick_whit ($10.15 in chips) 
Seat 2: I_unix144 ($11.32 in chips) 
Seat 3: 06_AOK_09 ($10.27 in chips) 
Seat 4: combaday ($10.17 in chips) 
Seat 5: HubertusB ($10.03 in chips) 
Seat 6: Koalamb12 ($16.72 in chips) 
I_unix144: posts small blind $0.05
06_AOK_09: posts big blind $0.10
*** HOLE CARDS ***
Dealt to HubertusB [7c Ad]
combaday: folds 
HubertusB: folds 
Koalamb12: folds 
patrick_whit: folds 
I_unix144: raises $0.20 to $0.30
06_AOK_09: calls $0.20
*** FLOP *** [Qc 2d 2h]
I_unix144: bets $0.28
06_AOK_09: calls $0.28
*** TURN *** [Qc 2d 2h] [As]
I_unix144: checks 
06_AOK_09: checks 
*** RIVER *** [Qc 2d 2h As] [Jh]
I_unix144: bets $0.74
06_AOK_09: calls $0.74
*** SHOW DOWN ***
I_unix144: shows [9h Tc] (a pair of Deuces)
06_AOK_09: shows [Qs Td] (two pair, Queens and Deuces)
06_AOK_09 collected $2.52 from pot
*** SUMMARY ***
Total pot $2.64 | Rake $0.12 
Board [Qc 2d 2h As Jh]
Seat 1: patrick_whit (button) folded before Flop (didn't bet)
Seat 2: I_unix144 (small blind) showed [9h Tc] and lost with a pair of Deuces
Seat 3: 06_AOK_09 (big blind) showed [Qs Td] and won ($2.52) with two pair, Queens and Deuces
Seat 4: combaday folded before Flop (didn't bet)
Seat 5: HubertusB folded before Flop (didn't bet)
Seat 6: Koalamb12 folded before Flop (didn't bet)



PokerStars Zoom Hand #175927735302:  Hold'em No Limit ($0.05/$0.10) - 2017/09/21 20:46:36 CCT [2017/09/21 8:46:36 ET]
Table 'Aludra' 6-max Seat #1 is the button
Seat 1: Zhaaba ($10 in chips) 
Seat 2: P.k.r.Luck83 ($11.41 in chips) 
Seat 3: ares.sevsk ($10 in chips) 
Seat 4: tehBlub ($10 in chips) 
Seat 5: G.Buhgalter ($12.08 in chips) 
Seat 6: HubertusB ($8.69 in chips) 
P.k.r.Luck83: posts small blind $0.05
ares.sevsk: posts big blind $0.10
*** HOLE CARDS ***
Dealt to HubertusB [6s Qh]
tehBlub: folds 
G.Buhgalter: folds 
HubertusB: folds 
Zhaaba: raises $0.14 to $0.24
P.k.r.Luck83: folds 
ares.sevsk: folds 
Uncalled bet ($0.14) returned to Zhaaba
Zhaaba collected $0.25 from pot
Zhaaba: doesn't show hand 
*** SUMMARY ***
Total pot $0.25 | Rake $0 
Seat 1: Zhaaba (button) collected ($0.25)
Seat 2: P.k.r.Luck83 (small blind) folded before Flop
Seat 3: ares.sevsk (big blind) folded before Flop
Seat 4: tehBlub folded before Flop (didn't bet)
Seat 5: G.Buhgalter folded before Flop (didn't bet)
Seat 6: HubertusB folded before Flop (didn't bet)



PokerStars Zoom Hand #175927739438:  Hold'em No Limit ($0.05/$0.10) - 2017/09/21 20:46:45 CCT [2017/09/21 8:46:45 ET]
Table 'Aludra' 6-max Seat #1 is the button
Seat 1: HubertusB ($8.69 in chips) 
Seat 2: boenser ($11.31 in chips) 
Seat 3: Odysseia ($7.94 in chips) 
Seat 4: Juraspl1 ($12.69 in chips) 
Seat 5: lemon262 ($27.59 in chips) 
Seat 6: myself10 ($25.15 in chips) 
boenser: posts small blind $0.05
Odysseia: posts big blind $0.10
*** HOLE CARDS ***
Dealt to HubertusB [Ac Ts]
Juraspl1: folds 
lemon262: folds 
myself10: folds 
HubertusB: raises $0.20 to $0.30
boenser: raises $0.20 to $0.50
Odysseia: folds 
HubertusB: calls $0.20
*** FLOP *** [9s As Jd]
boenser: bets $0.60
HubertusB: calls $0.60
*** TURN *** [9s As Jd] [Kc]
boenser: bets $0.80
HubertusB: calls $0.80
*** RIVER *** [9s As Jd Kc] [3c]
boenser: checks 
HubertusB: checks 
*** SHOW DOWN ***
boenser: shows [Th 7d] (high card Ace)
HubertusB: shows [Ac Ts] (a pair of Aces)
HubertusB collected $3.72 from pot
*** SUMMARY ***
Total pot $3.90 | Rake $0.18 
Board [9s As Jd Kc 3c]
Seat 1: HubertusB (button) showed [Ac Ts] and won ($3.72) with a pair of Aces
Seat 2: boenser (small blind) showed [Th 7d] and lost with high card Ace
Seat 3: Odysseia (big blind) folded before Flop
Seat 4: Juraspl1 folded before Flop (didn't bet)
Seat 5: lemon262 folded before Flop (didn't bet)
Seat 6: myself10 folded before Flop (didn't bet)



PokerStars Zoom Hand #175927776988:  Hold'em No Limit ($0.05/$0.10) - 2017/09/21 20:48:07 CCT [2017/09/21 8:48:07 ET]
Table 'Aludra' 6-max Seat #1 is the button
Seat 1: TheKrawiec ($24.58 in chips) 
Seat 2: BankerL ($10.40 in chips) 
Seat 3: HubertusB ($10.51 in chips) 
Seat 4: combaday ($10.02 in chips) 
Seat 5: 26holdem27 ($4.83 in chips) 
Seat 6: Denny277 ($10.10 in chips) 
BankerL: posts small blind $0.05
HubertusB: posts big blind $0.10
*** HOLE CARDS ***
Dealt to HubertusB [7h Ts]
combaday: folds 
26holdem27: folds 
Denny277: raises $0.20 to $0.30
TheKrawiec: folds 
BankerL: folds 
HubertusB: folds 
Uncalled bet ($0.20) returned to Denny277
Denny277 collected $0.25 from pot
Denny277: doesn't show hand 
*** SUMMARY ***
Total pot $0.25 | Rake $0 
Seat 1: TheKrawiec (button) folded before Flop (didn't bet)
Seat 2: BankerL (small blind) folded before Flop
Seat 3: HubertusB (big blind) folded before Flop
Seat 4: combaday folded before Flop (didn't bet)
Seat 5: 26holdem27 folded before Flop (didn't bet)
Seat 6: Denny277 collected ($0.25)



PokerStars Zoom Hand #175927772867:  Hold'em No Limit ($0.05/$0.10) - 2017/09/21 20:47:58 CCT [2017/09/21 8:47:58 ET]
Table 'Aludra' 6-max Seat #1 is the button
Seat 1: Jas0nLee ($11.04 in chips) 
Seat 2: Vradik ($15.50 in chips) 
Seat 3: Mr.Sluger ($10 in chips) 
Seat 4: HubertusB ($10.51 in chips) 
Seat 5: ciceron86 ($10 in chips) 
Seat 6: Jus88_UA ($88.85 in chips) 
Vradik: posts small blind $0.05
Mr.Sluger: posts big blind $0.10
*** HOLE CARDS ***
Dealt to HubertusB [6h 4h]
HubertusB: folds 
ciceron86: folds 
Jus88_UA: calls $0.10
Jas0nLee: folds 
Vradik: folds 
Mr.Sluger: checks 
*** FLOP *** [Qc 9c Ah]
Mr.Sluger: checks 
Jus88_UA: checks 
*** TURN *** [Qc 9c Ah] [Jc]
Mr.Sluger: checks 
Jus88_UA: checks 
*** RIVER *** [Qc 9c Ah Jc] [7s]
Mr.Sluger: checks 
Jus88_UA: bets $0.12
Mr.Sluger: folds 
Uncalled bet ($0.12) returned to Jus88_UA
Jus88_UA collected $0.24 from pot
Jus88_UA: doesn't show hand 
*** SUMMARY ***
Total pot $0.25 | Rake $0.01 
Board [Qc 9c Ah Jc 7s]
Seat 1: Jas0nLee (button) folded before Flop (didn't bet)
Seat 2: Vradik (small blind) folded before Flop
Seat 3: Mr.Sluger (big blind) folded on the River
Seat 4: HubertusB folded before Flop (didn't bet)
Seat 5: ciceron86 folded before Flop (didn't bet)
Seat 6: Jus88_UA collected ($0.24)



PokerStars Zoom Hand #175927785241:  Hold'em No Limit ($0.05/$0.10) - 2017/09/21 20:48:25 CCT [2017/09/21 8:48:25 ET]
Table 'Aludra' 6-max Seat #1 is the button
Seat 1: RuffeEA ($25.34 in chips) 
Seat 2: HubertusB ($10.41 in chips) 
Seat 3: craig117 ($24.35 in chips) 
Seat 4: oneoar ($11.29 in chips) 
Seat 5: tomas9927 ($4.30 in chips) 
Seat 6: Vradik ($23.97 in chips) 
HubertusB: posts small blind $0.05
craig117: posts big blind $0.10
*** HOLE CARDS ***
Dealt to HubertusB [Jd Qs]
oneoar: folds 
tomas9927: raises $0.10 to $0.20
Vradik: folds 
RuffeEA: folds 
HubertusB: folds 
craig117: folds 
Uncalled bet ($0.10) returned to tomas9927
tomas9927 collected $0.25 from pot
tomas9927: doesn't show hand 
*** SUMMARY ***
Total pot $0.25 | Rake $0 
Seat 1: RuffeEA (button) folded before Flop (didn't bet)
Seat 2: HubertusB (small blind) folded before Flop
Seat 3: craig117 (big blind) folded before Flop
Seat 4: oneoar folded before Flop (didn't bet)
Seat 5: tomas9927 collected ($0.25)
Seat 6: Vradik folded before Flop (didn't bet)



PokerStars Zoom Hand #175927781617:  Hold'em No Limit ($0.05/$0.10) - 2017/09/21 20:48:17 CCT [2017/09/21 8:48:17 ET]
Table 'Aludra' 6-max Seat #1 is the button
Seat 1: RuffeEA ($23.55 in chips) 
Seat 2: kumefred ($11.84 in chips) 
Seat 3: @NeBro1993@ ($8.74 in chips) 
Seat 4: Oskarvit777 ($16.98 in chips) 
Seat 5: gomoj ($9.73 in chips) 
Seat 6: HubertusB ($10.41 in chips) 
kumefred: posts small blind $0.05
@NeBro1993@: posts big blind $0.10
*** HOLE CARDS ***
Dealt to HubertusB [Td Kh]
Oskarvit777: raises $0.20 to $0.30
gomoj: folds 
HubertusB: folds 
RuffeEA: folds 
kumefred: folds 
@NeBro1993@: calls $0.20
*** FLOP *** [8h 2s 2d]
@NeBro1993@: checks 
Oskarvit777: checks 
*** TURN *** [8h 2s 2d] [Tc]
@NeBro1993@: checks 
Oskarvit777: bets $0.40
@NeBro1993@: folds 
Uncalled bet ($0.40) returned to Oskarvit777
Oskarvit777 collected $0.62 from pot
Oskarvit777: doesn't show hand 
*** SUMMARY ***
Total pot $0.65 | Rake $0.03 
Board [8h 2s 2d Tc]
Seat 1: RuffeEA (button) folded before Flop (didn't bet)
Seat 2: kumefred (small blind) folded before Flop
Seat 3: @NeBro1993@ (big blind) folded on the Turn
Seat 4: Oskarvit777 collected ($0.62)
Seat 5: gomoj folded before Flop (didn't bet)
Seat 6: HubertusB folded before Flop (didn't bet)



PokerStars Zoom Hand #175927794512:  Hold'em No Limit ($0.05/$0.10) - 2017/09/21 20:48:45 CCT [2017/09/21 8:48:45 ET]
Table 'Aludra' 6-max Seat #1 is the button
Seat 1: HubertusB ($10.36 in chips) 
Seat 2: fff1d ($14.94 in chips) 
Seat 3: TeJIe|7y3uK ($9.95 in chips) 
Seat 4: sunSmit ($12.16 in chips) 
Seat 5: Dr. Gar1 ($5.27 in chips) 
Seat 6: gonaboi ($12.30 in chips) 
fff1d: posts small blind $0.05
TeJIe|7y3uK: posts big blind $0.10
*** HOLE CARDS ***
Dealt to HubertusB [Qh 6h]
sunSmit: folds 
Dr. Gar1: folds 
gonaboi: raises $0.13 to $0.23
HubertusB: folds 
fff1d: folds 
TeJIe|7y3uK: folds 
Uncalled bet ($0.13) returned to gonaboi
gonaboi collected $0.25 from pot
gonaboi: doesn't show hand 
*** SUMMARY ***
Total pot $0.25 | Rake $0 
Seat 1: HubertusB (button) folded before Flop (didn't bet)
Seat 2: fff1d (small blind) folded before Flop
Seat 3: TeJIe|7y3uK (big blind) folded before Flop
Seat 4: sunSmit folded before Flop (didn't bet)
Seat 5: Dr. Gar1 folded before Flop (didn't bet)
Seat 6: gonaboi collected ($0.25)



PokerStars Zoom Hand #175927791250:  Hold'em No Limit ($0.05/$0.10) - 2017/09/21 20:48:38 CCT [2017/09/21 8:48:38 ET]
Table 'Aludra' 6-max Seat #1 is the button
Seat 1: ivan1178 ($10.75 in chips) 
Seat 2: Inomiti ($2.59 in chips) 
Seat 3: jzl23 ($11.04 in chips) 
Seat 4: HubertusB ($10.36 in chips) 
Seat 5: qu96091028 ($10.94 in chips) 
Seat 6: Vlad2017761 ($36.76 in chips) 
Inomiti: posts small blind $0.05
jzl23: posts big blind $0.10
*** HOLE CARDS ***
Dealt to HubertusB [Qd 8d]
HubertusB: folds 
qu96091028: folds 
Vlad2017761: folds 
ivan1178: raises $0.10 to $0.20
Inomiti: folds 
jzl23: raises $0.60 to $0.80
ivan1178: folds 
Uncalled bet ($0.60) returned to jzl23
jzl23 collected $0.45 from pot
jzl23: doesn't show hand 
*** SUMMARY ***
Total pot $0.45 | Rake $0 
Seat 1: ivan1178 (button) folded before Flop
Seat 2: Inomiti (small blind) folded before Flop
Seat 3: jzl23 (big blind) collected ($0.45)
Seat 4: HubertusB folded before Flop (didn't bet)
Seat 5: qu96091028 folded before Flop (didn't bet)
Seat 6: Vlad2017761 folded before Flop (didn't bet)



PokerStars Zoom Hand #175927797735:  Hold'em No Limit ($0.05/$0.10) - 2017/09/21 20:48:52 CCT [2017/09/21 8:48:52 ET]
Table 'Aludra' 6-max Seat #1 is the button
Seat 1: mmelo4 ($10 in chips) 
Seat 2: fff1d ($20.18 in chips) 
Seat 3: 81denis81 ($10.15 in chips) 
Seat 4: 3DMINSK ($10 in chips) 
Seat 5: HubertusB ($10.36 in chips) 
Seat 6: richar888 ($5.92 in chips) 
fff1d: posts small blind $0.05
81denis81: posts big blind $0.10
*** HOLE CARDS ***
Dealt to HubertusB [Kc 9h]
3DMINSK: raises $0.20 to $0.30
HubertusB: folds 
richar888: folds 
mmelo4: folds 
fff1d: folds 
81denis81: folds 
Uncalled bet ($0.20) returned to 3DMINSK
3DMINSK collected $0.25 from pot
3DMINSK: doesn't show hand 
*** SUMMARY ***
Total pot $0.25 | Rake $0 
Seat 1: mmelo4 (button) folded before Flop (didn't bet)
Seat 2: fff1d (small blind) folded before Flop
Seat 3: 81denis81 (big blind) folded before Flop
Seat 4: 3DMINSK collected ($0.25)
Seat 5: HubertusB folded before Flop (didn't bet)
Seat 6: richar888 folded before Flop (didn't bet)



PokerStars Zoom Hand #175927800426:  Hold'em No Limit ($0.05/$0.10) - 2017/09/21 20:48:58 CCT [2017/09/21 8:48:58 ET]
Table 'Aludra' 6-max Seat #1 is the button
Seat 1: jhkarssen ($12.03 in chips) 
Seat 2: Csontika92 ($14.68 in chips) 
Seat 3: HubertusB ($10.36 in chips) 
Seat 4: pixel13 ($19.76 in chips) 
Seat 5: mrTitanoff ($4.70 in chips) 
Seat 6: Pepsiman487 ($8.20 in chips) 
Csontika92: posts small blind $0.05
HubertusB: posts big blind $0.10
*** HOLE CARDS ***
Dealt to HubertusB [4c 7c]
pixel13: folds 
mrTitanoff: folds 
Pepsiman487: folds 
jhkarssen: raises $0.14 to $0.24
Csontika92: folds 
HubertusB: raises $0.56 to $0.80
jhkarssen: calls $0.56
*** FLOP *** [7h 6d 2c]
HubertusB: bets $0.80
jhkarssen: calls $0.80
*** TURN *** [7h 6d 2c] [5s]
HubertusB: bets $2
jhkarssen: calls $2
*** RIVER *** [7h 6d 2c 5s] [6s]
HubertusB: checks 
jhkarssen: checks 
*** SHOW DOWN ***
HubertusB: shows [4c 7c] (two pair, Sevens and Sixes)
jhkarssen: shows [Qd Qs] (two pair, Queens and Sixes)
jhkarssen collected $6.92 from pot
*** SUMMARY ***
Total pot $7.25 | Rake $0.33 
Board [7h 6d 2c 5s 6s]
Seat 1: jhkarssen (button) showed [Qd Qs] and won ($6.92) with two pair, Queens and Sixes
Seat 2: Csontika92 (small blind) folded before Flop
Seat 3: HubertusB (big blind) showed [4c 7c] and lost with two pair, Sevens and Sixes
Seat 4: pixel13 folded before Flop (didn't bet)
Seat 5: mrTitanoff folded before Flop (didn't bet)
Seat 6: Pepsiman487 folded before Flop (didn't bet)



PokerStars Zoom Hand #175927845316:  Hold'em No Limit ($0.05/$0.10) - 2017/09/21 20:50:35 CCT [2017/09/21 8:50:35 ET]
Table 'Aludra' 6-max Seat #1 is the button
Seat 1: bommel186 ($18.21 in chips) 
Seat 2: HubertusB ($6.76 in chips) 
Seat 3: tehBlub ($10.23 in chips) 
Seat 4: gonaboi ($17.37 in chips) 
Seat 5: Koalamb12 ($14.51 in chips) 
Seat 6: craig117 ($5.86 in chips) 
HubertusB: posts small blind $0.05
tehBlub: posts big blind $0.10
*** HOLE CARDS ***
Dealt to HubertusB [2s 6s]
gonaboi: folds 
Koalamb12: raises $0.20 to $0.30
craig117: folds 
bommel186: folds 
HubertusB: folds 
tehBlub: folds 
Uncalled bet ($0.20) returned to Koalamb12
Koalamb12 collected $0.25 from pot
Koalamb12: doesn't show hand 
*** SUMMARY ***
Total pot $0.25 | Rake $0 
Seat 1: bommel186 (button) folded before Flop (didn't bet)
Seat 2: HubertusB (small blind) folded before Flop
Seat 3: tehBlub (big blind) folded before Flop
Seat 4: gonaboi folded before Flop (didn't bet)
Seat 5: Koalamb12 collected ($0.25)
Seat 6: craig117 folded before Flop (didn't bet)



PokerStars Zoom Hand #175927849022:  Hold'em No Limit ($0.05/$0.10) - 2017/09/21 20:50:43 CCT [2017/09/21 8:50:43 ET]
Table 'Aludra' 6-max Seat #1 is the button
Seat 1: HubertusB ($6.71 in chips) 
Seat 2: Chukleto ($7.71 in chips) 
Seat 3: 0322Riga ($9.85 in chips) 
Seat 4: grossyapro ($21.73 in chips) 
Seat 5: squirrel22tn ($10 in chips) 
Seat 6: kleidl1978 ($10.50 in chips) 
Chukleto: posts small blind $0.05
0322Riga: posts big blind $0.10
*** HOLE CARDS ***
Dealt to HubertusB [Tc 3s]
grossyapro: folds 
squirrel22tn: folds 
kleidl1978: folds 
HubertusB: folds 
Chukleto: folds 
Uncalled bet ($0.05) returned to 0322Riga
0322Riga collected $0.10 from pot
0322Riga: doesn't show hand 
*** SUMMARY ***
Total pot $0.10 | Rake $0 
Seat 1: HubertusB (button) folded before Flop (didn't bet)
Seat 2: Chukleto (small blind) folded before Flop
Seat 3: 0322Riga (big blind) collected ($0.10)
Seat 4: grossyapro folded before Flop (didn't bet)
Seat 5: squirrel22tn folded before Flop (didn't bet)
Seat 6: kleidl1978 folded before Flop (didn't bet)



PokerStars Zoom Hand #175927842469:  Hold'em No Limit ($0.05/$0.10) - 2017/09/21 20:50:29 CCT [2017/09/21 8:50:29 ET]
Table 'Aludra' 6-max Seat #1 is the button
Seat 1: Ic€Rink ($9.50 in chips) 
Seat 2: RoMaTa-BaBy ($11.96 in chips) 
Seat 3: kokostav ($10.64 in chips) 
Seat 4: LingXY ($17.12 in chips) 
Seat 5: ciceron86 ($10.56 in chips) 
Seat 6: HubertusB ($6.76 in chips) 
RoMaTa-BaBy: posts small blind $0.05
kokostav: posts big blind $0.10
*** HOLE CARDS ***
Dealt to HubertusB [4c Qs]
LingXY: folds 
ciceron86: folds 
HubertusB: folds 
Ic€Rink: raises $0.13 to $0.23
RoMaTa-BaBy: raises $0.56 to $0.79
kokostav: folds 
Ic€Rink: calls $0.56
*** FLOP *** [7h 5h 2h]
RoMaTa-BaBy: bets $0.80
Ic€Rink: folds 
Uncalled bet ($0.80) returned to RoMaTa-BaBy
RoMaTa-BaBy collected $1.60 from pot
RoMaTa-BaBy: doesn't show hand 
*** SUMMARY ***
Total pot $1.68 | Rake $0.08 
Board [7h 5h 2h]
Seat 1: Ic€Rink (button) folded on the Flop
Seat 2: RoMaTa-BaBy (small blind) collected ($1.60)
Seat 3: kokostav (big blind) folded before Flop
Seat 4: LingXY folded before Flop (didn't bet)
Seat 5: ciceron86 folded before Flop (didn't bet)
Seat 6: HubertusB folded before Flop (didn't bet)



PokerStars Zoom Hand #175927851367:  Hold'em No Limit ($0.05/$0.10) - 2017/09/21 20:50:48 CCT [2017/09/21 8:50:48 ET]
Table 'Aludra' 6-max Seat #1 is the button
Seat 1: Ulan-Ude 25 ($10 in chips) 
Seat 2: Araj Moon ($57.37 in chips) 
Seat 3: KAK BOG PLAY ($35.72 in chips) 
Seat 4: HubertusB ($6.71 in chips) 
Seat 5: rige0pons ($10 in chips) 
Seat 6: zl473r ($10.45 in chips) 
Araj Moon: posts small blind $0.05
KAK BOG PLAY: posts big blind $0.10
*** HOLE CARDS ***
Dealt to HubertusB [Ac 5s]
HubertusB: folds 
rige0pons: folds 
zl473r: raises $0.20 to $0.30
Ulan-Ude 25: folds 
Araj Moon: folds 
KAK BOG PLAY: folds 
Uncalled bet ($0.20) returned to zl473r
zl473r collected $0.25 from pot
zl473r: doesn't show hand 
*** SUMMARY ***
Total pot $0.25 | Rake $0 
Seat 1: Ulan-Ude 25 (button) folded before Flop (didn't bet)
Seat 2: Araj Moon (small blind) folded before Flop
Seat 3: KAK BOG PLAY (big blind) folded before Flop
Seat 4: HubertusB folded before Flop (didn't bet)
Seat 5: rige0pons folded before Flop (didn't bet)
Seat 6: zl473r collected ($0.25)



PokerStars Zoom Hand #175927857892:  Hold'em No Limit ($0.05/$0.10) - 2017/09/21 20:51:02 CCT [2017/09/21 8:51:02 ET]
Table 'Aludra' 6-max Seat #1 is the button
Seat 1: BankerL ($11.16 in chips) 
Seat 2: 3DMINSK ($10.05 in chips) 
Seat 3: HubertusB ($6.71 in chips) 
Seat 4: Kimovich 14 ($7.12 in chips) 
Seat 5: Ulan-Ude 25 ($10 in chips) 
Seat 6: yeyq ($10 in chips) 
3DMINSK: posts small blind $0.05
HubertusB: posts big blind $0.10
*** HOLE CARDS ***
Dealt to HubertusB [6c 6d]
Kimovich 14: folds 
Ulan-Ude 25: folds 
yeyq: folds 
BankerL: folds 
3DMINSK: folds 
Uncalled bet ($0.05) returned to HubertusB
HubertusB collected $0.10 from pot
HubertusB: doesn't show hand 
*** SUMMARY ***
Total pot $0.10 | Rake $0 
Seat 1: BankerL (button) folded before Flop (didn't bet)
Seat 2: 3DMINSK (small blind) folded before Flop
Seat 3: HubertusB (big blind) collected ($0.10)
Seat 4: Kimovich 14 folded before Flop (didn't bet)
Seat 5: Ulan-Ude 25 folded before Flop (didn't bet)
Seat 6: yeyq folded before Flop (didn't bet)



PokerStars Zoom Hand #175927855074:  Hold'em No Limit ($0.05/$0.10) - 2017/09/21 20:50:56 CCT [2017/09/21 8:50:56 ET]
Table 'Aludra' 6-max Seat #1 is the button
Seat 1: Ramen9 ($5.43 in chips) 
Seat 2: 5k0v ($8.16 in chips) 
Seat 3: WhiteDeath55 ($10.27 in chips) 
Seat 4: StanWaw ($11.74 in chips) 
Seat 5: HubertusB ($6.71 in chips) 
Seat 6: jason032323 ($10.15 in chips) 
5k0v: posts small blind $0.05
WhiteDeath55: posts big blind $0.10
*** HOLE CARDS ***
Dealt to HubertusB [Jd 3s]
StanWaw: folds 
HubertusB: folds 
jason032323: folds 
Ramen9: folds 
5k0v: raises $0.20 to $0.30
WhiteDeath55: calls $0.20
*** FLOP *** [2h 2s 5c]
5k0v: checks 
WhiteDeath55: checks 
*** TURN *** [2h 2s 5c] [Js]
5k0v: bets $0.40
WhiteDeath55: folds 
Uncalled bet ($0.40) returned to 5k0v
5k0v collected $0.57 from pot
5k0v: doesn't show hand 
*** SUMMARY ***
Total pot $0.60 | Rake $0.03 
Board [2h 2s 5c Js]
Seat 1: Ramen9 (button) folded before Flop (didn't bet)
Seat 2: 5k0v (small blind) collected ($0.57)
Seat 3: WhiteDeath55 (big blind) folded on the Turn
Seat 4: StanWaw folded before Flop (didn't bet)
Seat 5: HubertusB folded before Flop (didn't bet)
Seat 6: jason032323 folded before Flop (didn't bet)



PokerStars Zoom Hand #175927862566:  Hold'em No Limit ($0.05/$0.10) - 2017/09/21 20:51:12 CCT [2017/09/21 8:51:12 ET]
Table 'Aludra' 6-max Seat #1 is the button
Seat 1: gonaboi ($17.42 in chips) 
Seat 2: geliond ($10.05 in chips) 
Seat 3: zainaz ($10.83 in chips) 
Seat 4: vandervan971 ($16.19 in chips) 
Seat 5: verotké ($15.05 in chips) 
Seat 6: HubertusB ($6.76 in chips) 
geliond: posts small blind $0.05
zainaz: posts big blind $0.10
*** HOLE CARDS ***
Dealt to HubertusB [3s Ts]
vandervan971: folds 
verotké: folds 
HubertusB: raises $0.20 to $0.30
gonaboi: folds 
geliond: calls $0.25
zainaz: folds 
*** FLOP *** [Qd 9c Kc]
geliond: bets $0.40
HubertusB: raises $0.70 to $1.10
geliond: raises $8.65 to $9.75 and is all-in
HubertusB: folds 
Uncalled bet ($8.65) returned to geliond
geliond collected $2.77 from pot
geliond: doesn't show hand 
*** SUMMARY ***
Total pot $2.90 | Rake $0.13 
Board [Qd 9c Kc]
Seat 1: gonaboi (button) folded before Flop (didn't bet)
Seat 2: geliond (small blind) collected ($2.77)
Seat 3: zainaz (big blind) folded before Flop
Seat 4: vandervan971 folded before Flop (didn't bet)
Seat 5: verotké folded before Flop (didn't bet)
Seat 6: HubertusB folded on the Flop



PokerStars Zoom Hand #175927885336:  Hold'em No Limit ($0.05/$0.10) - 2017/09/21 20:52:01 CCT [2017/09/21 8:52:01 ET]
Table 'Aludra' 6-max Seat #1 is the button
Seat 1: gurkovmtt ($10 in chips) 
Seat 2: sl1n555 ($12.23 in chips) 
Seat 3: 3DMINSK ($12.84 in chips) 
Seat 4: Corwin.CZE ($11.45 in chips) 
Seat 5: HubertusB ($5.36 in chips) 
Seat 6: geliond ($10.81 in chips) 
sl1n555: posts small blind $0.05
3DMINSK: posts big blind $0.10
*** HOLE CARDS ***
Dealt to HubertusB [7h Jc]
Corwin.CZE: folds 
HubertusB: folds 
geliond: raises $0.10 to $0.20
gurkovmtt: folds 
sl1n555: folds 
3DMINSK: folds 
Uncalled bet ($0.10) returned to geliond
geliond collected $0.25 from pot
geliond: doesn't show hand 
*** SUMMARY ***
Total pot $0.25 | Rake $0 
Seat 1: gurkovmtt (button) folded before Flop (didn't bet)
Seat 2: sl1n555 (small blind) folded before Flop
Seat 3: 3DMINSK (big blind) folded before Flop
Seat 4: Corwin.CZE folded before Flop (didn't bet)
Seat 5: HubertusB folded before Flop (didn't bet)
Seat 6: geliond collected ($0.25)



PokerStars Zoom Hand #175927895142:  Hold'em No Limit ($0.05/$0.10) - 2017/09/21 20:52:22 CCT [2017/09/21 8:52:22 ET]
Table 'Aludra' 6-max Seat #1 is the button
Seat 1: Riverluckyem ($10 in chips) 
Seat 2: MiddleLittle ($11.52 in chips) 
Seat 3: xountikos ($9.88 in chips) 
Seat 4: serrrjio ($12.62 in chips) 
Seat 5: wwigrok79 ($10.32 in chips) 
Seat 6: HubertusB ($5.31 in chips) 
MiddleLittle: posts small blind $0.05
xountikos: posts big blind $0.10
*** HOLE CARDS ***
Dealt to HubertusB [Qd Jc]
serrrjio: folds 
wwigrok79: folds 
HubertusB: raises $0.20 to $0.30
Riverluckyem: calls $0.30
MiddleLittle: raises $1 to $1.30
xountikos: folds 
HubertusB: folds 
Riverluckyem: folds 
Uncalled bet ($1) returned to MiddleLittle
MiddleLittle collected $1 from pot
MiddleLittle: doesn't show hand 
*** SUMMARY ***
Total pot $1 | Rake $0 
Seat 1: Riverluckyem (button) folded before Flop
Seat 2: MiddleLittle (small blind) collected ($1)
Seat 3: xountikos (big blind) folded before Flop
Seat 4: serrrjio folded before Flop (didn't bet)
Seat 5: wwigrok79 folded before Flop (didn't bet)
Seat 6: HubertusB folded before Flop



PokerStars Zoom Hand #175927887593:  Hold'em No Limit ($0.05/$0.10) - 2017/09/21 20:52:06 CCT [2017/09/21 8:52:06 ET]
Table 'Aludra' 6-max Seat #1 is the button
Seat 1: alex22is ($26.16 in chips) 
Seat 2: HubertusB ($5.36 in chips) 
Seat 3: KAK BOG PLAY ($52.02 in chips) 
Seat 4: nnVinokurov ($10.01 in chips) 
Seat 5: hososin ($16.31 in chips) 
Seat 6: saleriver ($10 in chips) 
HubertusB: posts small blind $0.05
KAK BOG PLAY: posts big blind $0.10
*** HOLE CARDS ***
Dealt to HubertusB [3s Ts]
nnVinokurov: folds 
hososin: folds 
saleriver: raises $0.15 to $0.25
alex22is: calls $0.25
HubertusB: folds 
KAK BOG PLAY: folds 
*** FLOP *** [As Td 6h]
saleriver: bets $0.31
alex22is: calls $0.31
*** TURN *** [As Td 6h] [8d]
saleriver: bets $0.61
alex22is: calls $0.61
*** RIVER *** [As Td 6h 8d] [6d]
saleriver: checks 
alex22is: checks 
*** SHOW DOWN ***
saleriver: shows [9s 7s] (a straight, Six to Ten)
alex22is: mucks hand 
saleriver collected $2.38 from pot
*** SUMMARY ***
Total pot $2.49 | Rake $0.11 
Board [As Td 6h 8d 6d]
Seat 1: alex22is (button) mucked [Js Th]
Seat 2: HubertusB (small blind) folded before Flop
Seat 3: KAK BOG PLAY (big blind) folded before Flop
Seat 4: nnVinokurov folded before Flop (didn't bet)
Seat 5: hososin folded before Flop (didn't bet)
Seat 6: saleriver showed [9s 7s] and won ($2.38) with a straight, Six to Ten



PokerStars Zoom Hand #175927881645:  Hold'em No Limit ($0.05/$0.10) - 2017/09/21 20:51:53 CCT [2017/09/21 8:51:53 ET]
Table 'Aludra' 6-max Seat #1 is the button
Seat 1: HubertusB ($5.36 in chips) 
Seat 2: CheckReissu ($13.17 in chips) 
Seat 3: KDB840 ($6 in chips) 
Seat 4: DRUG570 ($10.64 in chips) 
Seat 5: rige0pons ($10.20 in chips) 
Seat 6: DJUS NL ($10.38 in chips) 
CheckReissu: posts small blind $0.05
KDB840: posts big blind $0.10
*** HOLE CARDS ***
Dealt to HubertusB [7d 3s]
DRUG570: raises $0.20 to $0.30
rige0pons: folds 
DJUS NL: folds 
HubertusB: folds 
CheckReissu: calls $0.25
KDB840: folds 
*** FLOP *** [7s 4c 9s]
CheckReissu: checks 
DRUG570: bets $0.30
CheckReissu: calls $0.30
*** TURN *** [7s 4c 9s] [Ks]
CheckReissu: checks 
DRUG570: bets $0.60
CheckReissu: calls $0.60
*** RIVER *** [7s 4c 9s Ks] [Ad]
CheckReissu: checks 
DRUG570: bets $2.40
CheckReissu: folds 
Uncalled bet ($2.40) returned to DRUG570
DRUG570 collected $2.39 from pot
DRUG570: doesn't show hand 
*** SUMMARY ***
Total pot $2.50 | Rake $0.11 
Board [7s 4c 9s Ks Ad]
Seat 1: HubertusB (button) folded before Flop (didn't bet)
Seat 2: CheckReissu (small blind) folded on the River
Seat 3: KDB840 (big blind) folded before Flop
Seat 4: DRUG570 collected ($2.39)
Seat 5: rige0pons folded before Flop (didn't bet)
Seat 6: DJUS NL folded before Flop (didn't bet)



PokerStars Zoom Hand #175927903160:  Hold'em No Limit ($0.05/$0.10) - 2017/09/21 20:52:39 CCT [2017/09/21 8:52:39 ET]
Table 'Aludra' 6-max Seat #1 is the button
Seat 1: invincy ($10 in chips) 
Seat 2: Laeyz7 ($10 in chips) 
Seat 3: HubertusB ($5.01 in chips) 
Seat 4: yorkng ($19.37 in chips) 
Seat 5: wayfarer629 ($9.76 in chips) 
Seat 6: 3DMINSK ($11.72 in chips) 
Laeyz7: posts small blind $0.05
HubertusB: posts big blind $0.10
*** HOLE CARDS ***
Dealt to HubertusB [Ac Ts]
yorkng: folds 
wayfarer629: folds 
3DMINSK: folds 
invincy: raises $0.15 to $0.25
Laeyz7: folds 
HubertusB: calls $0.15
*** FLOP *** [8c Th 3c]
HubertusB: checks 
invincy: bets $0.28
HubertusB: calls $0.28
*** TURN *** [8c Th 3c] [4h]
HubertusB: checks 
invincy: bets $0.80
HubertusB: raises $3.68 to $4.48 and is all-in
invincy: folds 
Uncalled bet ($3.68) returned to HubertusB
HubertusB collected $2.59 from pot
HubertusB: doesn't show hand 
*** SUMMARY ***
Total pot $2.71 | Rake $0.12 
Board [8c Th 3c 4h]
Seat 1: invincy (button) folded on the Turn
Seat 2: Laeyz7 (small blind) folded before Flop
Seat 3: HubertusB (big blind) collected ($2.59)
Seat 4: yorkng folded before Flop (didn't bet)
Seat 5: wayfarer629 folded before Flop (didn't bet)
Seat 6: 3DMINSK folded before Flop (didn't bet)



PokerStars Zoom Hand #175927935886:  Hold'em No Limit ($0.05/$0.10) - 2017/09/21 20:53:49 CCT [2017/09/21 8:53:49 ET]
Table 'Aludra' 6-max Seat #1 is the button
Seat 1: bommel186 ($23.79 in chips) 
Seat 2: HubertusB ($6.27 in chips) 
Seat 3: tehBlub ($10.76 in chips) 
Seat 4: Ramis30 ($52.51 in chips) 
Seat 5: RuffeEA ($24.78 in chips) 
Seat 6: verotké ($14.22 in chips) 
HubertusB: posts small blind $0.05
tehBlub: posts big blind $0.10
*** HOLE CARDS ***
Dealt to HubertusB [Td 3s]
Ramis30: folds 
RuffeEA: folds 
verotké: folds 
bommel186: folds 
HubertusB: folds 
Uncalled bet ($0.05) returned to tehBlub
tehBlub collected $0.10 from pot
tehBlub: doesn't show hand 
*** SUMMARY ***
Total pot $0.10 | Rake $0 
Seat 1: bommel186 (button) folded before Flop (didn't bet)
Seat 2: HubertusB (small blind) folded before Flop
Seat 3: tehBlub (big blind) collected ($0.10)
Seat 4: Ramis30 folded before Flop (didn't bet)
Seat 5: RuffeEA folded before Flop (didn't bet)
Seat 6: verotké folded before Flop (didn't bet)



PokerStars Zoom Hand #175927938240:  Hold'em No Limit ($0.05/$0.10) - 2017/09/21 20:53:54 CCT [2017/09/21 8:53:54 ET]
Table 'Aludra' 6-max Seat #1 is the button
Seat 1: Iglor ($6.70 in chips) 
Seat 2: wwfzfjiv ($12.11 in chips) 
Seat 3: DariusDiver ($16.14 in chips) 
Seat 4: HubertusB ($6.22 in chips) 
Seat 5: Koalamb12 ($25.23 in chips) 
Seat 6: zhoskiinoob ($10.98 in chips) 
wwfzfjiv: posts small blind $0.05
DariusDiver: posts big blind $0.10
*** HOLE CARDS ***
Dealt to HubertusB [4h 6h]
HubertusB: folds 
Koalamb12: folds 
zhoskiinoob: folds 
Iglor: folds 
wwfzfjiv: folds 
Uncalled bet ($0.05) returned to DariusDiver
DariusDiver collected $0.10 from pot
DariusDiver: doesn't show hand 
*** SUMMARY ***
Total pot $0.10 | Rake $0 
Seat 1: Iglor (button) folded before Flop (didn't bet)
Seat 2: wwfzfjiv (small blind) folded before Flop
Seat 3: DariusDiver (big blind) collected ($0.10)
Seat 4: HubertusB folded before Flop (didn't bet)
Seat 5: Koalamb12 folded before Flop (didn't bet)
Seat 6: zhoskiinoob folded before Flop (didn't bet)



PokerStars Zoom Hand #175927933551:  Hold'em No Limit ($0.05/$0.10) - 2017/09/21 20:53:44 CCT [2017/09/21 8:53:44 ET]
Table 'Aludra' 6-max Seat #1 is the button
Seat 1: hososin ($13.67 in chips) 
Seat 2: ilo7891 ($15.18 in chips) 
Seat 3: Toxa512 ($10 in chips) 
Seat 4: radorusher ($13.53 in chips) 
Seat 5: HubertusB ($6.27 in chips) 
Seat 6: Chukleto ($7.51 in chips) 
ilo7891: posts small blind $0.05
Toxa512: posts big blind $0.10
*** HOLE CARDS ***
Dealt to HubertusB [Td 3d]
radorusher has timed out
radorusher: folds 
HubertusB: folds 
Chukleto: folds 
hososin: folds 
ilo7891: folds 
Uncalled bet ($0.05) returned to Toxa512
Toxa512 collected $0.10 from pot
Toxa512: doesn't show hand 
*** SUMMARY ***
Total pot $0.10 | Rake $0 
Seat 1: hososin (button) folded before Flop (didn't bet)
Seat 2: ilo7891 (small blind) folded before Flop
Seat 3: Toxa512 (big blind) collected ($0.10)
Seat 4: radorusher folded before Flop (didn't bet)
Seat 5: HubertusB folded before Flop (didn't bet)
Seat 6: Chukleto folded before Flop (didn't bet)



PokerStars Zoom Hand #175927945159:  Hold'em No Limit ($0.05/$0.10) - 2017/09/21 20:54:09 CCT [2017/09/21 8:54:09 ET]
Table 'Aludra' 6-max Seat #1 is the button
Seat 1: Statulis ($8.77 in chips) 
Seat 2: ciceron86 ($11.17 in chips) 
Seat 3: xandrrro ($31.06 in chips) 
Seat 4: HubertusB ($6.22 in chips) 
Seat 5: ken500uk ($22.39 in chips) 
Seat 6: 81denis81 ($11.64 in chips) 
ciceron86: posts small blind $0.05
xandrrro: posts big blind $0.10
*** HOLE CARDS ***
Dealt to HubertusB [Ac 5c]
HubertusB: raises $0.20 to $0.30
ken500uk: folds 
81denis81: folds 
Statulis: folds 
ciceron86: folds 
xandrrro: folds 
Uncalled bet ($0.20) returned to HubertusB
HubertusB collected $0.25 from pot
HubertusB: doesn't show hand 
*** SUMMARY ***
Total pot $0.25 | Rake $0 
Seat 1: Statulis (button) folded before Flop (didn't bet)
Seat 2: ciceron86 (small blind) folded before Flop
Seat 3: xandrrro (big blind) folded before Flop
Seat 4: HubertusB collected ($0.25)
Seat 5: ken500uk folded before Flop (didn't bet)
Seat 6: 81denis81 folded before Flop (didn't bet)



PokerStars Zoom Hand #175927940539:  Hold'em No Limit ($0.05/$0.10) - 2017/09/21 20:53:59 CCT [2017/09/21 8:53:59 ET]
Table 'Aludra' 6-max Seat #1 is the button
Seat 1: HubertusB ($6.22 in chips) 
Seat 2: gonaboi ($17.54 in chips) 
Seat 3: bommel186 ($23.79 in chips) 
Seat 4: tomsal0157 ($7.15 in chips) 
Seat 5: kairòs ($6.12 in chips) 
Seat 6: nicorambo8 ($7.48 in chips) 
gonaboi: posts small blind $0.05
bommel186: posts big blind $0.10
*** HOLE CARDS ***
Dealt to HubertusB [8d Kc]
tomsal0157: folds 
kairòs: folds 
nicorambo8: calls $0.10
HubertusB: folds 
gonaboi: folds 
bommel186: checks 
*** FLOP *** [5h 6h Qh]
bommel186: checks 
nicorambo8: checks 
*** TURN *** [5h 6h Qh] [Qc]
bommel186: checks 
nicorambo8: bets $0.10
bommel186: folds 
Uncalled bet ($0.10) returned to nicorambo8
nicorambo8 collected $0.24 from pot
nicorambo8: doesn't show hand 
*** SUMMARY ***
Total pot $0.25 | Rake $0.01 
Board [5h 6h Qh Qc]
Seat 1: HubertusB (button) folded before Flop (didn't bet)
Seat 2: gonaboi (small blind) folded before Flop
Seat 3: bommel186 (big blind) folded on the Turn
Seat 4: tomsal0157 folded before Flop (didn't bet)
Seat 5: kairòs folded before Flop (didn't bet)
Seat 6: nicorambo8 collected ($0.24)



PokerStars Zoom Hand #175927955931:  Hold'em No Limit ($0.05/$0.10) - 2017/09/21 20:54:32 CCT [2017/09/21 8:54:32 ET]
Table 'Aludra' 6-max Seat #1 is the button
Seat 1: HubertusB ($6.27 in chips) 
Seat 2: SODA1948 ($6.15 in chips) 
Seat 3: focxovi ($19.99 in chips) 
Seat 4: I_unix144 ($19.96 in chips) 
Seat 5: ViktorTsoy11 ($13.91 in chips) 
Seat 6: Retr-NSK ($7.17 in chips) 
SODA1948: posts small blind $0.05
focxovi: posts big blind $0.10
*** HOLE CARDS ***
Dealt to HubertusB [As Kh]
I_unix144: folds 
ViktorTsoy11: folds 
Retr-NSK: folds 
HubertusB: raises $0.20 to $0.30
SODA1948: folds 
focxovi: folds 
Uncalled bet ($0.20) returned to HubertusB
HubertusB collected $0.25 from pot
HubertusB: doesn't show hand 
*** SUMMARY ***
Total pot $0.25 | Rake $0 
Seat 1: HubertusB (button) collected ($0.25)
Seat 2: SODA1948 (small blind) folded before Flop
Seat 3: focxovi (big blind) folded before Flop
Seat 4: I_unix144 folded before Flop (didn't bet)
Seat 5: ViktorTsoy11 folded before Flop (didn't bet)
Seat 6: Retr-NSK folded before Flop (didn't bet)



PokerStars Zoom Hand #175927962358:  Hold'em No Limit ($0.05/$0.10) - 2017/09/21 20:54:46 CCT [2017/09/21 8:54:46 ET]
Table 'Aludra' 6-max Seat #1 is the button
Seat 1: omg_mpareros ($11.52 in chips) 
Seat 2: arcticsyr ($10.35 in chips) 
Seat 3: babash61 ($11.11 in chips) 
Seat 4: pstyle111 ($11.42 in chips) 
Seat 5: xmzok012 ($19.22 in chips) 
Seat 6: HubertusB ($6.42 in chips) 
arcticsyr: posts small blind $0.05
babash61: posts big blind $0.10
*** HOLE CARDS ***
Dealt to HubertusB [5d 4h]
pstyle111: folds 
xmzok012: folds 
HubertusB: folds 
omg_mpareros: raises $0.10 to $0.20
arcticsyr: folds 
babash61: folds 
Uncalled bet ($0.10) returned to omg_mpareros
omg_mpareros collected $0.25 from pot
omg_mpareros: doesn't show hand 
*** SUMMARY ***
Total pot $0.25 | Rake $0 
Seat 1: omg_mpareros (button) collected ($0.25)
Seat 2: arcticsyr (small blind) folded before Flop
Seat 3: babash61 (big blind) folded before Flop
Seat 4: pstyle111 folded before Flop (didn't bet)
Seat 5: xmzok012 folded before Flop (didn't bet)
Seat 6: HubertusB folded before Flop (didn't bet)



PokerStars Zoom Hand #175927952219:  Hold'em No Limit ($0.05/$0.10) - 2017/09/21 20:54:24 CCT [2017/09/21 8:54:24 ET]
Table 'Aludra' 6-max Seat #1 is the button
Seat 1: KAK BOG PLAY ($27.25 in chips) 
Seat 2: zdxlzzf ($32.31 in chips) 
Seat 3: HubertusB ($6.37 in chips) 
Seat 4: I_unix144 ($12.28 in chips) 
Seat 5: Piqzer ($10.35 in chips) 
Seat 6: Koalamb12 ($25.18 in chips) 
zdxlzzf: posts small blind $0.05
HubertusB: posts big blind $0.10
*** HOLE CARDS ***
Dealt to HubertusB [9s Kh]
I_unix144: folds 
Piqzer: raises $0.20 to $0.30
Koalamb12: folds 
KAK BOG PLAY: folds 
zdxlzzf: calls $0.25
HubertusB: folds 
*** FLOP *** [4h Ts 3d]
zdxlzzf: checks 
Piqzer: bets $0.52
zdxlzzf: calls $0.52
*** TURN *** [4h Ts 3d] [9h]
zdxlzzf: checks 
Piqzer: bets $1.29
zdxlzzf: calls $1.29
*** RIVER *** [4h Ts 3d 9h] [4d]
zdxlzzf: checks 
Piqzer: bets $2.70
zdxlzzf: folds 
Uncalled bet ($2.70) returned to Piqzer
Piqzer collected $4.13 from pot
Piqzer: doesn't show hand 
*** SUMMARY ***
Total pot $4.32 | Rake $0.19 
Board [4h Ts 3d 9h 4d]
Seat 1: KAK BOG PLAY (button) folded before Flop (didn't bet)
Seat 2: zdxlzzf (small blind) folded on the River
Seat 3: HubertusB (big blind) folded before Flop
Seat 4: I_unix144 folded before Flop (didn't bet)
Seat 5: Piqzer collected ($4.13)
Seat 6: Koalamb12 folded before Flop (didn't bet)



PokerStars Zoom Hand #175927965722:  Hold'em No Limit ($0.05/$0.10) - 2017/09/21 20:54:53 CCT [2017/09/21 8:54:53 ET]
Table 'Aludra' 6-max Seat #1 is the button
Seat 1: babash61 ($10 in chips) 
Seat 2: HubertusB ($6.42 in chips) 
Seat 3: archerv13 ($18.73 in chips) 
Seat 4: nandy0312 ($13.81 in chips) 
Seat 5: Hayoterkinovich ($15.39 in chips) 
Seat 6: Nargoud ($5.18 in chips) 
HubertusB: posts small blind $0.05
archerv13: posts big blind $0.10
*** HOLE CARDS ***
Dealt to HubertusB [Ks 6s]
nandy0312: folds 
Hayoterkinovich: folds 
Nargoud: folds 
babash61: folds 
HubertusB: raises $0.23 to $0.33
archerv13: folds 
Uncalled bet ($0.23) returned to HubertusB
HubertusB collected $0.20 from pot
HubertusB: doesn't show hand 
*** SUMMARY ***
Total pot $0.20 | Rake $0 
Seat 1: babash61 (button) folded before Flop (didn't bet)
Seat 2: HubertusB (small blind) collected ($0.20)
Seat 3: archerv13 (big blind) folded before Flop
Seat 4: nandy0312 folded before Flop (didn't bet)
Seat 5: Hayoterkinovich folded before Flop (didn't bet)
Seat 6: Nargoud folded before Flop (didn't bet)



