PokerStars Zoom Hand #175925766993:  Hold'em No Limit ($0.05/$0.10) - 2017/09/21 19:29:58 CCT [2017/09/21 7:29:58 ET]
Table 'Aludra' 6-max Seat #1 is the button
Seat 1: GIBraag ($10 in chips) 
Seat 2: HebeFans ($10.64 in chips) 
Seat 3: HubertusB ($10 in chips) 
Seat 4: babash61 ($12.51 in chips) 
Seat 5: fantasyluo ($13.95 in chips) 
Seat 6: nimselpinsel ($9.72 in chips) 
HebeFans: posts small blind $0.05
HubertusB: posts big blind $0.10
*** HOLE CARDS ***
Dealt to HubertusB [3h 4c]
babash61: folds 
fantasyluo: folds 
nimselpinsel: folds 
GIBraag: folds 
HebeFans: folds 
Uncalled bet ($0.05) returned to HubertusB
HubertusB collected $0.10 from pot
HubertusB: doesn't show hand 
*** SUMMARY ***
Total pot $0.10 | Rake $0 
Seat 1: GIBraag (button) folded before Flop (didn't bet)
Seat 2: HebeFans (small blind) folded before Flop
Seat 3: HubertusB (big blind) collected ($0.10)
Seat 4: babash61 folded before Flop (didn't bet)
Seat 5: fantasyluo folded before Flop (didn't bet)
Seat 6: nimselpinsel folded before Flop (didn't bet)



PokerStars Zoom Hand #175925770610:  Hold'em No Limit ($0.05/$0.10) - 2017/09/21 19:30:07 CCT [2017/09/21 7:30:07 ET]
Table 'Aludra' 6-max Seat #1 is the button
Seat 1: wieisdaar ($10 in chips) 
Seat 2: HubertusB ($10.05 in chips) 
Seat 3: 3DMINSK ($10 in chips) 
Seat 4: OtiNaNailol ($16.74 in chips) 
Seat 5: HebeFans ($10.16 in chips) 
Seat 6: rige0pons ($10.05 in chips) 
HubertusB: posts small blind $0.05
3DMINSK: posts big blind $0.10
*** HOLE CARDS ***
Dealt to HubertusB [2h Js]
OtiNaNailol: folds 
HebeFans: folds 
rige0pons: raises $0.20 to $0.30
wieisdaar: folds 
HubertusB: folds 
3DMINSK: folds 
Uncalled bet ($0.20) returned to rige0pons
rige0pons collected $0.25 from pot
rige0pons: doesn't show hand 
*** SUMMARY ***
Total pot $0.25 | Rake $0 
Seat 1: wieisdaar (button) folded before Flop (didn't bet)
Seat 2: HubertusB (small blind) folded before Flop
Seat 3: 3DMINSK (big blind) folded before Flop
Seat 4: OtiNaNailol folded before Flop (didn't bet)
Seat 5: HebeFans folded before Flop (didn't bet)
Seat 6: rige0pons collected ($0.25)



PokerStars Zoom Hand #175925781407:  Hold'em No Limit ($0.05/$0.10) - 2017/09/21 19:30:34 CCT [2017/09/21 7:30:34 ET]
Table 'Aludra' 6-max Seat #1 is the button
Seat 1: Dm-ka777 ($5.43 in chips) 
Seat 2: 81denis81 ($12.19 in chips) 
Seat 3: hurok2 ($16.99 in chips) 
Seat 4: fizzlik ($16.89 in chips) 
Seat 5: HubertusB ($10 in chips) 
Seat 6: 72hands ($9.80 in chips) 
81denis81: posts small blind $0.05
hurok2: posts big blind $0.10
*** HOLE CARDS ***
Dealt to HubertusB [4c 7d]
fizzlik: folds 
HubertusB: folds 
72hands: folds 
Dm-ka777: raises $0.15 to $0.25
81denis81: raises $0.60 to $0.85
hurok2: folds 
Dm-ka777: folds 
Uncalled bet ($0.60) returned to 81denis81
81denis81 collected $0.60 from pot
81denis81: doesn't show hand 
*** SUMMARY ***
Total pot $0.60 | Rake $0 
Seat 1: Dm-ka777 (button) folded before Flop
Seat 2: 81denis81 (small blind) collected ($0.60)
Seat 3: hurok2 (big blind) folded before Flop
Seat 4: fizzlik folded before Flop (didn't bet)
Seat 5: HubertusB folded before Flop (didn't bet)
Seat 6: 72hands folded before Flop (didn't bet)



PokerStars Zoom Hand #175925775870:  Hold'em No Limit ($0.05/$0.10) - 2017/09/21 19:30:20 CCT [2017/09/21 7:30:20 ET]
Table 'Aludra' 6-max Seat #1 is the button
Seat 1: HubertusB ($10 in chips) 
Seat 2: JohnyPopleta ($18.57 in chips) 
Seat 3: kim05601 ($10.42 in chips) 
Seat 4: kalmyk ($13.49 in chips) 
Seat 5: (s)ain't_dmm ($10 in chips) 
Seat 6: nitzed12 ($12.92 in chips) 
JohnyPopleta: posts small blind $0.05
kim05601: posts big blind $0.10
*** HOLE CARDS ***
Dealt to HubertusB [7h 5s]
kalmyk: folds 
(s)ain't_dmm: folds 
nitzed12: folds 
HubertusB: folds 
JohnyPopleta: raises $0.11 to $0.21
kim05601: calls $0.11
*** FLOP *** [Td 3s Qd]
JohnyPopleta: checks 
kim05601: bets $0.30
JohnyPopleta: folds 
Uncalled bet ($0.30) returned to kim05601
kim05601 collected $0.40 from pot
kim05601: doesn't show hand 
*** SUMMARY ***
Total pot $0.42 | Rake $0.02 
Board [Td 3s Qd]
Seat 1: HubertusB (button) folded before Flop (didn't bet)
Seat 2: JohnyPopleta (small blind) folded on the Flop
Seat 3: kim05601 (big blind) collected ($0.40)
Seat 4: kalmyk folded before Flop (didn't bet)
Seat 5: (s)ain't_dmm folded before Flop (didn't bet)
Seat 6: nitzed12 folded before Flop (didn't bet)



PokerStars Zoom Hand #175925783327:  Hold'em No Limit ($0.05/$0.10) - 2017/09/21 19:30:39 CCT [2017/09/21 7:30:39 ET]
Table 'Aludra' 6-max Seat #1 is the button
Seat 1: Åssi90 ($11.23 in chips) 
Seat 2: babloboy ($10 in chips) 
Seat 3: 81denis81 ($10.84 in chips) 
Seat 4: pascalhill85 ($4.22 in chips) 
Seat 5: Omicron333 ($12.20 in chips) 
Seat 6: HubertusB ($10 in chips) 
babloboy: posts small blind $0.05
81denis81: posts big blind $0.10
*** HOLE CARDS ***
Dealt to HubertusB [3c 9h]
pascalhill85: folds 
Omicron333: folds 
HubertusB: folds 
Åssi90: raises $0.20 to $0.30
babloboy: folds 
81denis81: folds 
Uncalled bet ($0.20) returned to Åssi90
Åssi90 collected $0.25 from pot
Åssi90: doesn't show hand 
*** SUMMARY ***
Total pot $0.25 | Rake $0 
Seat 1: Åssi90 (button) collected ($0.25)
Seat 2: babloboy (small blind) folded before Flop
Seat 3: 81denis81 (big blind) folded before Flop
Seat 4: pascalhill85 folded before Flop (didn't bet)
Seat 5: Omicron333 folded before Flop (didn't bet)
Seat 6: HubertusB folded before Flop (didn't bet)



PokerStars Zoom Hand #175925788668:  Hold'em No Limit ($0.05/$0.10) - 2017/09/21 19:30:52 CCT [2017/09/21 7:30:52 ET]
Table 'Aludra' 6-max Seat #1 is the button
Seat 1: 1989robin ($10 in chips) 
Seat 2: 30005000 ($12.24 in chips) 
Seat 3: HubertusB ($10 in chips) 
Seat 4: KnobKerrie ($67.04 in chips) 
Seat 5: 7DUCIO7 ($7.63 in chips) 
Seat 6: KAK BOG PLAY ($15.51 in chips) 
30005000: posts small blind $0.05
HubertusB: posts big blind $0.10
*** HOLE CARDS ***
Dealt to HubertusB [7c 3d]
KnobKerrie: folds 
7DUCIO7: folds 
KAK BOG PLAY: folds 
1989robin: folds 
30005000: folds 
Uncalled bet ($0.05) returned to HubertusB
HubertusB collected $0.10 from pot
HubertusB: doesn't show hand 
*** SUMMARY ***
Total pot $0.10 | Rake $0 
Seat 1: 1989robin (button) folded before Flop (didn't bet)
Seat 2: 30005000 (small blind) folded before Flop
Seat 3: HubertusB (big blind) collected ($0.10)
Seat 4: KnobKerrie folded before Flop (didn't bet)
Seat 5: 7DUCIO7 folded before Flop (didn't bet)
Seat 6: KAK BOG PLAY folded before Flop (didn't bet)



PokerStars Zoom Hand #175925793967:  Hold'em No Limit ($0.05/$0.10) - 2017/09/21 19:31:05 CCT [2017/09/21 7:31:05 ET]
Table 'Aludra' 6-max Seat #1 is the button
Seat 1: alzealot ($10.65 in chips) 
Seat 2: HubertusB ($10.05 in chips) 
Seat 3: ZGARDAN ($13.90 in chips) 
Seat 4: Dm-ka777 ($6.15 in chips) 
Seat 5: 1989robin ($10 in chips) 
Seat 6: infitoha ($24.44 in chips) 
HubertusB: posts small blind $0.05
ZGARDAN: posts big blind $0.10
*** HOLE CARDS ***
Dealt to HubertusB [7s 6d]
Dm-ka777: folds 
1989robin: raises $0.15 to $0.25
infitoha: raises $0.65 to $0.90
alzealot: folds 
HubertusB: folds 
ZGARDAN: folds 
1989robin: folds 
Uncalled bet ($0.65) returned to infitoha
infitoha collected $0.65 from pot
infitoha: doesn't show hand 
*** SUMMARY ***
Total pot $0.65 | Rake $0 
Seat 1: alzealot (button) folded before Flop (didn't bet)
Seat 2: HubertusB (small blind) folded before Flop
Seat 3: ZGARDAN (big blind) folded before Flop
Seat 4: Dm-ka777 folded before Flop (didn't bet)
Seat 5: 1989robin folded before Flop
Seat 6: infitoha collected ($0.65)



PokerStars Zoom Hand #175925785801:  Hold'em No Limit ($0.05/$0.10) - 2017/09/21 19:30:45 CCT [2017/09/21 7:30:45 ET]
Table 'Aludra' 6-max Seat #1 is the button
Seat 1: rige0pons ($10.73 in chips) 
Seat 2: beluccix ($5.42 in chips) 
Seat 3: Omicron333 ($12.49 in chips) 
Seat 4: HubertusB ($10 in chips) 
Seat 5: luk28757 ($11.81 in chips) 
Seat 6: gorrgox ($5.45 in chips) 
beluccix: posts small blind $0.05
Omicron333: posts big blind $0.10
*** HOLE CARDS ***
Dealt to HubertusB [Js Qh]
HubertusB: folds 
luk28757: raises $0.20 to $0.30
gorrgox: folds 
rige0pons: calls $0.30
beluccix: folds 
Omicron333: calls $0.20
*** FLOP *** [Kh Ah 2c]
Omicron333: checks 
luk28757: bets $0.91
rige0pons: raises $1.64 to $2.55
Omicron333: folds 
luk28757: calls $1.64
*** TURN *** [Kh Ah 2c] [6d]
luk28757: checks 
rige0pons: bets $3.47
luk28757: raises $5.49 to $8.96 and is all-in
rige0pons: calls $4.41 and is all-in
Uncalled bet ($1.08) returned to luk28757
*** RIVER *** [Kh Ah 2c 6d] [4c]
*** SHOW DOWN ***
luk28757: shows [As 2s] (two pair, Aces and Deuces)
rige0pons: shows [Kd Ac] (two pair, Aces and Kings)
rige0pons collected $20.83 from pot
*** SUMMARY ***
Total pot $21.81 | Rake $0.98 
Board [Kh Ah 2c 6d 4c]
Seat 1: rige0pons (button) showed [Kd Ac] and won ($20.83) with two pair, Aces and Kings
Seat 2: beluccix (small blind) folded before Flop
Seat 3: Omicron333 (big blind) folded on the Flop
Seat 4: HubertusB folded before Flop (didn't bet)
Seat 5: luk28757 showed [As 2s] and lost with two pair, Aces and Deuces
Seat 6: gorrgox folded before Flop (didn't bet)



PokerStars Zoom Hand #175925802057:  Hold'em No Limit ($0.05/$0.10) - 2017/09/21 19:31:25 CCT [2017/09/21 7:31:25 ET]
Table 'Aludra' 6-max Seat #1 is the button
Seat 1: Omicron333 ($12.14 in chips) 
Seat 2: rom4ikderz ($11.51 in chips) 
Seat 3: korobochka2 ($18.88 in chips) 
Seat 4: billmih777 ($19.39 in chips) 
Seat 5: Shootnick88 ($10.15 in chips) 
Seat 6: HubertusB ($10 in chips) 
rom4ikderz: posts small blind $0.05
korobochka2: posts big blind $0.10
*** HOLE CARDS ***
Dealt to HubertusB [Qd Ah]
billmih777: folds 
Shootnick88: raises $0.20 to $0.30
HubertusB: calls $0.30
Omicron333: raises $1.05 to $1.35
rom4ikderz: folds 
korobochka2: folds 
Shootnick88: folds 
HubertusB: folds 
Uncalled bet ($1.05) returned to Omicron333
Omicron333 collected $1.05 from pot
Omicron333: doesn't show hand 
*** SUMMARY ***
Total pot $1.05 | Rake $0 
Seat 1: Omicron333 (button) collected ($1.05)
Seat 2: rom4ikderz (small blind) folded before Flop
Seat 3: korobochka2 (big blind) folded before Flop
Seat 4: billmih777 folded before Flop (didn't bet)
Seat 5: Shootnick88 folded before Flop
Seat 6: HubertusB folded before Flop



PokerStars Zoom Hand #175925828029:  Hold'em No Limit ($0.05/$0.10) - 2017/09/21 19:32:30 CCT [2017/09/21 7:32:30 ET]
Table 'Aludra' 6-max Seat #1 is the button
Seat 1: lealko14 ($15.68 in chips) 
Seat 2: krizh1985 ($12.82 in chips) 
Seat 3: OMG itz Sams ($9.95 in chips) 
Seat 4: rom4ikderz ($13.27 in chips) 
Seat 5: HubertusB ($9.70 in chips) 
Seat 6: xerox teen ($16.26 in chips) 
krizh1985: posts small blind $0.05
OMG itz Sams: posts big blind $0.10
*** HOLE CARDS ***
Dealt to HubertusB [7c Jh]
rom4ikderz: folds 
HubertusB: folds 
xerox teen: folds 
lealko14: folds 
krizh1985: folds 
Uncalled bet ($0.05) returned to OMG itz Sams
OMG itz Sams collected $0.10 from pot
OMG itz Sams: doesn't show hand 
*** SUMMARY ***
Total pot $0.10 | Rake $0 
Seat 1: lealko14 (button) folded before Flop (didn't bet)
Seat 2: krizh1985 (small blind) folded before Flop
Seat 3: OMG itz Sams (big blind) collected ($0.10)
Seat 4: rom4ikderz folded before Flop (didn't bet)
Seat 5: HubertusB folded before Flop (didn't bet)
Seat 6: xerox teen folded before Flop (didn't bet)



PokerStars Zoom Hand #175925812768:  Hold'em No Limit ($0.05/$0.10) - 2017/09/21 19:31:52 CCT [2017/09/21 7:31:52 ET]
Table 'Aludra' 6-max Seat #1 is the button
Seat 1: HubertusB ($9.70 in chips) 
Seat 2: OTBFTA ($4.79 in chips) 
Seat 3: HFSS2015 ($10.33 in chips) 
Seat 4: Mister-Yuron ($8.19 in chips) 
Seat 5: Lionrungood ($41.45 in chips) 
Seat 6: korobochka2 ($18.78 in chips) 
OTBFTA: posts small blind $0.05
HFSS2015: posts big blind $0.10
*** HOLE CARDS ***
Dealt to HubertusB [7h Ac]
Mister-Yuron: raises $0.10 to $0.20
Lionrungood: calls $0.20
korobochka2: folds 
HubertusB has timed out
HubertusB: folds 
OTBFTA: folds 
HFSS2015: folds 
*** FLOP *** [7c 6s Qd]
Mister-Yuron: bets $0.27
Lionrungood: calls $0.27
*** TURN *** [7c 6s Qd] [Qs]
Mister-Yuron: bets $0.20
Lionrungood: calls $0.20
*** RIVER *** [7c 6s Qd Qs] [Qc]
Mister-Yuron: bets $0.20
Lionrungood: folds 
Uncalled bet ($0.20) returned to Mister-Yuron
Mister-Yuron collected $1.42 from pot
Mister-Yuron: doesn't show hand 
*** SUMMARY ***
Total pot $1.49 | Rake $0.07 
Board [7c 6s Qd Qs Qc]
Seat 1: HubertusB (button) folded before Flop (didn't bet)
Seat 2: OTBFTA (small blind) folded before Flop
Seat 3: HFSS2015 (big blind) folded before Flop
Seat 4: Mister-Yuron collected ($1.42)
Seat 5: Lionrungood folded on the River
Seat 6: korobochka2 folded before Flop (didn't bet)



PokerStars Zoom Hand #175925842254:  Hold'em No Limit ($0.05/$0.10) - 2017/09/21 19:33:05 CCT [2017/09/21 7:33:05 ET]
Table 'Aludra' 6-max Seat #1 is the button
Seat 1: zainaz ($10.70 in chips) 
Seat 2: Qwkl ($13.54 in chips) 
Seat 3: HubertusB ($9.40 in chips) 
Seat 4: Lexxder ($10.65 in chips) 
Seat 5: hotel64 ($5.59 in chips) 
Seat 6: 30005000 ($10.85 in chips) 
Qwkl: posts small blind $0.05
HubertusB: posts big blind $0.10
*** HOLE CARDS ***
Dealt to HubertusB [6h 9s]
Lexxder: folds 
hotel64: calls $0.10
30005000: folds 
zainaz: folds 
Qwkl: folds 
HubertusB: checks 
*** FLOP *** [2d 9c 7s]
HubertusB: bets $0.13
hotel64: raises $0.50 to $0.63
HubertusB: calls $0.50
*** TURN *** [2d 9c 7s] [3h]
HubertusB: checks 
hotel64: bets $2.20
HubertusB: folds 
Uncalled bet ($2.20) returned to hotel64
hotel64 collected $1.44 from pot
hotel64: doesn't show hand 
*** SUMMARY ***
Total pot $1.51 | Rake $0.07 
Board [2d 9c 7s 3h]
Seat 1: zainaz (button) folded before Flop (didn't bet)
Seat 2: Qwkl (small blind) folded before Flop
Seat 3: HubertusB (big blind) folded on the Turn
Seat 4: Lexxder folded before Flop (didn't bet)
Seat 5: hotel64 collected ($1.44)
Seat 6: 30005000 folded before Flop (didn't bet)



PokerStars Zoom Hand #175925872665:  Hold'em No Limit ($0.05/$0.10) - 2017/09/21 19:34:20 CCT [2017/09/21 7:34:20 ET]
Table 'Aludra' 6-max Seat #1 is the button
Seat 1: Dzsimmi88 ($2.48 in chips) 
Seat 2: xDumoNx ($7.64 in chips) 
Seat 3: Alexioo1 ($10.28 in chips) 
Seat 4: JH_Baek ($25.09 in chips) 
Seat 5: HubertusB ($8.67 in chips) 
Seat 6: Dolzhnik ($14.29 in chips) 
xDumoNx: posts small blind $0.05
Alexioo1: posts big blind $0.10
*** HOLE CARDS ***
Dealt to HubertusB [3h Qh]
JH_Baek: folds 
HubertusB: folds 
Dolzhnik: folds 
Dzsimmi88: folds 
xDumoNx: folds 
Uncalled bet ($0.05) returned to Alexioo1
Alexioo1 collected $0.10 from pot
Alexioo1: doesn't show hand 
*** SUMMARY ***
Total pot $0.10 | Rake $0 
Seat 1: Dzsimmi88 (button) folded before Flop (didn't bet)
Seat 2: xDumoNx (small blind) folded before Flop
Seat 3: Alexioo1 (big blind) collected ($0.10)
Seat 4: JH_Baek folded before Flop (didn't bet)
Seat 5: HubertusB folded before Flop (didn't bet)
Seat 6: Dolzhnik folded before Flop (didn't bet)



PokerStars Zoom Hand #175925830790:  Hold'em No Limit ($0.05/$0.10) - 2017/09/21 19:32:37 CCT [2017/09/21 7:32:37 ET]
Table 'Aludra' 6-max Seat #1 is the button
Seat 1: Petresa ($9.85 in chips) 
Seat 2: osa036 ($10.85 in chips) 
Seat 3: KnobKerrie ($10.15 in chips) 
Seat 4: HubertusB ($9.70 in chips) 
Seat 5: kalmyk ($10 in chips) 
Seat 6: nitzed12 ($11.30 in chips) 
osa036: posts small blind $0.05
KnobKerrie: posts big blind $0.10
*** HOLE CARDS ***
Dealt to HubertusB [9h 8h]
HubertusB: raises $0.20 to $0.30
kalmyk: raises $0.70 to $1
nitzed12: folds 
Petresa: folds 
osa036: folds 
KnobKerrie: raises $1.50 to $2.50
HubertusB: folds 
kalmyk: calls $1.50
*** FLOP *** [6h Ts Qh]
KnobKerrie: checks 
kalmyk: checks 
*** TURN *** [6h Ts Qh] [Ah]
KnobKerrie: bets $3.37
kalmyk: folds 
Uncalled bet ($3.37) returned to KnobKerrie
KnobKerrie collected $5.11 from pot
KnobKerrie: doesn't show hand 
*** SUMMARY ***
Total pot $5.35 | Rake $0.24 
Board [6h Ts Qh Ah]
Seat 1: Petresa (button) folded before Flop (didn't bet)
Seat 2: osa036 (small blind) folded before Flop
Seat 3: KnobKerrie (big blind) collected ($5.11)
Seat 4: HubertusB folded before Flop
Seat 5: kalmyk folded on the Turn
Seat 6: nitzed12 folded before Flop (didn't bet)



PokerStars Zoom Hand #175925875131:  Hold'em No Limit ($0.05/$0.10) - 2017/09/21 19:34:26 CCT [2017/09/21 7:34:26 ET]
Table 'Aludra' 6-max Seat #1 is the button
Seat 1: leetine ($14.02 in chips) 
Seat 2: HubertusB ($8.67 in chips) 
Seat 3: lenya_stein ($10.92 in chips) 
Seat 4: oemez.cz ($10.92 in chips) 
Seat 5: woocha33 ($7.60 in chips) 
Seat 6: drbennis ($8.64 in chips) 
HubertusB: posts small blind $0.05
lenya_stein: posts big blind $0.10
*** HOLE CARDS ***
Dealt to HubertusB [Ah Ks]
oemez.cz: folds 
woocha33: raises $0.20 to $0.30
drbennis: calls $0.30
leetine: folds 
HubertusB: raises $0.85 to $1.15
lenya_stein: folds 
woocha33: folds 
drbennis: calls $0.85
*** FLOP *** [Qc As 2h]
HubertusB: bets $1.40
drbennis: folds 
Uncalled bet ($1.40) returned to HubertusB
HubertusB collected $2.58 from pot
HubertusB: doesn't show hand 
*** SUMMARY ***
Total pot $2.70 | Rake $0.12 
Board [Qc As 2h]
Seat 1: leetine (button) folded before Flop (didn't bet)
Seat 2: HubertusB (small blind) collected ($2.58)
Seat 3: lenya_stein (big blind) folded before Flop
Seat 4: oemez.cz folded before Flop (didn't bet)
Seat 5: woocha33 folded before Flop
Seat 6: drbennis folded on the Flop



PokerStars Zoom Hand #175925898200:  Hold'em No Limit ($0.05/$0.10) - 2017/09/21 19:35:23 CCT [2017/09/21 7:35:23 ET]
Table 'Aludra' 6-max Seat #1 is the button
Seat 1: HubertusB ($10.10 in chips) 
Seat 2: xountikos ($8.08 in chips) 
Seat 3: saleriver ($10 in chips) 
Seat 4: alzealot ($13.01 in chips) 
Seat 5: BlackJennie ($9.25 in chips) 
Seat 6: dogirun ($26.11 in chips) 
xountikos: posts small blind $0.05
saleriver: posts big blind $0.10
*** HOLE CARDS ***
Dealt to HubertusB [6c 2s]
alzealot: folds 
BlackJennie: folds 
dogirun: folds 
HubertusB: folds 
xountikos: folds 
Uncalled bet ($0.05) returned to saleriver
saleriver collected $0.10 from pot
saleriver: doesn't show hand 
*** SUMMARY ***
Total pot $0.10 | Rake $0 
Seat 1: HubertusB (button) folded before Flop (didn't bet)
Seat 2: xountikos (small blind) folded before Flop
Seat 3: saleriver (big blind) collected ($0.10)
Seat 4: alzealot folded before Flop (didn't bet)
Seat 5: BlackJennie folded before Flop (didn't bet)
Seat 6: dogirun folded before Flop (didn't bet)



PokerStars Zoom Hand #175925900229:  Hold'em No Limit ($0.05/$0.10) - 2017/09/21 19:35:28 CCT [2017/09/21 7:35:28 ET]
Table 'Aludra' 6-max Seat #1 is the button
Seat 1: Åssi90 ($13.51 in chips) 
Seat 2: Darkoni93 ($2.33 in chips) 
Seat 3: HubertusB ($10.10 in chips) 
Seat 4: babash61 ($12.46 in chips) 
Seat 5: mikozir ($9.20 in chips) 
Seat 6: wuw888 ($14.82 in chips) 
Darkoni93: posts small blind $0.05
HubertusB: posts big blind $0.10
*** HOLE CARDS ***
Dealt to HubertusB [7c Qc]
babash61: folds 
mikozir: folds 
wuw888: folds 
Åssi90: folds 
Darkoni93: folds 
Uncalled bet ($0.05) returned to HubertusB
HubertusB collected $0.10 from pot
HubertusB: doesn't show hand 
*** SUMMARY ***
Total pot $0.10 | Rake $0 
Seat 1: Åssi90 (button) folded before Flop (didn't bet)
Seat 2: Darkoni93 (small blind) folded before Flop
Seat 3: HubertusB (big blind) collected ($0.10)
Seat 4: babash61 folded before Flop (didn't bet)
Seat 5: mikozir folded before Flop (didn't bet)
Seat 6: wuw888 folded before Flop (didn't bet)



PokerStars Zoom Hand #175925903484:  Hold'em No Limit ($0.05/$0.10) - 2017/09/21 19:35:36 CCT [2017/09/21 7:35:36 ET]
Table 'Aludra' 6-max Seat #1 is the button
Seat 1: Nomak1987 ($7.24 in chips) 
Seat 2: rom4ikderz ($11.88 in chips) 
Seat 3: petokrcmar ($6.92 in chips) 
Seat 4: alzealot ($12.36 in chips) 
Seat 5: facewald ($10 in chips) 
Seat 6: HubertusB ($10.15 in chips) 
rom4ikderz: posts small blind $0.05
petokrcmar: posts big blind $0.10
*** HOLE CARDS ***
Dealt to HubertusB [Qh 7c]
alzealot: folds 
facewald: folds 
HubertusB: folds 
Nomak1987: raises $7.14 to $7.24 and is all-in
rom4ikderz: folds 
petokrcmar: folds 
Uncalled bet ($7.14) returned to Nomak1987
Nomak1987 collected $0.25 from pot
Nomak1987: doesn't show hand 
*** SUMMARY ***
Total pot $0.25 | Rake $0 
Seat 1: Nomak1987 (button) collected ($0.25)
Seat 2: rom4ikderz (small blind) folded before Flop
Seat 3: petokrcmar (big blind) folded before Flop
Seat 4: alzealot folded before Flop (didn't bet)
Seat 5: facewald folded before Flop (didn't bet)
Seat 6: HubertusB folded before Flop (didn't bet)



PokerStars Zoom Hand #175925905520:  Hold'em No Limit ($0.05/$0.10) - 2017/09/21 19:35:41 CCT [2017/09/21 7:35:41 ET]
Table 'Aludra' 6-max Seat #1 is the button
Seat 1: ThunderUA ($10.18 in chips) 
Seat 2: sashka013 ($10 in chips) 
Seat 3: Brever69 ($12.14 in chips) 
Seat 4: TPG174932 ($12.48 in chips) 
Seat 5: HubertusB ($10.15 in chips) 
Seat 6: HebeFans ($10 in chips) 
sashka013: posts small blind $0.05
Brever69: posts big blind $0.10
*** HOLE CARDS ***
Dealt to HubertusB [5c Ts]
TPG174932: folds 
HubertusB: folds 
HebeFans: folds 
ThunderUA: raises $0.30 to $0.40
sashka013: folds 
Brever69: folds 
Uncalled bet ($0.30) returned to ThunderUA
ThunderUA collected $0.25 from pot
ThunderUA: doesn't show hand 
*** SUMMARY ***
Total pot $0.25 | Rake $0 
Seat 1: ThunderUA (button) collected ($0.25)
Seat 2: sashka013 (small blind) folded before Flop
Seat 3: Brever69 (big blind) folded before Flop
Seat 4: TPG174932 folded before Flop (didn't bet)
Seat 5: HubertusB folded before Flop (didn't bet)
Seat 6: HebeFans folded before Flop (didn't bet)



PokerStars Zoom Hand #175925907510:  Hold'em No Limit ($0.05/$0.10) - 2017/09/21 19:35:46 CCT [2017/09/21 7:35:46 ET]
Table 'Aludra' 6-max Seat #1 is the button
Seat 1: jano251 ($12.99 in chips) 
Seat 2: HubertusB ($10.15 in chips) 
Seat 3: saleriver ($17.71 in chips) 
Seat 4: Nomak1987 ($7.39 in chips) 
Seat 5: Dm-ka777 ($5.16 in chips) 
Seat 6: filimon45 ($3.70 in chips) 
HubertusB: posts small blind $0.05
saleriver: posts big blind $0.10
*** HOLE CARDS ***
Dealt to HubertusB [Jc 2d]
Nomak1987: raises $0.10 to $0.20
Dm-ka777: folds 
filimon45: folds 
jano251: folds 
HubertusB: folds 
saleriver: folds 
Uncalled bet ($0.10) returned to Nomak1987
Nomak1987 collected $0.25 from pot
Nomak1987: doesn't show hand 
*** SUMMARY ***
Total pot $0.25 | Rake $0 
Seat 1: jano251 (button) folded before Flop (didn't bet)
Seat 2: HubertusB (small blind) folded before Flop
Seat 3: saleriver (big blind) folded before Flop
Seat 4: Nomak1987 collected ($0.25)
Seat 5: Dm-ka777 folded before Flop (didn't bet)
Seat 6: filimon45 folded before Flop (didn't bet)



PokerStars Zoom Hand #175925909934:  Hold'em No Limit ($0.05/$0.10) - 2017/09/21 19:35:52 CCT [2017/09/21 7:35:52 ET]
Table 'Aludra' 6-max Seat #1 is the button
Seat 1: naganu ($10.53 in chips) 
Seat 2: LEKON777 ($4.28 in chips) 
Seat 3: luk28757 ($9.36 in chips) 
Seat 4: HubertusB ($10.10 in chips) 
Seat 5: HebeFans ($10 in chips) 
Seat 6: Qwkl ($11.61 in chips) 
LEKON777: posts small blind $0.05
luk28757: posts big blind $0.10
*** HOLE CARDS ***
Dealt to HubertusB [6h 7c]
HubertusB: folds 
HebeFans: folds 
Qwkl: folds 
naganu: folds 
LEKON777: folds 
Uncalled bet ($0.05) returned to luk28757
luk28757 collected $0.10 from pot
luk28757: doesn't show hand 
*** SUMMARY ***
Total pot $0.10 | Rake $0 
Seat 1: naganu (button) folded before Flop (didn't bet)
Seat 2: LEKON777 (small blind) folded before Flop
Seat 3: luk28757 (big blind) collected ($0.10)
Seat 4: HubertusB folded before Flop (didn't bet)
Seat 5: HebeFans folded before Flop (didn't bet)
Seat 6: Qwkl folded before Flop (didn't bet)



PokerStars Zoom Hand #175925911925:  Hold'em No Limit ($0.05/$0.10) - 2017/09/21 19:35:57 CCT [2017/09/21 7:35:57 ET]
Table 'Aludra' 6-max Seat #1 is the button
Seat 1: HebeFans ($10.25 in chips) 
Seat 2: NuevoMutro ($29.24 in chips) 
Seat 3: Qwkl ($10 in chips) 
Seat 4: HubertusB ($10.10 in chips) 
Seat 5: amassiatar ($11.19 in chips) 
Seat 6: HsuChinChing ($12.83 in chips) 
NuevoMutro: posts small blind $0.05
Qwkl: posts big blind $0.10
*** HOLE CARDS ***
Dealt to HubertusB [3s Kh]
HubertusB: folds 
amassiatar: folds 
HsuChinChing: folds 
HebeFans: folds 
NuevoMutro: folds 
Uncalled bet ($0.05) returned to Qwkl
Qwkl collected $0.10 from pot
Qwkl: doesn't show hand 
*** SUMMARY ***
Total pot $0.10 | Rake $0 
Seat 1: HebeFans (button) folded before Flop (didn't bet)
Seat 2: NuevoMutro (small blind) folded before Flop
Seat 3: Qwkl (big blind) collected ($0.10)
Seat 4: HubertusB folded before Flop (didn't bet)
Seat 5: amassiatar folded before Flop (didn't bet)
Seat 6: HsuChinChing folded before Flop (didn't bet)



PokerStars Zoom Hand #175925914308:  Hold'em No Limit ($0.05/$0.10) - 2017/09/21 19:36:03 CCT [2017/09/21 7:36:03 ET]
Table 'Aludra' 6-max Seat #1 is the button
Seat 1: HubertusB ($10.10 in chips) 
Seat 2: wennuan ($10.30 in chips) 
Seat 3: LeoTube ($11.83 in chips) 
Seat 4: TaiwanDollar ($10.66 in chips) 
Seat 5: pokermazk13 ($11.18 in chips) 
Seat 6: wieisdaar ($11.75 in chips) 
wennuan: posts small blind $0.05
LeoTube: posts big blind $0.10
*** HOLE CARDS ***
Dealt to HubertusB [6s Tc]
TaiwanDollar: folds 
pokermazk13: raises $0.19 to $0.29
wieisdaar: folds 
HubertusB: folds 
wennuan: folds 
LeoTube: calls $0.19
*** FLOP *** [5c 3h Qs]
LeoTube: checks 
pokermazk13: bets $0.20
LeoTube: calls $0.20
*** TURN *** [5c 3h Qs] [Ad]
LeoTube: checks 
pokermazk13: bets $0.50
LeoTube: folds 
Uncalled bet ($0.50) returned to pokermazk13
pokermazk13 collected $0.98 from pot
pokermazk13: doesn't show hand 
*** SUMMARY ***
Total pot $1.03 | Rake $0.05 
Board [5c 3h Qs Ad]
Seat 1: HubertusB (button) folded before Flop (didn't bet)
Seat 2: wennuan (small blind) folded before Flop
Seat 3: LeoTube (big blind) folded on the Turn
Seat 4: TaiwanDollar folded before Flop (didn't bet)
Seat 5: pokermazk13 collected ($0.98)
Seat 6: wieisdaar folded before Flop (didn't bet)



PokerStars Zoom Hand #175925921657:  Hold'em No Limit ($0.05/$0.10) - 2017/09/21 19:36:21 CCT [2017/09/21 7:36:21 ET]
Table 'Aludra' 6-max Seat #1 is the button
Seat 1: IVA.spb.. ($10 in chips) 
Seat 2: jhkarssen ($3.95 in chips) 
Seat 3: HubertusB ($10.05 in chips) 
Seat 4: wieisdaar ($16.74 in chips) 
Seat 5: ThunderUA ($10.87 in chips) 
Seat 6: mikozir ($9.45 in chips) 
jhkarssen: posts small blind $0.05
HubertusB: posts big blind $0.10
*** HOLE CARDS ***
Dealt to HubertusB [Ks 2d]
wieisdaar: folds 
ThunderUA: raises $0.25 to $0.35
mikozir: folds 
IVA.spb..: folds 
jhkarssen: folds 
HubertusB: folds 
Uncalled bet ($0.25) returned to ThunderUA
ThunderUA collected $0.25 from pot
ThunderUA: doesn't show hand 
*** SUMMARY ***
Total pot $0.25 | Rake $0 
Seat 1: IVA.spb.. (button) folded before Flop (didn't bet)
Seat 2: jhkarssen (small blind) folded before Flop
Seat 3: HubertusB (big blind) folded before Flop
Seat 4: wieisdaar folded before Flop (didn't bet)
Seat 5: ThunderUA collected ($0.25)
Seat 6: mikozir folded before Flop (didn't bet)



PokerStars Zoom Hand #175925929395:  Hold'em No Limit ($0.05/$0.10) - 2017/09/21 19:36:40 CCT [2017/09/21 7:36:40 ET]
Table 'Aludra' 6-max Seat #1 is the button
Seat 1: JH_Baek ($11.25 in chips) 
Seat 2: ZGARDAN ($16.98 in chips) 
Seat 3: HubertusB ($9.95 in chips) 
Seat 4: maczeta747 ($10 in chips) 
Seat 5: DryBoard ($10.45 in chips) 
Seat 6: KeySssi ($10.45 in chips) 
ZGARDAN: posts small blind $0.05
HubertusB: posts big blind $0.10
*** HOLE CARDS ***
Dealt to HubertusB [Ts 5c]
maczeta747: folds 
DryBoard: folds 
KeySssi: folds 
JH_Baek: folds 
ZGARDAN: folds 
Uncalled bet ($0.05) returned to HubertusB
HubertusB collected $0.10 from pot
HubertusB: doesn't show hand 
*** SUMMARY ***
Total pot $0.10 | Rake $0 
Seat 1: JH_Baek (button) folded before Flop (didn't bet)
Seat 2: ZGARDAN (small blind) folded before Flop
Seat 3: HubertusB (big blind) collected ($0.10)
Seat 4: maczeta747 folded before Flop (didn't bet)
Seat 5: DryBoard folded before Flop (didn't bet)
Seat 6: KeySssi folded before Flop (didn't bet)



PokerStars Zoom Hand #175925926958:  Hold'em No Limit ($0.05/$0.10) - 2017/09/21 19:36:34 CCT [2017/09/21 7:36:34 ET]
Table 'Aludra' 6-max Seat #1 is the button
Seat 1: HubertusB ($9.95 in chips) 
Seat 2: sergiu8888 ($13.14 in chips) 
Seat 3: babloboy ($10.51 in chips) 
Seat 4: amassiatar ($11.04 in chips) 
Seat 5: pokermazk13 ($17.01 in chips) 
Seat 6: oemez.cz ($10.82 in chips) 
sergiu8888: posts small blind $0.05
babloboy: posts big blind $0.10
*** HOLE CARDS ***
Dealt to HubertusB [4c Kh]
amassiatar: folds 
pokermazk13: raises $0.19 to $0.29
oemez.cz: folds 
HubertusB: folds 
sergiu8888: folds 
babloboy: folds 
Uncalled bet ($0.19) returned to pokermazk13
pokermazk13 collected $0.25 from pot
pokermazk13: doesn't show hand 
*** SUMMARY ***
Total pot $0.25 | Rake $0 
Seat 1: HubertusB (button) folded before Flop (didn't bet)
Seat 2: sergiu8888 (small blind) folded before Flop
Seat 3: babloboy (big blind) folded before Flop
Seat 4: amassiatar folded before Flop (didn't bet)
Seat 5: pokermazk13 collected ($0.25)
Seat 6: oemez.cz folded before Flop (didn't bet)



PokerStars Zoom Hand #175925917952:  Hold'em No Limit ($0.05/$0.10) - 2017/09/21 19:36:12 CCT [2017/09/21 7:36:12 ET]
Table 'Aludra' 6-max Seat #1 is the button
Seat 1: dogirun ($18.02 in chips) 
Seat 2: HubertusB ($10.10 in chips) 
Seat 3: gioco33 ($5.57 in chips) 
Seat 4: alekan433 ($10.19 in chips) 
Seat 5: sergiu8888 ($12.99 in chips) 
Seat 6: glueda ($9.76 in chips) 
HubertusB: posts small blind $0.05
gioco33: posts big blind $0.10
*** HOLE CARDS ***
Dealt to HubertusB [9s 4s]
alekan433: folds 
sergiu8888: folds 
glueda: raises $0.20 to $0.30
dogirun: calls $0.30
HubertusB: folds 
gioco33: folds 
*** FLOP *** [5c 3h Th]
glueda: bets $0.36
dogirun: calls $0.36
*** TURN *** [5c 3h Th] [Tc]
glueda: bets $1
dogirun: calls $1
*** RIVER *** [5c 3h Th Tc] [4h]
glueda: checks 
dogirun: bets $2.10
glueda: folds 
Uncalled bet ($2.10) returned to dogirun
dogirun collected $3.31 from pot
dogirun: doesn't show hand 
*** SUMMARY ***
Total pot $3.47 | Rake $0.16 
Board [5c 3h Th Tc 4h]
Seat 1: dogirun (button) collected ($3.31)
Seat 2: HubertusB (small blind) folded before Flop
Seat 3: gioco33 (big blind) folded before Flop
Seat 4: alekan433 folded before Flop (didn't bet)
Seat 5: sergiu8888 folded before Flop (didn't bet)
Seat 6: glueda folded on the River



PokerStars Zoom Hand #175925924503:  Hold'em No Limit ($0.05/$0.10) - 2017/09/21 19:36:28 CCT [2017/09/21 7:36:28 ET]
Table 'Aludra' 6-max Seat #1 is the button
Seat 1: H_xpthck ($30.72 in chips) 
Seat 2: leetine ($13.40 in chips) 
Seat 3: justMaestro ($10.88 in chips) 
Seat 4: 1989robin ($10.41 in chips) 
Seat 5: Navaro23162 ($10.45 in chips) 
Seat 6: HubertusB ($9.95 in chips) 
leetine: posts small blind $0.05
justMaestro: posts big blind $0.10
*** HOLE CARDS ***
Dealt to HubertusB [Qc 2s]
1989robin: folds 
Navaro23162: folds 
HubertusB: folds 
H_xpthck: folds 
leetine: raises $0.20 to $0.30
justMaestro: folds 
Uncalled bet ($0.20) returned to leetine
leetine collected $0.20 from pot
leetine: doesn't show hand 
*** SUMMARY ***
Total pot $0.20 | Rake $0 
Seat 1: H_xpthck (button) folded before Flop (didn't bet)
Seat 2: leetine (small blind) collected ($0.20)
Seat 3: justMaestro (big blind) folded before Flop
Seat 4: 1989robin folded before Flop (didn't bet)
Seat 5: Navaro23162 folded before Flop (didn't bet)
Seat 6: HubertusB folded before Flop (didn't bet)



PokerStars Zoom Hand #175925932721:  Hold'em No Limit ($0.05/$0.10) - 2017/09/21 19:36:48 CCT [2017/09/21 7:36:48 ET]
Table 'Aludra' 6-max Seat #1 is the button
Seat 1: !o*QUASAR*o! ($10.30 in chips) 
Seat 2: radorusher ($12.68 in chips) 
Seat 3: jhkarssen ($3.90 in chips) 
Seat 4: LEKON777 ($7.65 in chips) 
Seat 5: HubertusB ($10 in chips) 
Seat 6: Suhoff76 ($9.70 in chips) 
radorusher: posts small blind $0.05
jhkarssen: posts big blind $0.10
*** HOLE CARDS ***
Dealt to HubertusB [7d 5c]
LEKON777: folds 
HubertusB: folds 
Suhoff76: folds 
!o*QUASAR*o!: folds 
radorusher: folds 
Uncalled bet ($0.05) returned to jhkarssen
jhkarssen collected $0.10 from pot
jhkarssen: doesn't show hand 
*** SUMMARY ***
Total pot $0.10 | Rake $0 
Seat 1: !o*QUASAR*o! (button) folded before Flop (didn't bet)
Seat 2: radorusher (small blind) folded before Flop
Seat 3: jhkarssen (big blind) collected ($0.10)
Seat 4: LEKON777 folded before Flop (didn't bet)
Seat 5: HubertusB folded before Flop (didn't bet)
Seat 6: Suhoff76 folded before Flop (didn't bet)



PokerStars Zoom Hand #175925934751:  Hold'em No Limit ($0.05/$0.10) - 2017/09/21 19:36:53 CCT [2017/09/21 7:36:53 ET]
Table 'Aludra' 6-max Seat #1 is the button
Seat 1: kenlwen77 ($9.55 in chips) 
Seat 2: jano251 ($35.56 in chips) 
Seat 3: lealko14 ($15.98 in chips) 
Seat 4: Brever69 ($11.64 in chips) 
Seat 5: HubertusB ($10 in chips) 
Seat 6: Sunrise1912 ($10.47 in chips) 
jano251: posts small blind $0.05
lealko14: posts big blind $0.10
*** HOLE CARDS ***
Dealt to HubertusB [Qd 6d]
Brever69: folds 
HubertusB: folds 
Sunrise1912: folds 
kenlwen77: folds 
jano251: folds 
Uncalled bet ($0.05) returned to lealko14
lealko14 collected $0.10 from pot
lealko14: doesn't show hand 
*** SUMMARY ***
Total pot $0.10 | Rake $0 
Seat 1: kenlwen77 (button) folded before Flop (didn't bet)
Seat 2: jano251 (small blind) folded before Flop
Seat 3: lealko14 (big blind) collected ($0.10)
Seat 4: Brever69 folded before Flop (didn't bet)
Seat 5: HubertusB folded before Flop (didn't bet)
Seat 6: Sunrise1912 folded before Flop (didn't bet)



PokerStars Zoom Hand #175925939206:  Hold'em No Limit ($0.05/$0.10) - 2017/09/21 19:37:04 CCT [2017/09/21 7:37:04 ET]
Table 'Aludra' 6-max Seat #1 is the button
Seat 1: lealko14 ($16.03 in chips) 
Seat 2: HubertusB ($10 in chips) 
Seat 3: sleigher48 ($14.63 in chips) 
Seat 4: carset ($14.94 in chips) 
Seat 5: HsuChinChing ($13.83 in chips) 
Seat 6: justMaestro ($11.01 in chips) 
HubertusB: posts small blind $0.05
sleigher48: posts big blind $0.10
*** HOLE CARDS ***
Dealt to HubertusB [Jc 2s]
carset: folds 
HsuChinChing: folds 
justMaestro: folds 
lealko14: raises $0.15 to $0.25
HubertusB: folds 
sleigher48: folds 
Uncalled bet ($0.15) returned to lealko14
lealko14 collected $0.25 from pot
lealko14: doesn't show hand 
*** SUMMARY ***
Total pot $0.25 | Rake $0 
Seat 1: lealko14 (button) collected ($0.25)
Seat 2: HubertusB (small blind) folded before Flop
Seat 3: sleigher48 (big blind) folded before Flop
Seat 4: carset folded before Flop (didn't bet)
Seat 5: HsuChinChing folded before Flop (didn't bet)
Seat 6: justMaestro folded before Flop (didn't bet)



PokerStars Zoom Hand #175925937144:  Hold'em No Limit ($0.05/$0.10) - 2017/09/21 19:36:59 CCT [2017/09/21 7:36:59 ET]
Table 'Aludra' 6-max Seat #1 is the button
Seat 1: dumacc14 ($10.93 in chips) 
Seat 2: justMaestro ($10 in chips) 
Seat 3: nimselpinsel ($10.57 in chips) 
Seat 4: HubertusB ($10 in chips) 
Seat 5: Jonnyban ($4.85 in chips) 
Seat 6: facewald ($11.55 in chips) 
justMaestro: posts small blind $0.05
nimselpinsel: posts big blind $0.10
*** HOLE CARDS ***
Dealt to HubertusB [7s 5c]
HubertusB: folds 
Jonnyban: folds 
facewald: raises $0.14 to $0.24
dumacc14: folds 
justMaestro: folds 
nimselpinsel: calls $0.14
*** FLOP *** [6s Qh 4s]
nimselpinsel: checks 
facewald: bets $0.27
nimselpinsel: folds 
Uncalled bet ($0.27) returned to facewald
facewald collected $0.51 from pot
facewald: doesn't show hand 
*** SUMMARY ***
Total pot $0.53 | Rake $0.02 
Board [6s Qh 4s]
Seat 1: dumacc14 (button) folded before Flop (didn't bet)
Seat 2: justMaestro (small blind) folded before Flop
Seat 3: nimselpinsel (big blind) folded on the Flop
Seat 4: HubertusB folded before Flop (didn't bet)
Seat 5: Jonnyban folded before Flop (didn't bet)
Seat 6: facewald collected ($0.51)



PokerStars Zoom Hand #175925942063:  Hold'em No Limit ($0.05/$0.10) - 2017/09/21 19:37:11 CCT [2017/09/21 7:37:11 ET]
Table 'Aludra' 6-max Seat #1 is the button
Seat 1: wieisdaar ($16.59 in chips) 
Seat 2: jhkarssen ($3.95 in chips) 
Seat 3: mihailzah ($8.89 in chips) 
Seat 4: KeySssi ($10.33 in chips) 
Seat 5: TheWitchCat ($10.34 in chips) 
Seat 6: HubertusB ($9.95 in chips) 
jhkarssen: posts small blind $0.05
mihailzah: posts big blind $0.10
*** HOLE CARDS ***
Dealt to HubertusB [Jd Ts]
KeySssi: folds 
TheWitchCat: folds 
HubertusB: raises $0.20 to $0.30
wieisdaar: folds 
jhkarssen: folds 
mihailzah: calls $0.20
*** FLOP *** [3c 5c 3d]
mihailzah: checks 
HubertusB: checks 
*** TURN *** [3c 5c 3d] [7s]
mihailzah: checks 
HubertusB: bets $0.40
mihailzah: folds 
Uncalled bet ($0.40) returned to HubertusB
HubertusB collected $0.62 from pot
HubertusB: doesn't show hand 
*** SUMMARY ***
Total pot $0.65 | Rake $0.03 
Board [3c 5c 3d 7s]
Seat 1: wieisdaar (button) folded before Flop (didn't bet)
Seat 2: jhkarssen (small blind) folded before Flop
Seat 3: mihailzah (big blind) folded on the Turn
Seat 4: KeySssi folded before Flop (didn't bet)
Seat 5: TheWitchCat folded before Flop (didn't bet)
Seat 6: HubertusB collected ($0.62)



PokerStars Zoom Hand #175925958282:  Hold'em No Limit ($0.05/$0.10) - 2017/09/21 19:37:51 CCT [2017/09/21 7:37:51 ET]
Table 'Aludra' 6-max Seat #1 is the button
Seat 1: !o*QUASAR*o! ($10.73 in chips) 
Seat 2: hilita ($19.71 in chips) 
Seat 3: HubertusB ($10.27 in chips) 
Seat 4: PankunJ73 ($10.70 in chips) 
Seat 5: zainaz ($10.57 in chips) 
Seat 6: BlackHawkG ($10.71 in chips) 
hilita: posts small blind $0.05
HubertusB: posts big blind $0.10
*** HOLE CARDS ***
Dealt to HubertusB [Qc 9c]
PankunJ73: folds 
zainaz: folds 
BlackHawkG: raises $0.20 to $0.30
!o*QUASAR*o!: folds 
hilita: folds 
HubertusB: calls $0.20
*** FLOP *** [Ks 3c 3d]
HubertusB: checks 
BlackHawkG: bets $0.30
HubertusB: raises $1 to $1.30
BlackHawkG: calls $1
*** TURN *** [Ks 3c 3d] [6h]
HubertusB: checks 
BlackHawkG: bets $2.20
HubertusB: folds 
Uncalled bet ($2.20) returned to BlackHawkG
BlackHawkG collected $3.10 from pot
BlackHawkG: doesn't show hand 
*** SUMMARY ***
Total pot $3.25 | Rake $0.15 
Board [Ks 3c 3d 6h]
Seat 1: !o*QUASAR*o! (button) folded before Flop (didn't bet)
Seat 2: hilita (small blind) folded before Flop
Seat 3: HubertusB (big blind) folded on the Turn
Seat 4: PankunJ73 folded before Flop (didn't bet)
Seat 5: zainaz folded before Flop (didn't bet)
Seat 6: BlackHawkG collected ($3.10)



PokerStars Zoom Hand #175926000603:  Hold'em No Limit ($0.05/$0.10) - 2017/09/21 19:39:34 CCT [2017/09/21 7:39:34 ET]
Table 'Aludra' 6-max Seat #1 is the button
Seat 1: HubertusB ($8.67 in chips) 
Seat 2: luk28757 ($4.75 in chips) 
Seat 3: nnjc ($10.33 in chips) 
Seat 4: Lilita88 ($13.58 in chips) 
Seat 5: OTBFTA ($16.33 in chips) 
Seat 6: fizzlik ($14.33 in chips) 
luk28757: posts small blind $0.05
nnjc: posts big blind $0.10
*** HOLE CARDS ***
Dealt to HubertusB [2d Ks]
Lilita88: folds 
OTBFTA: folds 
fizzlik: folds 
HubertusB: folds 
luk28757: folds 
Uncalled bet ($0.05) returned to nnjc
nnjc collected $0.10 from pot
nnjc: doesn't show hand 
*** SUMMARY ***
Total pot $0.10 | Rake $0 
Seat 1: HubertusB (button) folded before Flop (didn't bet)
Seat 2: luk28757 (small blind) folded before Flop
Seat 3: nnjc (big blind) collected ($0.10)
Seat 4: Lilita88 folded before Flop (didn't bet)
Seat 5: OTBFTA folded before Flop (didn't bet)
Seat 6: fizzlik folded before Flop (didn't bet)



PokerStars Zoom Hand #175926004710:  Hold'em No Limit ($0.05/$0.10) - 2017/09/21 19:39:44 CCT [2017/09/21 7:39:44 ET]
Table 'Aludra' 6-max Seat #1 is the button
Seat 1: vanich35 ($10 in chips) 
Seat 2: Qwkl ($10.10 in chips) 
Seat 3: GYLIVER321 ($8.23 in chips) 
Seat 4: HubertusB ($8.67 in chips) 
Seat 5: xerox teen ($27.95 in chips) 
Seat 6: woocha33 ($12.01 in chips) 
Qwkl: posts small blind $0.05
GYLIVER321: posts big blind $0.10
*** HOLE CARDS ***
Dealt to HubertusB [Qh 3c]
HubertusB: folds 
xerox teen: folds 
woocha33: folds 
vanich35: raises $0.10 to $0.20
Qwkl: folds 
GYLIVER321: calls $0.10
*** FLOP *** [Jh Ks 7c]
GYLIVER321: checks 
vanich35: checks 
*** TURN *** [Jh Ks 7c] [Qs]
GYLIVER321: bets $0.40
vanich35: folds 
Uncalled bet ($0.40) returned to GYLIVER321
GYLIVER321 collected $0.43 from pot
GYLIVER321: doesn't show hand 
*** SUMMARY ***
Total pot $0.45 | Rake $0.02 
Board [Jh Ks 7c Qs]
Seat 1: vanich35 (button) folded on the Turn
Seat 2: Qwkl (small blind) folded before Flop
Seat 3: GYLIVER321 (big blind) collected ($0.43)
Seat 4: HubertusB folded before Flop (didn't bet)
Seat 5: xerox teen folded before Flop (didn't bet)
Seat 6: woocha33 folded before Flop (didn't bet)



PokerStars Zoom Hand #175926007542:  Hold'em No Limit ($0.05/$0.10) - 2017/09/21 19:39:51 CCT [2017/09/21 7:39:51 ET]
Table 'Aludra' 6-max Seat #1 is the button
Seat 1: Rasmus333333 ($5.97 in chips) 
Seat 2: AceCardHi ($9.88 in chips) 
Seat 3: keshab1 ($10 in chips) 
Seat 4: mike21_385 ($15.37 in chips) 
Seat 5: rimtis ($7.60 in chips) 
Seat 6: HubertusB ($8.67 in chips) 
AceCardHi: posts small blind $0.05
keshab1: posts big blind $0.10
*** HOLE CARDS ***
Dealt to HubertusB [Kc Qh]
mike21_385: folds 
rimtis: folds 
HubertusB: raises $0.20 to $0.30
Rasmus333333: folds 
AceCardHi: folds 
keshab1: raises $0.50 to $0.80
HubertusB: folds 
Uncalled bet ($0.50) returned to keshab1
keshab1 collected $0.65 from pot
keshab1: doesn't show hand 
*** SUMMARY ***
Total pot $0.65 | Rake $0 
Seat 1: Rasmus333333 (button) folded before Flop (didn't bet)
Seat 2: AceCardHi (small blind) folded before Flop
Seat 3: keshab1 (big blind) collected ($0.65)
Seat 4: mike21_385 folded before Flop (didn't bet)
Seat 5: rimtis folded before Flop (didn't bet)
Seat 6: HubertusB folded before Flop



PokerStars Zoom Hand #175926013575:  Hold'em No Limit ($0.05/$0.10) - 2017/09/21 19:40:06 CCT [2017/09/21 7:40:06 ET]
Table 'Aludra' 6-max Seat #1 is the button
Seat 1: HebeFans ($10 in chips) 
Seat 2: FireMär ($25.41 in chips) 
Seat 3: Rokko888 ($8.20 in chips) 
Seat 4: Jakub$Vlcek1 ($10.94 in chips) 
Seat 5: HubertusB ($8.37 in chips) 
Seat 6: MolchunX ($10.68 in chips) 
FireMär: posts small blind $0.05
Rokko888: posts big blind $0.10
*** HOLE CARDS ***
Dealt to HubertusB [4d Jh]
Jakub$Vlcek1: folds 
HubertusB: folds 
MolchunX: raises $0.20 to $0.30
HebeFans: calls $0.30
FireMär: folds 
Rokko888: folds 
*** FLOP *** [As Td 2c]
MolchunX: bets $0.40
HebeFans: calls $0.40
*** TURN *** [As Td 2c] [2s]
MolchunX: checks 
HebeFans: bets $0.74
MolchunX: calls $0.74
*** RIVER *** [As Td 2c 2s] [Jd]
MolchunX: checks 
HebeFans: checks 
*** SHOW DOWN ***
MolchunX: shows [Js Ac] (two pair, Aces and Jacks)
HebeFans: mucks hand 
MolchunX collected $2.89 from pot
*** SUMMARY ***
Total pot $3.03 | Rake $0.14 
Board [As Td 2c 2s Jd]
Seat 1: HebeFans (button) mucked [Qh Jc]
Seat 2: FireMär (small blind) folded before Flop
Seat 3: Rokko888 (big blind) folded before Flop
Seat 4: Jakub$Vlcek1 folded before Flop (didn't bet)
Seat 5: HubertusB folded before Flop (didn't bet)
Seat 6: MolchunX showed [Js Ac] and won ($2.89) with two pair, Aces and Jacks



PokerStars Zoom Hand #175926016053:  Hold'em No Limit ($0.05/$0.10) - 2017/09/21 19:40:12 CCT [2017/09/21 7:40:12 ET]
Table 'Aludra' 6-max Seat #1 is the button
Seat 1: IQ Goldfish ($10.41 in chips) 
Seat 2: HubertusB ($8.37 in chips) 
Seat 3: HighCard600 ($10.38 in chips) 
Seat 4: Omicron333 ($12.82 in chips) 
Seat 5: 81denis81 ($10.47 in chips) 
Seat 6: jhkarssen ($3.65 in chips) 
HubertusB: posts small blind $0.05
HighCard600: posts big blind $0.10
*** HOLE CARDS ***
Dealt to HubertusB [Ts Kh]
Omicron333: folds 
81denis81: folds 
jhkarssen: raises $0.14 to $0.24
IQ Goldfish: calls $0.24
HubertusB: raises $0.86 to $1.10
HighCard600: folds 
jhkarssen: raises $2.54 to $3.64
IQ Goldfish: folds 
HubertusB: folds 
Uncalled bet ($2.54) returned to jhkarssen
jhkarssen collected $2.54 from pot
jhkarssen: doesn't show hand 
*** SUMMARY ***
Total pot $2.54 | Rake $0 
Seat 1: IQ Goldfish (button) folded before Flop
Seat 2: HubertusB (small blind) folded before Flop
Seat 3: HighCard600 (big blind) folded before Flop
Seat 4: Omicron333 folded before Flop (didn't bet)
Seat 5: 81denis81 folded before Flop (didn't bet)
Seat 6: jhkarssen collected ($2.54)



PokerStars Zoom Hand #175926032379:  Hold'em No Limit ($0.05/$0.10) - 2017/09/21 19:40:52 CCT [2017/09/21 7:40:52 ET]
Table 'Aludra' 6-max Seat #1 is the button
Seat 1: gorneva ($12.21 in chips) 
Seat 2: nitzed12 ($10.79 in chips) 
Seat 3: Suhoff76 ($13.43 in chips) 
Seat 4: HubertusB ($7.27 in chips) 
Seat 5: Volkovabk ($9.03 in chips) 
Seat 6: HecticMulk ($14.43 in chips) 
nitzed12: posts small blind $0.05
Suhoff76: posts big blind $0.10
*** HOLE CARDS ***
Dealt to HubertusB [As Ts]
HubertusB: raises $0.20 to $0.30
Volkovabk: folds 
HecticMulk: folds 
gorneva: folds 
nitzed12: folds 
Suhoff76: folds 
Uncalled bet ($0.20) returned to HubertusB
HubertusB collected $0.25 from pot
HubertusB: doesn't show hand 
*** SUMMARY ***
Total pot $0.25 | Rake $0 
Seat 1: gorneva (button) folded before Flop (didn't bet)
Seat 2: nitzed12 (small blind) folded before Flop
Seat 3: Suhoff76 (big blind) folded before Flop
Seat 4: HubertusB collected ($0.25)
Seat 5: Volkovabk folded before Flop (didn't bet)
Seat 6: HecticMulk folded before Flop (didn't bet)



PokerStars Zoom Hand #175926039783:  Hold'em No Limit ($0.05/$0.10) - 2017/09/21 19:41:10 CCT [2017/09/21 7:41:10 ET]
Table 'Aludra' 6-max Seat #1 is the button
Seat 1: hwaka.79 ($10.78 in chips) 
Seat 2: propper111 ($48.77 in chips) 
Seat 3: A-Hsien ($10 in chips) 
Seat 4: HubertusB ($7.42 in chips) 
Seat 5: DmitriySc ($3.91 in chips) 
Seat 6: alexkit13 ($9.62 in chips) 
propper111: posts small blind $0.05
A-Hsien: posts big blind $0.10
*** HOLE CARDS ***
Dealt to HubertusB [Kc 6c]
HubertusB: folds 
DmitriySc: folds 
alexkit13: folds 
hwaka.79: folds 
propper111: folds 
Uncalled bet ($0.05) returned to A-Hsien
A-Hsien collected $0.10 from pot
A-Hsien: doesn't show hand 
*** SUMMARY ***
Total pot $0.10 | Rake $0 
Seat 1: hwaka.79 (button) folded before Flop (didn't bet)
Seat 2: propper111 (small blind) folded before Flop
Seat 3: A-Hsien (big blind) collected ($0.10)
Seat 4: HubertusB folded before Flop (didn't bet)
Seat 5: DmitriySc folded before Flop (didn't bet)
Seat 6: alexkit13 folded before Flop (didn't bet)



PokerStars Zoom Hand #175926042209:  Hold'em No Limit ($0.05/$0.10) - 2017/09/21 19:41:16 CCT [2017/09/21 7:41:16 ET]
Table 'Aludra' 6-max Seat #1 is the button
Seat 1: HubertusB ($7.42 in chips) 
Seat 2: facewald ($10 in chips) 
Seat 3: smartkate85 ($7.44 in chips) 
Seat 4: LasVegasYo ($16.63 in chips) 
Seat 5: zloihaha ($13.61 in chips) 
Seat 6: luk28757 ($5.69 in chips) 
facewald: posts small blind $0.05
smartkate85: posts big blind $0.10
*** HOLE CARDS ***
Dealt to HubertusB [5d 9h]
LasVegasYo: folds 
zloihaha: folds 
luk28757: folds 
HubertusB: folds 
facewald: raises $0.14 to $0.24
smartkate85: folds 
Uncalled bet ($0.14) returned to facewald
facewald collected $0.20 from pot
facewald: doesn't show hand 
*** SUMMARY ***
Total pot $0.20 | Rake $0 
Seat 1: HubertusB (button) folded before Flop (didn't bet)
Seat 2: facewald (small blind) collected ($0.20)
Seat 3: smartkate85 (big blind) folded before Flop
Seat 4: LasVegasYo folded before Flop (didn't bet)
Seat 5: zloihaha folded before Flop (didn't bet)
Seat 6: luk28757 folded before Flop (didn't bet)



PokerStars Zoom Hand #175926044676:  Hold'em No Limit ($0.05/$0.10) - 2017/09/21 19:41:22 CCT [2017/09/21 7:41:22 ET]
Table 'Aludra' 6-max Seat #1 is the button
Seat 1: 3DMINSK ($13.60 in chips) 
Seat 2: ___FKMaster ($24.82 in chips) 
Seat 3: HubertusB ($7.42 in chips) 
Seat 4: batya24 ($9.25 in chips) 
Seat 5: yeoj_070 ($23.99 in chips) 
Seat 6: luk28757 ($8.40 in chips) 
___FKMaster: posts small blind $0.05
HubertusB: posts big blind $0.10
*** HOLE CARDS ***
Dealt to HubertusB [5d 5s]
batya24: folds 
yeoj_070: folds 
luk28757: folds 
3DMINSK: raises $0.15 to $0.25
___FKMaster: folds 
HubertusB: raises $0.55 to $0.80
3DMINSK: calls $0.55
*** FLOP *** [7s 3h Ks]
HubertusB: bets $0.80
3DMINSK: calls $0.80
*** TURN *** [7s 3h Ks] [6s]
HubertusB: bets $1.70
3DMINSK: calls $1.70
*** RIVER *** [7s 3h Ks 6s] [8h]
HubertusB: bets $4.12 and is all-in
3DMINSK: calls $4.12
*** SHOW DOWN ***
HubertusB: shows [5d 5s] (a pair of Fives)
3DMINSK: shows [Ac Kd] (a pair of Kings)
3DMINSK collected $14.22 from pot
*** SUMMARY ***
Total pot $14.89 | Rake $0.67 
Board [7s 3h Ks 6s 8h]
Seat 1: 3DMINSK (button) showed [Ac Kd] and won ($14.22) with a pair of Kings
Seat 2: ___FKMaster (small blind) folded before Flop
Seat 3: HubertusB (big blind) showed [5d 5s] and lost with a pair of Fives
Seat 4: batya24 folded before Flop (didn't bet)
Seat 5: yeoj_070 folded before Flop (didn't bet)
Seat 6: luk28757 folded before Flop (didn't bet)



PokerStars Zoom Hand #175926082213:  Hold'em No Limit ($0.05/$0.10) - 2017/09/21 19:42:53 CCT [2017/09/21 7:42:53 ET]
Table 'Aludra' 6-max Seat #1 is the button
Seat 1: HubertusB ($10 in chips) 
Seat 2: saleriver ($17.55 in chips) 
Seat 3: wennuan ($11.12 in chips) 
Seat 4: alekan433 ($9.99 in chips) 
Seat 5: kenlwen77 ($11.52 in chips) 
Seat 6: Nomak1987 ($19.64 in chips) 
saleriver: posts small blind $0.05
wennuan: posts big blind $0.10
*** HOLE CARDS ***
Dealt to HubertusB [Ks As]
alekan433: folds 
kenlwen77: folds 
Nomak1987: folds 
HubertusB: raises $0.20 to $0.30
saleriver: folds 
wennuan: folds 
Uncalled bet ($0.20) returned to HubertusB
HubertusB collected $0.25 from pot
HubertusB: doesn't show hand 
*** SUMMARY ***
Total pot $0.25 | Rake $0 
Seat 1: HubertusB (button) collected ($0.25)
Seat 2: saleriver (small blind) folded before Flop
Seat 3: wennuan (big blind) folded before Flop
Seat 4: alekan433 folded before Flop (didn't bet)
Seat 5: kenlwen77 folded before Flop (didn't bet)
Seat 6: Nomak1987 folded before Flop (didn't bet)



PokerStars Zoom Hand #175926089227:  Hold'em No Limit ($0.05/$0.10) - 2017/09/21 19:43:10 CCT [2017/09/21 7:43:10 ET]
Table 'Aludra' 6-max Seat #1 is the button
Seat 1: OMG itz Sams ($9.85 in chips) 
Seat 2: HubertusB ($10.15 in chips) 
Seat 3: jhkarssen ($3.38 in chips) 
Seat 4: archerv13 ($10.47 in chips) 
Seat 5: dumacc14 ($9.77 in chips) 
Seat 6: (s)ain't_dmm ($10 in chips) 
HubertusB: posts small blind $0.05
jhkarssen: posts big blind $0.10
*** HOLE CARDS ***
Dealt to HubertusB [Qd 5d]
archerv13: folds 
dumacc14: folds 
(s)ain't_dmm: folds 
OMG itz Sams: folds 
HubertusB: raises $0.20 to $0.30
jhkarssen: raises $0.60 to $0.90
HubertusB: folds 
Uncalled bet ($0.60) returned to jhkarssen
jhkarssen collected $0.60 from pot
jhkarssen: doesn't show hand 
*** SUMMARY ***
Total pot $0.60 | Rake $0 
Seat 1: OMG itz Sams (button) folded before Flop (didn't bet)
Seat 2: HubertusB (small blind) folded before Flop
Seat 3: jhkarssen (big blind) collected ($0.60)
Seat 4: archerv13 folded before Flop (didn't bet)
Seat 5: dumacc14 folded before Flop (didn't bet)
Seat 6: (s)ain't_dmm folded before Flop (didn't bet)



PokerStars Zoom Hand #175926095338:  Hold'em No Limit ($0.05/$0.10) - 2017/09/21 19:43:25 CCT [2017/09/21 7:43:25 ET]
Table 'Aludra' 6-max Seat #1 is the button
Seat 1: saleriver ($17.45 in chips) 
Seat 2: dreamcii ($9.57 in chips) 
Seat 3: GrrGrrGrauw ($10.65 in chips) 
Seat 4: hilita ($21.12 in chips) 
Seat 5: kim05601 ($10.32 in chips) 
Seat 6: HubertusB ($9.85 in chips) 
dreamcii: posts small blind $0.05
GrrGrrGrauw: posts big blind $0.10
*** HOLE CARDS ***
Dealt to HubertusB [8h 7d]
hilita: folds 
kim05601: raises $0.20 to $0.30
HubertusB: folds 
saleriver: folds 
dreamcii: folds 
GrrGrrGrauw: folds 
Uncalled bet ($0.20) returned to kim05601
kim05601 collected $0.25 from pot
kim05601: doesn't show hand 
*** SUMMARY ***
Total pot $0.25 | Rake $0 
Seat 1: saleriver (button) folded before Flop (didn't bet)
Seat 2: dreamcii (small blind) folded before Flop
Seat 3: GrrGrrGrauw (big blind) folded before Flop
Seat 4: hilita folded before Flop (didn't bet)
Seat 5: kim05601 collected ($0.25)
Seat 6: HubertusB folded before Flop (didn't bet)



PokerStars Zoom Hand #175926109344:  Hold'em No Limit ($0.05/$0.10) - 2017/09/21 19:43:59 CCT [2017/09/21 7:43:59 ET]
Table 'Aludra' 6-max Seat #1 is the button
Seat 1: Don_maradon ($7.51 in chips) 
Seat 2: sweeeeeep ($7.33 in chips) 
Seat 3: Vradik ($10 in chips) 
Seat 4: Sunrise1912 ($29.26 in chips) 
Seat 5: 81denis81 ($10.75 in chips) 
Seat 6: HubertusB ($9.85 in chips) 
sweeeeeep: posts small blind $0.05
Vradik: posts big blind $0.10
*** HOLE CARDS ***
Dealt to HubertusB [4h 8s]
Sunrise1912: raises $0.20 to $0.30
81denis81: folds 
HubertusB: folds 
Don_maradon: folds 
sweeeeeep: raises $0.70 to $1
Vradik: folds 
Sunrise1912: folds 
Uncalled bet ($0.70) returned to sweeeeeep
sweeeeeep collected $0.70 from pot
sweeeeeep: doesn't show hand 
*** SUMMARY ***
Total pot $0.70 | Rake $0 
Seat 1: Don_maradon (button) folded before Flop (didn't bet)
Seat 2: sweeeeeep (small blind) collected ($0.70)
Seat 3: Vradik (big blind) folded before Flop
Seat 4: Sunrise1912 folded before Flop
Seat 5: 81denis81 folded before Flop (didn't bet)
Seat 6: HubertusB folded before Flop (didn't bet)



PokerStars Zoom Hand #175926099445:  Hold'em No Limit ($0.05/$0.10) - 2017/09/21 19:43:35 CCT [2017/09/21 7:43:35 ET]
Table 'Aludra' 6-max Seat #1 is the button
Seat 1: (s)ain't_dmm ($15.93 in chips) 
Seat 2: tallaxyz ($7.31 in chips) 
Seat 3: A-Hsien ($10 in chips) 
Seat 4: H_xpthck ($10.99 in chips) 
Seat 5: HubertusB ($9.85 in chips) 
Seat 6: rige0pons ($10.25 in chips) 
tallaxyz: posts small blind $0.05
A-Hsien: posts big blind $0.10
*** HOLE CARDS ***
Dealt to HubertusB [Qs 4c]
H_xpthck: raises $0.20 to $0.30
HubertusB has timed out
HubertusB: folds 
rige0pons: folds 
(s)ain't_dmm: raises $0.60 to $0.90
tallaxyz: folds 
A-Hsien: raises $1.50 to $2.40
H_xpthck: folds 
(s)ain't_dmm: raises $13.53 to $15.93 and is all-in
A-Hsien: calls $7.60 and is all-in
Uncalled bet ($5.93) returned to (s)ain't_dmm
*** FIRST FLOP *** [Jh 9d 6s]
*** FIRST TURN *** [Jh 9d 6s] [2d]
*** FIRST RIVER *** [Jh 9d 6s 2d] [9c]
*** SECOND FLOP *** [7c 8c 6c]
*** SECOND TURN *** [7c 8c 6c] [Ts]
*** SECOND RIVER *** [7c 8c 6c Ts] [Qh]
*** FIRST SHOW DOWN ***
A-Hsien: shows [As Ac] (two pair, Aces and Nines)
(s)ain't_dmm: shows [Kc Ah] (a pair of Nines)
A-Hsien collected $9.72 from pot
*** SECOND SHOW DOWN ***
A-Hsien: shows [As Ac] (a pair of Aces)
(s)ain't_dmm: shows [Kc Ah] (high card Ace)
A-Hsien collected $9.71 from pot
*** SUMMARY ***
Total pot $20.35 | Rake $0.92 
Hand was run twice
FIRST Board [Jh 9d 6s 2d 9c]
SECOND Board [7c 8c 6c Ts Qh]
Seat 1: (s)ain't_dmm (button) showed [Kc Ah] and lost with a pair of Nines, and lost with high card Ace
Seat 2: tallaxyz (small blind) folded before Flop
Seat 3: A-Hsien (big blind) showed [As Ac] and won ($9.72) with two pair, Aces and Nines, and won ($9.71) with a pair of Aces
Seat 4: H_xpthck folded before Flop
Seat 5: HubertusB folded before Flop (didn't bet)
Seat 6: rige0pons folded before Flop (didn't bet)



PokerStars Zoom Hand #175926120358:  Hold'em No Limit ($0.05/$0.10) - 2017/09/21 19:44:26 CCT [2017/09/21 7:44:26 ET]
Table 'Aludra' 6-max Seat #1 is the button
Seat 1: oemez.cz ($10.04 in chips) 
Seat 2: HubertusB ($9.75 in chips) 
Seat 3: squirrel22tn ($10.15 in chips) 
Seat 4: Alexioo1 ($10 in chips) 
Seat 5: zacharina96 ($30.49 in chips) 
Seat 6: !o*QUASAR*o! ($10.40 in chips) 
HubertusB: posts small blind $0.05
squirrel22tn: posts big blind $0.10
*** HOLE CARDS ***
Dealt to HubertusB [2s Qs]
Alexioo1: folds 
zacharina96: raises $0.20 to $0.30
!o*QUASAR*o!: folds 
oemez.cz: folds 
HubertusB: folds 
squirrel22tn: folds 
Uncalled bet ($0.20) returned to zacharina96
zacharina96 collected $0.25 from pot
zacharina96: doesn't show hand 
*** SUMMARY ***
Total pot $0.25 | Rake $0 
Seat 1: oemez.cz (button) folded before Flop (didn't bet)
Seat 2: HubertusB (small blind) folded before Flop
Seat 3: squirrel22tn (big blind) folded before Flop
Seat 4: Alexioo1 folded before Flop (didn't bet)
Seat 5: zacharina96 collected ($0.25)
Seat 6: !o*QUASAR*o! folded before Flop (didn't bet)



PokerStars Zoom Hand #175926123621:  Hold'em No Limit ($0.05/$0.10) - 2017/09/21 19:44:34 CCT [2017/09/21 7:44:34 ET]
Table 'Aludra' 6-max Seat #1 is the button
Seat 1: platypus681 ($10.24 in chips) 
Seat 2: luk28757 ($10.41 in chips) 
Seat 3: babloboy ($10 in chips) 
Seat 4: HebeFans ($13.56 in chips) 
Seat 5: HubertusB ($9.70 in chips) 
Seat 6: Nomak1987 ($19.15 in chips) 
luk28757: posts small blind $0.05
babloboy: posts big blind $0.10
*** HOLE CARDS ***
Dealt to HubertusB [5s 9c]
HebeFans: raises $0.20 to $0.30
HubertusB: folds 
Nomak1987: calls $0.30
platypus681: folds 
luk28757: folds 
babloboy: folds 
*** FLOP *** [3d Ac 4s]
HebeFans: bets $0.36
Nomak1987: folds 
Uncalled bet ($0.36) returned to HebeFans
HebeFans collected $0.72 from pot
HebeFans: doesn't show hand 
*** SUMMARY ***
Total pot $0.75 | Rake $0.03 
Board [3d Ac 4s]
Seat 1: platypus681 (button) folded before Flop (didn't bet)
Seat 2: luk28757 (small blind) folded before Flop
Seat 3: babloboy (big blind) folded before Flop
Seat 4: HebeFans collected ($0.72)
Seat 5: HubertusB folded before Flop (didn't bet)
Seat 6: Nomak1987 folded on the Flop



PokerStars Zoom Hand #175926126041:  Hold'em No Limit ($0.05/$0.10) - 2017/09/21 19:44:40 CCT [2017/09/21 7:44:40 ET]
Table 'Aludra' 6-max Seat #1 is the button
Seat 1: 38Andrew ($12.41 in chips) 
Seat 2: wennuan ($10 in chips) 
Seat 3: MolchunX ($10.28 in chips) 
Seat 4: beluccix ($5 in chips) 
Seat 5: 3DMINSK ($23.28 in chips) 
Seat 6: HubertusB ($9.70 in chips) 
wennuan: posts small blind $0.05
MolchunX: posts big blind $0.10
*** HOLE CARDS ***
Dealt to HubertusB [Kh 6c]
beluccix: folds 
3DMINSK: folds 
HubertusB: folds 
38Andrew: folds 
wennuan: folds 
Uncalled bet ($0.05) returned to MolchunX
MolchunX collected $0.10 from pot
MolchunX: doesn't show hand 
*** SUMMARY ***
Total pot $0.10 | Rake $0 
Seat 1: 38Andrew (button) folded before Flop (didn't bet)
Seat 2: wennuan (small blind) folded before Flop
Seat 3: MolchunX (big blind) collected ($0.10)
Seat 4: beluccix folded before Flop (didn't bet)
Seat 5: 3DMINSK folded before Flop (didn't bet)
Seat 6: HubertusB folded before Flop (didn't bet)



PokerStars Zoom Hand #175926113433:  Hold'em No Limit ($0.05/$0.10) - 2017/09/21 19:44:09 CCT [2017/09/21 7:44:09 ET]
Table 'Aludra' 6-max Seat #1 is the button
Seat 1: OMG itz Sams ($9.55 in chips) 
Seat 2: Memusik ($9.90 in chips) 
Seat 3: HubertusB ($9.85 in chips) 
Seat 4: Qwkl ($13.99 in chips) 
Seat 5: LasVegasYo ($17.05 in chips) 
Seat 6: OTBFTA ($22.55 in chips) 
Memusik: posts small blind $0.05
HubertusB: posts big blind $0.10
*** HOLE CARDS ***
Dealt to HubertusB [Td 8c]
Qwkl: folds 
LasVegasYo: folds 
OTBFTA: raises $0.10 to $0.20
OMG itz Sams: raises $0.60 to $0.80
Memusik: folds 
HubertusB: folds 
OTBFTA: calls $0.60
*** FLOP *** [2d 3h Th]
OTBFTA: checks 
OMG itz Sams: bets $0.80
OTBFTA: folds 
Uncalled bet ($0.80) returned to OMG itz Sams
OMG itz Sams collected $1.67 from pot
OMG itz Sams: doesn't show hand 
*** SUMMARY ***
Total pot $1.75 | Rake $0.08 
Board [2d 3h Th]
Seat 1: OMG itz Sams (button) collected ($1.67)
Seat 2: Memusik (small blind) folded before Flop
Seat 3: HubertusB (big blind) folded before Flop
Seat 4: Qwkl folded before Flop (didn't bet)
Seat 5: LasVegasYo folded before Flop (didn't bet)
Seat 6: OTBFTA folded on the Flop



PokerStars Zoom Hand #175926128920:  Hold'em No Limit ($0.05/$0.10) - 2017/09/21 19:44:47 CCT [2017/09/21 7:44:47 ET]
Table 'Aludra' 6-max Seat #1 is the button
Seat 1: HubertusB ($9.70 in chips) 
Seat 2: OMG itz Sams ($9.55 in chips) 
Seat 3: smokerface 0 ($10.73 in chips) 
Seat 4: kemzauskas ($32.73 in chips) 
Seat 5: Volkovabk ($9.84 in chips) 
Seat 6: squirrel22tn ($10.21 in chips) 
OMG itz Sams: posts small blind $0.05
smokerface 0: posts big blind $0.10
*** HOLE CARDS ***
Dealt to HubertusB [Ks 8c]
kemzauskas: folds 
Volkovabk: folds 
squirrel22tn: folds 
HubertusB: folds 
OMG itz Sams: raises $0.11 to $0.21
smokerface 0: calls $0.11
*** FLOP *** [4h Td 7s]
OMG itz Sams: bets $0.20
smokerface 0: folds 
Uncalled bet ($0.20) returned to OMG itz Sams
OMG itz Sams collected $0.40 from pot
OMG itz Sams: doesn't show hand 
*** SUMMARY ***
Total pot $0.42 | Rake $0.02 
Board [4h Td 7s]
Seat 1: HubertusB (button) folded before Flop (didn't bet)
Seat 2: OMG itz Sams (small blind) collected ($0.40)
Seat 3: smokerface 0 (big blind) folded on the Flop
Seat 4: kemzauskas folded before Flop (didn't bet)
Seat 5: Volkovabk folded before Flop (didn't bet)
Seat 6: squirrel22tn folded before Flop (didn't bet)



PokerStars Zoom Hand #175926132305:  Hold'em No Limit ($0.05/$0.10) - 2017/09/21 19:44:55 CCT [2017/09/21 7:44:55 ET]
Table 'Aludra' 6-max Seat #1 is the button
Seat 1: lealko14 ($20.08 in chips) 
Seat 2: TaiwanDollar ($16.98 in chips) 
Seat 3: BagdasaryanM ($10 in chips) 
Seat 4: HubertusB ($9.70 in chips) 
Seat 5: FireMär ($50.26 in chips) 
Seat 6: !o*QUASAR*o! ($10.15 in chips) 
TaiwanDollar: posts small blind $0.05
BagdasaryanM: posts big blind $0.10
*** HOLE CARDS ***
Dealt to HubertusB [As 8s]
HubertusB: folds 
FireMär: folds 
!o*QUASAR*o!: folds 
lealko14: raises $0.15 to $0.25
TaiwanDollar: folds 
BagdasaryanM: folds 
Uncalled bet ($0.15) returned to lealko14
lealko14 collected $0.25 from pot
lealko14: doesn't show hand 
*** SUMMARY ***
Total pot $0.25 | Rake $0 
Seat 1: lealko14 (button) collected ($0.25)
Seat 2: TaiwanDollar (small blind) folded before Flop
Seat 3: BagdasaryanM (big blind) folded before Flop
Seat 4: HubertusB folded before Flop (didn't bet)
Seat 5: FireMär folded before Flop (didn't bet)
Seat 6: !o*QUASAR*o! folded before Flop (didn't bet)



PokerStars Zoom Hand #175926134764:  Hold'em No Limit ($0.05/$0.10) - 2017/09/21 19:45:01 CCT [2017/09/21 7:45:01 ET]
Table 'Aludra' 6-max Seat #1 is the button
Seat 1: jhkarssen ($2.58 in chips) 
Seat 2: beluccix ($6.68 in chips) 
Seat 3: HubertusB ($9.70 in chips) 
Seat 4: Lilita88 ($10.94 in chips) 
Seat 5: LearnLearnLe ($10 in chips) 
Seat 6: Alexioo1 ($10 in chips) 
beluccix: posts small blind $0.05
HubertusB: posts big blind $0.10
*** HOLE CARDS ***
Dealt to HubertusB [3d 5h]
Lilita88: folds 
LearnLearnLe: folds 
Alexioo1: folds 
jhkarssen: raises $0.14 to $0.24
beluccix: raises $0.51 to $0.75
HubertusB: folds 
jhkarssen: folds 
Uncalled bet ($0.51) returned to beluccix
beluccix collected $0.58 from pot
beluccix: doesn't show hand 
*** SUMMARY ***
Total pot $0.58 | Rake $0 
Seat 1: jhkarssen (button) folded before Flop
Seat 2: beluccix (small blind) collected ($0.58)
Seat 3: HubertusB (big blind) folded before Flop
Seat 4: Lilita88 folded before Flop (didn't bet)
Seat 5: LearnLearnLe folded before Flop (didn't bet)
Seat 6: Alexioo1 folded before Flop (didn't bet)



PokerStars Zoom Hand #175926143745:  Hold'em No Limit ($0.05/$0.10) - 2017/09/21 19:45:23 CCT [2017/09/21 7:45:23 ET]
Table 'Aludra' 6-max Seat #1 is the button
Seat 1: PankunJ73 ($10 in chips) 
Seat 2: HubertusB ($9.60 in chips) 
Seat 3: Fi$her5555 ($9.21 in chips) 
Seat 4: bustoz ($10.32 in chips) 
Seat 5: HighCard600 ($12.74 in chips) 
Seat 6: QuillienHS ($13.54 in chips) 
HubertusB: posts small blind $0.05
Fi$her5555: posts big blind $0.10
*** HOLE CARDS ***
Dealt to HubertusB [Ks 9c]
bustoz: folds 
HighCard600: raises $0.20 to $0.30
QuillienHS: folds 
PankunJ73: folds 
HubertusB: folds 
Fi$her5555: folds 
Uncalled bet ($0.20) returned to HighCard600
HighCard600 collected $0.25 from pot
HighCard600: doesn't show hand 
*** SUMMARY ***
Total pot $0.25 | Rake $0 
Seat 1: PankunJ73 (button) folded before Flop (didn't bet)
Seat 2: HubertusB (small blind) folded before Flop
Seat 3: Fi$her5555 (big blind) folded before Flop
Seat 4: bustoz folded before Flop (didn't bet)
Seat 5: HighCard600 collected ($0.25)
Seat 6: QuillienHS folded before Flop (didn't bet)



PokerStars Zoom Hand #175926141329:  Hold'em No Limit ($0.05/$0.10) - 2017/09/21 19:45:17 CCT [2017/09/21 7:45:17 ET]
Table 'Aludra' 6-max Seat #1 is the button
Seat 1: fuleske1 ($4.90 in chips) 
Seat 2: nekoichi5 ($10.33 in chips) 
Seat 3: oemez.cz ($10.03 in chips) 
Seat 4: HubertusB ($9.60 in chips) 
Seat 5: Rokko888 ($11.06 in chips) 
Seat 6: faideron ($10.35 in chips) 
nekoichi5: posts small blind $0.05
oemez.cz: posts big blind $0.10
*** HOLE CARDS ***
Dealt to HubertusB [7c 5d]
HubertusB: folds 
Rokko888: folds 
faideron: raises $0.10 to $0.20
fuleske1: calls $0.20
nekoichi5: folds 
oemez.cz: folds 
*** FLOP *** [Js 7d Qs]
faideron: checks 
fuleske1: bets $0.27
faideron: folds 
Uncalled bet ($0.27) returned to fuleske1
fuleske1 collected $0.53 from pot
fuleske1: doesn't show hand 
*** SUMMARY ***
Total pot $0.55 | Rake $0.02 
Board [Js 7d Qs]
Seat 1: fuleske1 (button) collected ($0.53)
Seat 2: nekoichi5 (small blind) folded before Flop
Seat 3: oemez.cz (big blind) folded before Flop
Seat 4: HubertusB folded before Flop (didn't bet)
Seat 5: Rokko888 folded before Flop (didn't bet)
Seat 6: faideron folded on the Flop



PokerStars Zoom Hand #175926152856:  Hold'em No Limit ($0.05/$0.10) - 2017/09/21 19:45:45 CCT [2017/09/21 7:45:45 ET]
Table 'Aludra' 6-max Seat #1 is the button
Seat 1: HubertusB ($9.55 in chips) 
Seat 2: LasVegasYo ($18.15 in chips) 
Seat 3: IQ Goldfish ($14.17 in chips) 
Seat 4: wieisdaar ($12.27 in chips) 
Seat 5: hungryfish23 ($15.63 in chips) 
Seat 6: drbennis ($9.16 in chips) 
LasVegasYo: posts small blind $0.05
IQ Goldfish: posts big blind $0.10
*** HOLE CARDS ***
Dealt to HubertusB [Jd 5h]
wieisdaar: folds 
hungryfish23: folds 
drbennis: folds 
HubertusB: folds 
LasVegasYo: folds 
Uncalled bet ($0.05) returned to IQ Goldfish
IQ Goldfish collected $0.10 from pot
IQ Goldfish: doesn't show hand 
*** SUMMARY ***
Total pot $0.10 | Rake $0 
Seat 1: HubertusB (button) folded before Flop (didn't bet)
Seat 2: LasVegasYo (small blind) folded before Flop
Seat 3: IQ Goldfish (big blind) collected ($0.10)
Seat 4: wieisdaar folded before Flop (didn't bet)
Seat 5: hungryfish23 folded before Flop (didn't bet)
Seat 6: drbennis folded before Flop (didn't bet)



PokerStars Zoom Hand #175926149172:  Hold'em No Limit ($0.05/$0.10) - 2017/09/21 19:45:36 CCT [2017/09/21 7:45:36 ET]
Table 'Aludra' 6-max Seat #1 is the button
Seat 1: xerox teen ($10.25 in chips) 
Seat 2: lenya_stein ($10 in chips) 
Seat 3: kalmyk ($13.42 in chips) 
Seat 4: zmey292 ($19.51 in chips) 
Seat 5: HubertusB ($9.55 in chips) 
Seat 6: Bluecrust ($21.56 in chips) 
lenya_stein: posts small blind $0.05
kalmyk: posts big blind $0.10
*** HOLE CARDS ***
Dealt to HubertusB [8h 6h]
zmey292: raises $0.20 to $0.30
HubertusB: folds 
Bluecrust: folds 
xerox teen: folds 
lenya_stein: folds 
kalmyk: folds 
Uncalled bet ($0.20) returned to zmey292
zmey292 collected $0.25 from pot
zmey292: doesn't show hand 
*** SUMMARY ***
Total pot $0.25 | Rake $0 
Seat 1: xerox teen (button) folded before Flop (didn't bet)
Seat 2: lenya_stein (small blind) folded before Flop
Seat 3: kalmyk (big blind) folded before Flop
Seat 4: zmey292 collected ($0.25)
Seat 5: HubertusB folded before Flop (didn't bet)
Seat 6: Bluecrust folded before Flop (didn't bet)



PokerStars Zoom Hand #175926154865:  Hold'em No Limit ($0.05/$0.10) - 2017/09/21 19:45:50 CCT [2017/09/21 7:45:50 ET]
Table 'Aludra' 6-max Seat #1 is the button
Seat 1: mihailzah ($3.10 in chips) 
Seat 2: GrrGrrGrauw ($11.01 in chips) 
Seat 3: Vlad2017761 ($10.27 in chips) 
Seat 4: HubertusB ($9.55 in chips) 
Seat 5: NoRVeg500 ($4.57 in chips) 
Seat 6: WilcoDP ($4.45 in chips) 
GrrGrrGrauw: posts small blind $0.05
Vlad2017761: posts big blind $0.10
*** HOLE CARDS ***
Dealt to HubertusB [3d 6h]
HubertusB: folds 
NoRVeg500: folds 
WilcoDP: folds 
mihailzah: folds 
GrrGrrGrauw: folds 
Uncalled bet ($0.05) returned to Vlad2017761
Vlad2017761 collected $0.10 from pot
Vlad2017761: doesn't show hand 
*** SUMMARY ***
Total pot $0.10 | Rake $0 
Seat 1: mihailzah (button) folded before Flop (didn't bet)
Seat 2: GrrGrrGrauw (small blind) folded before Flop
Seat 3: Vlad2017761 (big blind) collected ($0.10)
Seat 4: HubertusB folded before Flop (didn't bet)
Seat 5: NoRVeg500 folded before Flop (didn't bet)
Seat 6: WilcoDP folded before Flop (didn't bet)



PokerStars Zoom Hand #175926160235:  Hold'em No Limit ($0.05/$0.10) - 2017/09/21 19:46:03 CCT [2017/09/21 7:46:03 ET]
Table 'Aludra' 6-max Seat #1 is the button
Seat 1: babloboy ($10 in chips) 
Seat 2: HubertusB ($9.45 in chips) 
Seat 3: oemez.cz ($10.60 in chips) 
Seat 4: (s)ain't_dmm ($10.50 in chips) 
Seat 5: zixh ($9.85 in chips) 
Seat 6: lealko14 ($13.52 in chips) 
HubertusB: posts small blind $0.05
oemez.cz: posts big blind $0.10
*** HOLE CARDS ***
Dealt to HubertusB [Tc 9h]
(s)ain't_dmm: folds 
zixh: folds 
lealko14: folds 
babloboy: folds 
HubertusB: folds 
Uncalled bet ($0.05) returned to oemez.cz
oemez.cz collected $0.10 from pot
oemez.cz: doesn't show hand 
*** SUMMARY ***
Total pot $0.10 | Rake $0 
Seat 1: babloboy (button) folded before Flop (didn't bet)
Seat 2: HubertusB (small blind) folded before Flop
Seat 3: oemez.cz (big blind) collected ($0.10)
Seat 4: (s)ain't_dmm folded before Flop (didn't bet)
Seat 5: zixh folded before Flop (didn't bet)
Seat 6: lealko14 folded before Flop (didn't bet)



PokerStars Zoom Hand #175926146259:  Hold'em No Limit ($0.05/$0.10) - 2017/09/21 19:45:29 CCT [2017/09/21 7:45:29 ET]
Table 'Aludra' 6-max Seat #1 is the button
Seat 1: zeppelin707 ($9.95 in chips) 
Seat 2: P.k.r.Luck83 ($10 in chips) 
Seat 3: Pipets ($10.10 in chips) 
Seat 4: HebeFans ($10 in chips) 
Seat 5: HubertusB ($9.55 in chips) 
Seat 6: Retr-NSK ($9.14 in chips) 
P.k.r.Luck83: posts small blind $0.05
Pipets: posts big blind $0.10
*** HOLE CARDS ***
Dealt to HubertusB [Qc 4c]
HebeFans: raises $0.20 to $0.30
HubertusB: folds 
Retr-NSK: folds 
zeppelin707: calls $0.30
P.k.r.Luck83: calls $0.25
Pipets: calls $0.20
*** FLOP *** [3d 5s Js]
P.k.r.Luck83: checks 
Pipets: checks 
HebeFans: checks 
zeppelin707: checks 
*** TURN *** [3d 5s Js] [5h]
P.k.r.Luck83: checks 
Pipets: checks 
HebeFans: checks 
zeppelin707: checks 
*** RIVER *** [3d 5s Js 5h] [5c]
P.k.r.Luck83: checks 
Pipets: bets $0.50
HebeFans: folds 
zeppelin707: folds 
P.k.r.Luck83: folds 
Uncalled bet ($0.50) returned to Pipets
Pipets collected $1.15 from pot
Pipets: doesn't show hand 
*** SUMMARY ***
Total pot $1.20 | Rake $0.05 
Board [3d 5s Js 5h 5c]
Seat 1: zeppelin707 (button) folded on the River
Seat 2: P.k.r.Luck83 (small blind) folded on the River
Seat 3: Pipets (big blind) collected ($1.15)
Seat 4: HebeFans folded on the River
Seat 5: HubertusB folded before Flop (didn't bet)
Seat 6: Retr-NSK folded before Flop (didn't bet)



PokerStars Zoom Hand #175926156946:  Hold'em No Limit ($0.05/$0.10) - 2017/09/21 19:45:55 CCT [2017/09/21 7:45:55 ET]
Table 'Aludra' 6-max Seat #1 is the button
Seat 1: xandrrro ($13.33 in chips) 
Seat 2: Pasik1987 ($13.82 in chips) 
Seat 3: HubertusB ($9.55 in chips) 
Seat 4: infitoha ($37.05 in chips) 
Seat 5: BagdasaryanM ($10 in chips) 
Seat 6: jhkarssen ($8.26 in chips) 
Pasik1987: posts small blind $0.05
HubertusB: posts big blind $0.10
*** HOLE CARDS ***
Dealt to HubertusB [3h Tc]
infitoha: folds 
BagdasaryanM: folds 
jhkarssen: raises $0.14 to $0.24
xandrrro: folds 
Pasik1987: folds 
HubertusB: folds 
Uncalled bet ($0.14) returned to jhkarssen
jhkarssen collected $0.25 from pot
jhkarssen: doesn't show hand 
*** SUMMARY ***
Total pot $0.25 | Rake $0 
Seat 1: xandrrro (button) folded before Flop (didn't bet)
Seat 2: Pasik1987 (small blind) folded before Flop
Seat 3: HubertusB (big blind) folded before Flop
Seat 4: infitoha folded before Flop (didn't bet)
Seat 5: BagdasaryanM folded before Flop (didn't bet)
Seat 6: jhkarssen collected ($0.25)



PokerStars Zoom Hand #175926162318:  Hold'em No Limit ($0.05/$0.10) - 2017/09/21 19:46:08 CCT [2017/09/21 7:46:08 ET]
Table 'Aludra' 6-max Seat #1 is the button
Seat 1: patterson877 ($7.32 in chips) 
Seat 2: weberuga ($11.85 in chips) 
Seat 3: sashka013 ($10 in chips) 
Seat 4: H_xpthck ($10 in chips) 
Seat 5: JohnyPopleta ($13.86 in chips) 
Seat 6: HubertusB ($9.40 in chips) 
weberuga: posts small blind $0.05
sashka013: posts big blind $0.10
*** HOLE CARDS ***
Dealt to HubertusB [6h Ac]
H_xpthck: folds 
JohnyPopleta: folds 
HubertusB: raises $0.20 to $0.30
patterson877: folds 
weberuga: calls $0.25
sashka013: folds 
*** FLOP *** [2c 6c 7d]
weberuga: checks 
HubertusB: bets $0.40
weberuga: calls $0.40
*** TURN *** [2c 6c 7d] [8h]
weberuga: checks 
HubertusB: checks 
*** RIVER *** [2c 6c 7d 8h] [9d]
weberuga: checks 
HubertusB: checks 
*** SHOW DOWN ***
weberuga: shows [7c 7s] (three of a kind, Sevens)
HubertusB: mucks hand 
weberuga collected $1.43 from pot
*** SUMMARY ***
Total pot $1.50 | Rake $0.07 
Board [2c 6c 7d 8h 9d]
Seat 1: patterson877 (button) folded before Flop (didn't bet)
Seat 2: weberuga (small blind) showed [7c 7s] and won ($1.43) with three of a kind, Sevens
Seat 3: sashka013 (big blind) folded before Flop
Seat 4: H_xpthck folded before Flop (didn't bet)
Seat 5: JohnyPopleta folded before Flop (didn't bet)
Seat 6: HubertusB mucked [6h Ac]



PokerStars Zoom Hand #175926181507:  Hold'em No Limit ($0.05/$0.10) - 2017/09/21 19:46:55 CCT [2017/09/21 7:46:55 ET]
Table 'Aludra' 6-max Seat #1 is the button
Seat 1: jhkarssen ($3.60 in chips) 
Seat 2: (s)ain't_dmm ($15.19 in chips) 
Seat 3: FireMär ($50.11 in chips) 
Seat 4: blacktony29 ($7.20 in chips) 
Seat 5: usapiko ($10.45 in chips) 
Seat 6: HubertusB ($8.70 in chips) 
(s)ain't_dmm: posts small blind $0.05
FireMär: posts big blind $0.10
*** HOLE CARDS ***
Dealt to HubertusB [5c 7d]
blacktony29: folds 
usapiko: raises $0.20 to $0.30
HubertusB: folds 
jhkarssen: calls $0.30
(s)ain't_dmm: calls $0.25
FireMär: folds 
*** FLOP *** [Jd Tc 3h]
(s)ain't_dmm: checks 
usapiko: bets $0.62
jhkarssen: folds 
(s)ain't_dmm: calls $0.62
*** TURN *** [Jd Tc 3h] [2c]
(s)ain't_dmm: checks 
usapiko: bets $1.39
(s)ain't_dmm: calls $1.39
*** RIVER *** [Jd Tc 3h 2c] [5d]
(s)ain't_dmm: checks 
usapiko: checks 
*** SHOW DOWN ***
(s)ain't_dmm: shows [Ah Th] (a pair of Tens)
usapiko: shows [Qc Qs] (a pair of Queens)
usapiko collected $4.79 from pot
*** SUMMARY ***
Total pot $5.02 | Rake $0.23 
Board [Jd Tc 3h 2c 5d]
Seat 1: jhkarssen (button) folded on the Flop
Seat 2: (s)ain't_dmm (small blind) showed [Ah Th] and lost with a pair of Tens
Seat 3: FireMär (big blind) folded before Flop
Seat 4: blacktony29 folded before Flop (didn't bet)
Seat 5: usapiko showed [Qc Qs] and won ($4.79) with a pair of Queens
Seat 6: HubertusB folded before Flop (didn't bet)



PokerStars Zoom Hand #175926188008:  Hold'em No Limit ($0.05/$0.10) - 2017/09/21 19:47:11 CCT [2017/09/21 7:47:11 ET]
Table 'Aludra' 6-max Seat #1 is the button
Seat 1: HubertusB ($8.70 in chips) 
Seat 2: DmitriySc ($4.65 in chips) 
Seat 3: hsingyang ($9.60 in chips) 
Seat 4: saleriver ($11.99 in chips) 
Seat 5: AAlinaN ($10 in chips) 
Seat 6: weberuga ($9.85 in chips) 
DmitriySc: posts small blind $0.05
hsingyang: posts big blind $0.10
*** HOLE CARDS ***
Dealt to HubertusB [Ts Jd]
saleriver: folds 
AAlinaN: folds 
weberuga: folds 
HubertusB: raises $0.20 to $0.30
DmitriySc: calls $0.25
hsingyang: raises $1 to $1.30
HubertusB: folds 
DmitriySc: folds 
Uncalled bet ($1) returned to hsingyang
hsingyang collected $0.90 from pot
hsingyang: doesn't show hand 
*** SUMMARY ***
Total pot $0.90 | Rake $0 
Seat 1: HubertusB (button) folded before Flop
Seat 2: DmitriySc (small blind) folded before Flop
Seat 3: hsingyang (big blind) collected ($0.90)
Seat 4: saleriver folded before Flop (didn't bet)
Seat 5: AAlinaN folded before Flop (didn't bet)
Seat 6: weberuga folded before Flop (didn't bet)



PokerStars Zoom Hand #175926202054:  Hold'em No Limit ($0.05/$0.10) - 2017/09/21 19:47:45 CCT [2017/09/21 7:47:45 ET]
Table 'Aludra' 6-max Seat #1 is the button
Seat 1: Ramis30 ($44.88 in chips) 
Seat 2: ab_wien ($9.90 in chips) 
Seat 3: 72hands ($11.68 in chips) 
Seat 4: beluccix ($6.57 in chips) 
Seat 5: HubertusB ($8.40 in chips) 
Seat 6: athernu ($19.06 in chips) 
ab_wien: posts small blind $0.05
72hands: posts big blind $0.10
*** HOLE CARDS ***
Dealt to HubertusB [6h Qh]
beluccix: raises $0.15 to $0.25
HubertusB: folds 
athernu: folds 
Ramis30: folds 
ab_wien: folds 
72hands: folds 
Uncalled bet ($0.15) returned to beluccix
beluccix collected $0.25 from pot
beluccix: doesn't show hand 
*** SUMMARY ***
Total pot $0.25 | Rake $0 
Seat 1: Ramis30 (button) folded before Flop (didn't bet)
Seat 2: ab_wien (small blind) folded before Flop
Seat 3: 72hands (big blind) folded before Flop
Seat 4: beluccix collected ($0.25)
Seat 5: HubertusB folded before Flop (didn't bet)
Seat 6: athernu folded before Flop (didn't bet)



PokerStars Zoom Hand #175926211953:  Hold'em No Limit ($0.05/$0.10) - 2017/09/21 19:48:09 CCT [2017/09/21 7:48:09 ET]
Table 'Aludra' 6-max Seat #1 is the button
Seat 1: tbock8888 ($32.30 in chips) 
Seat 2: AAlinaN ($10 in chips) 
Seat 3: HubertusB ($8.40 in chips) 
Seat 4: Díh Bucker ($9.55 in chips) 
Seat 5: gdgdry ($10.46 in chips) 
Seat 6: kokostav ($9.55 in chips) 
AAlinaN: posts small blind $0.05
HubertusB: posts big blind $0.10
*** HOLE CARDS ***
Dealt to HubertusB [Qd 8h]
Díh Bucker: folds 
gdgdry: folds 
kokostav: folds 
tbock8888: folds 
AAlinaN: raises $0.20 to $0.30
HubertusB: folds 
Uncalled bet ($0.20) returned to AAlinaN
AAlinaN collected $0.20 from pot
AAlinaN: doesn't show hand 
*** SUMMARY ***
Total pot $0.20 | Rake $0 
Seat 1: tbock8888 (button) folded before Flop (didn't bet)
Seat 2: AAlinaN (small blind) collected ($0.20)
Seat 3: HubertusB (big blind) folded before Flop
Seat 4: Díh Bucker folded before Flop (didn't bet)
Seat 5: gdgdry folded before Flop (didn't bet)
Seat 6: kokostav folded before Flop (didn't bet)



PokerStars Zoom Hand #175926216058:  Hold'em No Limit ($0.05/$0.10) - 2017/09/21 19:48:19 CCT [2017/09/21 7:48:19 ET]
Table 'Aludra' 6-max Seat #1 is the button
Seat 1: Díh Bucker ($9.55 in chips) 
Seat 2: HubertusB ($8.30 in chips) 
Seat 3: squirrel22tn ($10.87 in chips) 
Seat 4: nekoichi5 ($21.87 in chips) 
Seat 5: Darkoni93 ($19.89 in chips) 
Seat 6: MagicBandit7 ($11.43 in chips) 
HubertusB: posts small blind $0.05
squirrel22tn: posts big blind $0.10
*** HOLE CARDS ***
Dealt to HubertusB [8s 2h]
nekoichi5: folds 
Darkoni93: raises $0.15 to $0.25
MagicBandit7: folds 
Díh Bucker: raises $0.75 to $1
HubertusB: folds 
squirrel22tn: folds 
Darkoni93: folds 
Uncalled bet ($0.75) returned to Díh Bucker
Díh Bucker collected $0.65 from pot
Díh Bucker: doesn't show hand 
*** SUMMARY ***
Total pot $0.65 | Rake $0 
Seat 1: Díh Bucker (button) collected ($0.65)
Seat 2: HubertusB (small blind) folded before Flop
Seat 3: squirrel22tn (big blind) folded before Flop
Seat 4: nekoichi5 folded before Flop (didn't bet)
Seat 5: Darkoni93 folded before Flop
Seat 6: MagicBandit7 folded before Flop (didn't bet)



PokerStars Zoom Hand #175926218533:  Hold'em No Limit ($0.05/$0.10) - 2017/09/21 19:48:25 CCT [2017/09/21 7:48:25 ET]
Table 'Aludra' 6-max Seat #1 is the button
Seat 1: ne4eHb ($29.83 in chips) 
Seat 2: Navaro23162 ($13.05 in chips) 
Seat 3: bravo065 ($11.42 in chips) 
Seat 4: HubertusB ($8.25 in chips) 
Seat 5: pkgdzen ($10.86 in chips) 
Seat 6: TPG174932 ($7.95 in chips) 
Navaro23162: posts small blind $0.05
bravo065: posts big blind $0.10
*** HOLE CARDS ***
Dealt to HubertusB [6d 3d]
HubertusB: folds 
pkgdzen: folds 
TPG174932: folds 
ne4eHb: folds 
Navaro23162: folds 
Uncalled bet ($0.05) returned to bravo065
bravo065 collected $0.10 from pot
bravo065: doesn't show hand 
*** SUMMARY ***
Total pot $0.10 | Rake $0 
Seat 1: ne4eHb (button) folded before Flop (didn't bet)
Seat 2: Navaro23162 (small blind) folded before Flop
Seat 3: bravo065 (big blind) collected ($0.10)
Seat 4: HubertusB folded before Flop (didn't bet)
Seat 5: pkgdzen folded before Flop (didn't bet)
Seat 6: TPG174932 folded before Flop (didn't bet)



PokerStars Zoom Hand #175926221540:  Hold'em No Limit ($0.05/$0.10) - 2017/09/21 19:48:32 CCT [2017/09/21 7:48:32 ET]
Table 'Aludra' 6-max Seat #1 is the button
Seat 1: anikolaev54 ($9.85 in chips) 
Seat 2: blessmee111 ($10.05 in chips) 
Seat 3: Bunitita2011 ($14.04 in chips) 
Seat 4: kabenok ($3.92 in chips) 
Seat 5: 3DMINSK ($31.27 in chips) 
Seat 6: HubertusB ($8.25 in chips) 
blessmee111: posts small blind $0.05
Bunitita2011: posts big blind $0.10
*** HOLE CARDS ***
Dealt to HubertusB [5d As]
kabenok: folds 
3DMINSK: folds 
HubertusB: raises $0.20 to $0.30
anikolaev54: folds 
blessmee111: folds 
Bunitita2011: calls $0.20
*** FLOP *** [Ks 7s 3c]
Bunitita2011: checks 
HubertusB: bets $0.40
Bunitita2011: folds 
Uncalled bet ($0.40) returned to HubertusB
HubertusB collected $0.62 from pot
HubertusB: doesn't show hand 
*** SUMMARY ***
Total pot $0.65 | Rake $0.03 
Board [Ks 7s 3c]
Seat 1: anikolaev54 (button) folded before Flop (didn't bet)
Seat 2: blessmee111 (small blind) folded before Flop
Seat 3: Bunitita2011 (big blind) folded on the Flop
Seat 4: kabenok folded before Flop (didn't bet)
Seat 5: 3DMINSK folded before Flop (didn't bet)
Seat 6: HubertusB collected ($0.62)



PokerStars Zoom Hand #175926204487:  Hold'em No Limit ($0.05/$0.10) - 2017/09/21 19:47:51 CCT [2017/09/21 7:47:51 ET]
Table 'Aludra' 6-max Seat #1 is the button
Seat 1: HubertusB ($8.40 in chips) 
Seat 2: rolli1804 ($10 in chips) 
Seat 3: uCanTryHAHA ($10 in chips) 
Seat 4: BagdasaryanM ($10 in chips) 
Seat 5: Sunrise1912 ($30.02 in chips) 
Seat 6: JH_Baek ($17.99 in chips) 
rolli1804: posts small blind $0.05
uCanTryHAHA: posts big blind $0.10
*** HOLE CARDS ***
Dealt to HubertusB [Tc Qc]
BagdasaryanM: raises $0.15 to $0.25
Sunrise1912: folds 
JH_Baek: folds 
HubertusB: folds 
rolli1804: folds 
uCanTryHAHA: raises $0.75 to $1
BagdasaryanM: raises $1.60 to $2.60
uCanTryHAHA: folds 
Uncalled bet ($1.60) returned to BagdasaryanM
BagdasaryanM collected $2.05 from pot
BagdasaryanM: doesn't show hand 
*** SUMMARY ***
Total pot $2.05 | Rake $0 
Seat 1: HubertusB (button) folded before Flop (didn't bet)
Seat 2: rolli1804 (small blind) folded before Flop
Seat 3: uCanTryHAHA (big blind) folded before Flop
Seat 4: BagdasaryanM collected ($2.05)
Seat 5: Sunrise1912 folded before Flop (didn't bet)
Seat 6: JH_Baek folded before Flop (didn't bet)



PokerStars Zoom Hand #175926230591:  Hold'em No Limit ($0.05/$0.10) - 2017/09/21 19:48:54 CCT [2017/09/21 7:48:54 ET]
Table 'Aludra' 6-max Seat #1 is the button
Seat 1: JohnyPopleta ($18.10 in chips) 
Seat 2: Brever69 ($6.46 in chips) 
Seat 3: rastayes420 ($19.02 in chips) 
Seat 4: zloihaha ($22.65 in chips) 
Seat 5: HubertusB ($8.57 in chips) 
Seat 6: gorneva ($11.26 in chips) 
Brever69: posts small blind $0.05
rastayes420: posts big blind $0.10
*** HOLE CARDS ***
Dealt to HubertusB [Ad 8s]
zloihaha: folds 
HubertusB: folds 
gorneva: raises $0.10 to $0.20
JohnyPopleta: folds 
Brever69: folds 
rastayes420: calls $0.10
*** FLOP *** [Td 4c 2h]
rastayes420: checks 
gorneva: bets $0.22
rastayes420: raises $0.48 to $0.70
gorneva: calls $0.48
*** TURN *** [Td 4c 2h] [5c]
rastayes420: checks 
gorneva: bets $1.33
rastayes420: folds 
Uncalled bet ($1.33) returned to gorneva
gorneva collected $1.77 from pot
gorneva: doesn't show hand 
*** SUMMARY ***
Total pot $1.85 | Rake $0.08 
Board [Td 4c 2h 5c]
Seat 1: JohnyPopleta (button) folded before Flop (didn't bet)
Seat 2: Brever69 (small blind) folded before Flop
Seat 3: rastayes420 (big blind) folded on the Turn
Seat 4: zloihaha folded before Flop (didn't bet)
Seat 5: HubertusB folded before Flop (didn't bet)
Seat 6: gorneva collected ($1.77)



PokerStars Zoom Hand #175926232606:  Hold'em No Limit ($0.05/$0.10) - 2017/09/21 19:48:59 CCT [2017/09/21 7:48:59 ET]
Table 'Aludra' 6-max Seat #1 is the button
Seat 1: HubertusB ($8.57 in chips) 
Seat 2: 0322Riga ($9.41 in chips) 
Seat 3: hilita ($21.33 in chips) 
Seat 4: LearnLearnLe ($10 in chips) 
Seat 5: nekoichi5 ($10.56 in chips) 
Seat 6: kemzauskas ($33.89 in chips) 
0322Riga: posts small blind $0.05
hilita: posts big blind $0.10
*** HOLE CARDS ***
Dealt to HubertusB [Th Ah]
LearnLearnLe: folds 
nekoichi5: raises $0.15 to $0.25
kemzauskas: calls $0.25
HubertusB: calls $0.25
0322Riga: calls $0.20
hilita: folds 
*** FLOP *** [9h As 8s]
0322Riga: checks 
nekoichi5: checks 
kemzauskas: checks 
HubertusB: bets $0.80
0322Riga: folds 
nekoichi5: folds 
kemzauskas: calls $0.80
*** TURN *** [9h As 8s] [5s]
kemzauskas: checks 
HubertusB: checks 
*** RIVER *** [9h As 8s 5s] [Kc]
kemzauskas: checks 
HubertusB: checks 
*** SHOW DOWN ***
kemzauskas: shows [Jd Ts] (high card Ace)
HubertusB: shows [Th Ah] (a pair of Aces)
HubertusB collected $2.58 from pot
*** SUMMARY ***
Total pot $2.70 | Rake $0.12 
Board [9h As 8s 5s Kc]
Seat 1: HubertusB (button) showed [Th Ah] and won ($2.58) with a pair of Aces
Seat 2: 0322Riga (small blind) folded on the Flop
Seat 3: hilita (big blind) folded before Flop
Seat 4: LearnLearnLe folded before Flop (didn't bet)
Seat 5: nekoichi5 folded on the Flop
Seat 6: kemzauskas showed [Jd Ts] and lost with high card Ace



PokerStars Zoom Hand #175926275025:  Hold'em No Limit ($0.05/$0.10) - 2017/09/21 19:50:41 CCT [2017/09/21 7:50:41 ET]
Table 'Aludra' 6-max Seat #1 is the button
Seat 1: GrrGrrGrauw ($11.21 in chips) 
Seat 2: filimon45 ($2.48 in chips) 
Seat 3: Vradik ($11.22 in chips) 
Seat 4: kontost ($20.06 in chips) 
Seat 5: Diso182 ($14.53 in chips) 
Seat 6: HubertusB ($10.10 in chips) 
filimon45: posts small blind $0.05
Vradik: posts big blind $0.10
*** HOLE CARDS ***
Dealt to HubertusB [6c 4c]
kontost: folds 
Diso182: raises $0.15 to $0.25
HubertusB: folds 
GrrGrrGrauw: folds 
filimon45: folds 
Vradik: folds 
Uncalled bet ($0.15) returned to Diso182
Diso182 collected $0.25 from pot
Diso182: doesn't show hand 
*** SUMMARY ***
Total pot $0.25 | Rake $0 
Seat 1: GrrGrrGrauw (button) folded before Flop (didn't bet)
Seat 2: filimon45 (small blind) folded before Flop
Seat 3: Vradik (big blind) folded before Flop
Seat 4: kontost folded before Flop (didn't bet)
Seat 5: Diso182 collected ($0.25)
Seat 6: HubertusB folded before Flop (didn't bet)



PokerStars Zoom Hand #175926277994:  Hold'em No Limit ($0.05/$0.10) - 2017/09/21 19:50:48 CCT [2017/09/21 7:50:48 ET]
Table 'Aludra' 6-max Seat #1 is the button
Seat 1: luk28757 ($4.32 in chips) 
Seat 2: florinasu83 ($10.43 in chips) 
Seat 3: HubertusB ($10.10 in chips) 
Seat 4: Mister-Yuron ($9.45 in chips) 
Seat 5: HebeFans ($12.22 in chips) 
Seat 6: nekoichi5 ($21.32 in chips) 
florinasu83: posts small blind $0.05
HubertusB: posts big blind $0.10
*** HOLE CARDS ***
Dealt to HubertusB [Td 8c]
Mister-Yuron: folds 
HebeFans: folds 
nekoichi5: raises $0.15 to $0.25
luk28757: folds 
florinasu83: folds 
HubertusB: folds 
Uncalled bet ($0.15) returned to nekoichi5
nekoichi5 collected $0.25 from pot
nekoichi5: doesn't show hand 
*** SUMMARY ***
Total pot $0.25 | Rake $0 
Seat 1: luk28757 (button) folded before Flop (didn't bet)
Seat 2: florinasu83 (small blind) folded before Flop
Seat 3: HubertusB (big blind) folded before Flop
Seat 4: Mister-Yuron folded before Flop (didn't bet)
Seat 5: HebeFans folded before Flop (didn't bet)
Seat 6: nekoichi5 collected ($0.25)



PokerStars Zoom Hand #175926282538:  Hold'em No Limit ($0.05/$0.10) - 2017/09/21 19:50:59 CCT [2017/09/21 7:50:59 ET]
Table 'Aludra' 6-max Seat #1 is the button
Seat 1: siros777 ($10.65 in chips) 
Seat 2: HubertusB ($10 in chips) 
Seat 3: Las1980 ($15.20 in chips) 
Seat 4: (s)ain't_dmm ($13.47 in chips) 
Seat 5: -=l Grek l=- ($10 in chips) 
Seat 6: ScomaNdante ($11.28 in chips) 
HubertusB: posts small blind $0.05
Las1980: posts big blind $0.10
*** HOLE CARDS ***
Dealt to HubertusB [8h Qd]
(s)ain't_dmm: folds 
-=l Grek l=-: folds 
ScomaNdante: folds 
siros777: raises $0.10 to $0.20
HubertusB: folds 
Las1980: folds 
Uncalled bet ($0.10) returned to siros777
siros777 collected $0.25 from pot
siros777: doesn't show hand 
*** SUMMARY ***
Total pot $0.25 | Rake $0 
Seat 1: siros777 (button) collected ($0.25)
Seat 2: HubertusB (small blind) folded before Flop
Seat 3: Las1980 (big blind) folded before Flop
Seat 4: (s)ain't_dmm folded before Flop (didn't bet)
Seat 5: -=l Grek l=- folded before Flop (didn't bet)
Seat 6: ScomaNdante folded before Flop (didn't bet)



PokerStars Zoom Hand #175926284633:  Hold'em No Limit ($0.05/$0.10) - 2017/09/21 19:51:04 CCT [2017/09/21 7:51:04 ET]
Table 'Aludra' 6-max Seat #1 is the button
Seat 1: archerv13 ($16.15 in chips) 
Seat 2: TPG174932 ($7.05 in chips) 
Seat 3: mr.MinhAnh ($10 in chips) 
Seat 4: martyan21 ($5.40 in chips) 
Seat 5: HubertusB ($9.95 in chips) 
Seat 6: paterthomas ($10 in chips) 
TPG174932: posts small blind $0.05
mr.MinhAnh: posts big blind $0.10
*** HOLE CARDS ***
Dealt to HubertusB [4d Ad]
martyan21: folds 
HubertusB: raises $0.20 to $0.30
paterthomas: folds 
archerv13: folds 
TPG174932: calls $0.25
mr.MinhAnh: folds 
*** FLOP *** [Kc 8d Jc]
TPG174932: checks 
HubertusB: bets $0.40
TPG174932: raises $0.74 to $1.14
HubertusB: folds 
Uncalled bet ($0.74) returned to TPG174932
TPG174932 collected $1.43 from pot
TPG174932: doesn't show hand 
*** SUMMARY ***
Total pot $1.50 | Rake $0.07 
Board [Kc 8d Jc]
Seat 1: archerv13 (button) folded before Flop (didn't bet)
Seat 2: TPG174932 (small blind) collected ($1.43)
Seat 3: mr.MinhAnh (big blind) folded before Flop
Seat 4: martyan21 folded before Flop (didn't bet)
Seat 5: HubertusB folded on the Flop
Seat 6: paterthomas folded before Flop (didn't bet)



PokerStars Zoom Hand #175926301183:  Hold'em No Limit ($0.05/$0.10) - 2017/09/21 19:51:44 CCT [2017/09/21 7:51:44 ET]
Table 'Aludra' 6-max Seat #1 is the button
Seat 1: HubertusB ($9.25 in chips) 
Seat 2: lealko14 ($14.52 in chips) 
Seat 3: FireMär ($52.95 in chips) 
Seat 4: SRomanS ($15.75 in chips) 
Seat 5: antonbror ($16.68 in chips) 
Seat 6: Rokko888 ($12.50 in chips) 
lealko14: posts small blind $0.05
FireMär: posts big blind $0.10
*** HOLE CARDS ***
Dealt to HubertusB [6s 5h]
SRomanS: raises $0.20 to $0.30
antonbror: folds 
Rokko888: folds 
HubertusB: folds 
lealko14: folds 
FireMär: folds 
Uncalled bet ($0.20) returned to SRomanS
SRomanS collected $0.25 from pot
SRomanS: doesn't show hand 
*** SUMMARY ***
Total pot $0.25 | Rake $0 
Seat 1: HubertusB (button) folded before Flop (didn't bet)
Seat 2: lealko14 (small blind) folded before Flop
Seat 3: FireMär (big blind) folded before Flop
Seat 4: SRomanS collected ($0.25)
Seat 5: antonbror folded before Flop (didn't bet)
Seat 6: Rokko888 folded before Flop (didn't bet)



PokerStars Zoom Hand #175926303612:  Hold'em No Limit ($0.05/$0.10) - 2017/09/21 19:51:50 CCT [2017/09/21 7:51:50 ET]
Table 'Aludra' 6-max Seat #1 is the button
Seat 1: oemez.cz ($10 in chips) 
Seat 2: zloihaha ($12.98 in chips) 
Seat 3: HubertusB ($9.25 in chips) 
Seat 4: dumacc14 ($9.69 in chips) 
Seat 5: gorneva ($22.42 in chips) 
Seat 6: franz.isk14 ($10 in chips) 
zloihaha: posts small blind $0.05
HubertusB: posts big blind $0.10
*** HOLE CARDS ***
Dealt to HubertusB [8d 6h]
dumacc14: folds 
gorneva: folds 
franz.isk14: folds 
oemez.cz: folds 
zloihaha: raises $0.15 to $0.25
HubertusB: calls $0.15
*** FLOP *** [7s Td Jd]
zloihaha: checks 
HubertusB: bets $0.35
zloihaha: folds 
Uncalled bet ($0.35) returned to HubertusB
HubertusB collected $0.48 from pot
HubertusB: doesn't show hand 
*** SUMMARY ***
Total pot $0.50 | Rake $0.02 
Board [7s Td Jd]
Seat 1: oemez.cz (button) folded before Flop (didn't bet)
Seat 2: zloihaha (small blind) folded on the Flop
Seat 3: HubertusB (big blind) collected ($0.48)
Seat 4: dumacc14 folded before Flop (didn't bet)
Seat 5: gorneva folded before Flop (didn't bet)
Seat 6: franz.isk14 folded before Flop (didn't bet)



PokerStars Zoom Hand #175926329664:  Hold'em No Limit ($0.05/$0.10) - 2017/09/21 19:52:53 CCT [2017/09/21 7:52:53 ET]
Table 'Aludra' 6-max Seat #1 is the button
Seat 1: Darkoni93 ($6.68 in chips) 
Seat 2: HubertusB ($9.48 in chips) 
Seat 3: ZzmacC ($9.65 in chips) 
Seat 4: Omicron333 ($10.76 in chips) 
Seat 5: archerv13 ($12.01 in chips) 
Seat 6: zainaz ($10 in chips) 
HubertusB: posts small blind $0.05
ZzmacC: posts big blind $0.10
*** HOLE CARDS ***
Dealt to HubertusB [5c 6h]
Omicron333: folds 
archerv13: folds 
zainaz: folds 
Darkoni93: raises $0.15 to $0.25
HubertusB: folds 
ZzmacC: folds 
Uncalled bet ($0.15) returned to Darkoni93
Darkoni93 collected $0.25 from pot
Darkoni93: doesn't show hand 
*** SUMMARY ***
Total pot $0.25 | Rake $0 
Seat 1: Darkoni93 (button) collected ($0.25)
Seat 2: HubertusB (small blind) folded before Flop
Seat 3: ZzmacC (big blind) folded before Flop
Seat 4: Omicron333 folded before Flop (didn't bet)
Seat 5: archerv13 folded before Flop (didn't bet)
Seat 6: zainaz folded before Flop (didn't bet)



PokerStars Zoom Hand #175926327536:  Hold'em No Limit ($0.05/$0.10) - 2017/09/21 19:52:48 CCT [2017/09/21 7:52:48 ET]
Table 'Aludra' 6-max Seat #1 is the button
Seat 1: Bacilis92 ($17.28 in chips) 
Seat 2: 81denis81 ($10 in chips) 
Seat 3: justMaestro ($13.59 in chips) 
Seat 4: xerox teen ($11.20 in chips) 
Seat 5: HubertusB ($9.48 in chips) 
Seat 6: ManiakHaze ($10.80 in chips) 
81denis81: posts small blind $0.05
justMaestro: posts big blind $0.10
*** HOLE CARDS ***
Dealt to HubertusB [5h Td]
xerox teen: folds 
HubertusB: folds 
ManiakHaze: folds 
Bacilis92: raises $0.15 to $0.25
81denis81: folds 
justMaestro: folds 
Uncalled bet ($0.15) returned to Bacilis92
Bacilis92 collected $0.25 from pot
Bacilis92: doesn't show hand 
*** SUMMARY ***
Total pot $0.25 | Rake $0 
Seat 1: Bacilis92 (button) collected ($0.25)
Seat 2: 81denis81 (small blind) folded before Flop
Seat 3: justMaestro (big blind) folded before Flop
Seat 4: xerox teen folded before Flop (didn't bet)
Seat 5: HubertusB folded before Flop (didn't bet)
Seat 6: ManiakHaze folded before Flop (didn't bet)



PokerStars Zoom Hand #175926332249:  Hold'em No Limit ($0.05/$0.10) - 2017/09/21 19:52:59 CCT [2017/09/21 7:52:59 ET]
Table 'Aludra' 6-max Seat #1 is the button
Seat 1: maxniger007 ($23.27 in chips) 
Seat 2: pokStarsdima ($10 in chips) 
Seat 3: athernu ($10.06 in chips) 
Seat 4: OMG itz Sams ($10.15 in chips) 
Seat 5: ver@1983 ($12.44 in chips) 
Seat 6: HubertusB ($9.43 in chips) 
pokStarsdima: posts small blind $0.05
athernu: posts big blind $0.10
*** HOLE CARDS ***
Dealt to HubertusB [8c Qc]
OMG itz Sams: folds 
ver@1983: raises $0.20 to $0.30
HubertusB: folds 
maxniger007: folds 
pokStarsdima: folds 
athernu: folds 
Uncalled bet ($0.20) returned to ver@1983
ver@1983 collected $0.25 from pot
ver@1983: doesn't show hand 
*** SUMMARY ***
Total pot $0.25 | Rake $0 
Seat 1: maxniger007 (button) folded before Flop (didn't bet)
Seat 2: pokStarsdima (small blind) folded before Flop
Seat 3: athernu (big blind) folded before Flop
Seat 4: OMG itz Sams folded before Flop (didn't bet)
Seat 5: ver@1983 collected ($0.25)
Seat 6: HubertusB folded before Flop (didn't bet)



PokerStars Zoom Hand #175926325891:  Hold'em No Limit ($0.05/$0.10) - 2017/09/21 19:52:44 CCT [2017/09/21 7:52:44 ET]
Table 'Aludra' 6-max Seat #1 is the button
Seat 1: petokrcmar ($6.28 in chips) 
Seat 2: 81denis81 ($10.42 in chips) 
Seat 3: asim767 ($12.36 in chips) 
Seat 4: HubertusB ($9.48 in chips) 
Seat 5: m067nr ($8.28 in chips) 
Seat 6: FireMär ($27.71 in chips) 
81denis81: posts small blind $0.05
asim767: posts big blind $0.10
*** HOLE CARDS ***
Dealt to HubertusB [5s Ks]
HubertusB: folds 
m067nr: folds 
FireMär: folds 
petokrcmar: folds 
81denis81: calls $0.05
asim767: checks 
*** FLOP *** [Qc Qs 4c]
81denis81: bets $0.10
asim767: calls $0.10
*** TURN *** [Qc Qs 4c] [As]
81denis81: checks 
asim767: bets $0.20
81denis81: folds 
Uncalled bet ($0.20) returned to asim767
asim767 collected $0.38 from pot
asim767: doesn't show hand 
*** SUMMARY ***
Total pot $0.40 | Rake $0.02 
Board [Qc Qs 4c As]
Seat 1: petokrcmar (button) folded before Flop (didn't bet)
Seat 2: 81denis81 (small blind) folded on the Turn
Seat 3: asim767 (big blind) collected ($0.38)
Seat 4: HubertusB folded before Flop (didn't bet)
Seat 5: m067nr folded before Flop (didn't bet)
Seat 6: FireMär folded before Flop (didn't bet)



PokerStars Zoom Hand #175926334331:  Hold'em No Limit ($0.05/$0.10) - 2017/09/21 19:53:04 CCT [2017/09/21 7:53:04 ET]
Table 'Aludra' 6-max Seat #1 is the button
Seat 1: kalmyk ($10.67 in chips) 
Seat 2: (s)ain't_dmm ($13.52 in chips) 
Seat 3: ZGARDAN ($10.27 in chips) 
Seat 4: HubertusB ($9.43 in chips) 
Seat 5: Mathiasw99 ($25.16 in chips) 
Seat 6: OTBFTA ($9.65 in chips) 
(s)ain't_dmm: posts small blind $0.05
ZGARDAN: posts big blind $0.10
*** HOLE CARDS ***
Dealt to HubertusB [2d Qs]
HubertusB: folds 
Mathiasw99: folds 
OTBFTA: folds 
kalmyk: raises $0.15 to $0.25
(s)ain't_dmm: folds 
ZGARDAN: folds 
Uncalled bet ($0.15) returned to kalmyk
kalmyk collected $0.25 from pot
kalmyk: doesn't show hand 
*** SUMMARY ***
Total pot $0.25 | Rake $0 
Seat 1: kalmyk (button) collected ($0.25)
Seat 2: (s)ain't_dmm (small blind) folded before Flop
Seat 3: ZGARDAN (big blind) folded before Flop
Seat 4: HubertusB folded before Flop (didn't bet)
Seat 5: Mathiasw99 folded before Flop (didn't bet)
Seat 6: OTBFTA folded before Flop (didn't bet)



PokerStars Zoom Hand #175926336420:  Hold'em No Limit ($0.05/$0.10) - 2017/09/21 19:53:09 CCT [2017/09/21 7:53:09 ET]
Table 'Aludra' 6-max Seat #1 is the button
Seat 1: bustoz ($16.06 in chips) 
Seat 2: korobochka2 ($18.69 in chips) 
Seat 3: HubertusB ($9.43 in chips) 
Seat 4: faideron ($21.38 in chips) 
Seat 5: Karat_BLR ($17.10 in chips) 
Seat 6: KnobKerrie ($10 in chips) 
korobochka2: posts small blind $0.05
HubertusB: posts big blind $0.10
*** HOLE CARDS ***
Dealt to HubertusB [6d 4d]
faideron: folds 
Karat_BLR: folds 
KnobKerrie: raises $0.20 to $0.30
bustoz: calls $0.30
korobochka2: calls $0.25
HubertusB: calls $0.20
*** FLOP *** [Ks Ah 8d]
korobochka2: checks 
HubertusB: checks 
KnobKerrie: bets $0.75
bustoz: folds 
korobochka2: folds 
HubertusB: folds 
Uncalled bet ($0.75) returned to KnobKerrie
KnobKerrie collected $1.15 from pot
KnobKerrie: doesn't show hand 
*** SUMMARY ***
Total pot $1.20 | Rake $0.05 
Board [Ks Ah 8d]
Seat 1: bustoz (button) folded on the Flop
Seat 2: korobochka2 (small blind) folded on the Flop
Seat 3: HubertusB (big blind) folded on the Flop
Seat 4: faideron folded before Flop (didn't bet)
Seat 5: Karat_BLR folded before Flop (didn't bet)
Seat 6: KnobKerrie collected ($1.15)



PokerStars Zoom Hand #175926347748:  Hold'em No Limit ($0.05/$0.10) - 2017/09/21 19:53:36 CCT [2017/09/21 7:53:36 ET]
Table 'Aludra' 6-max Seat #1 is the button
Seat 1: dumacc14 ($9.91 in chips) 
Seat 2: lenya_stein ($10.22 in chips) 
Seat 3: kalmyk ($11.82 in chips) 
Seat 4: HubertusB ($9.13 in chips) 
Seat 5: OMG itz Sams ($10.17 in chips) 
Seat 6: gorneva ($17.36 in chips) 
lenya_stein: posts small blind $0.05
kalmyk: posts big blind $0.10
*** HOLE CARDS ***
Dealt to HubertusB [Th Kd]
HubertusB: folds 
OMG itz Sams: raises $0.20 to $0.30
gorneva: folds 
dumacc14: folds 
lenya_stein: folds 
kalmyk: folds 
Uncalled bet ($0.20) returned to OMG itz Sams
OMG itz Sams collected $0.25 from pot
OMG itz Sams: doesn't show hand 
*** SUMMARY ***
Total pot $0.25 | Rake $0 
Seat 1: dumacc14 (button) folded before Flop (didn't bet)
Seat 2: lenya_stein (small blind) folded before Flop
Seat 3: kalmyk (big blind) folded before Flop
Seat 4: HubertusB folded before Flop (didn't bet)
Seat 5: OMG itz Sams collected ($0.25)
Seat 6: gorneva folded before Flop (didn't bet)



PokerStars Zoom Hand #175926350202:  Hold'em No Limit ($0.05/$0.10) - 2017/09/21 19:53:42 CCT [2017/09/21 7:53:42 ET]
Table 'Aludra' 6-max Seat #1 is the button
Seat 1: HubertusB ($9.13 in chips) 
Seat 2: HecticMulk ($12.32 in chips) 
Seat 3: P.k.r.Luck83 ($11.73 in chips) 
Seat 4: bertche ($6.48 in chips) 
Seat 5: Svastik1402 ($7.46 in chips) 
Seat 6: radorusher ($3.57 in chips) 
HecticMulk: posts small blind $0.05
P.k.r.Luck83: posts big blind $0.10
*** HOLE CARDS ***
Dealt to HubertusB [Ts Ks]
bertche: folds 
Svastik1402: calls $0.10
radorusher: calls $0.10
HubertusB: raises $0.40 to $0.50
HecticMulk: folds 
P.k.r.Luck83: folds 
Svastik1402: calls $0.40
radorusher: calls $0.40
*** FLOP *** [Js Qh 5h]
Svastik1402: checks 
radorusher: checks 
HubertusB: bets $1.20
Svastik1402: folds 
radorusher: raises $1.87 to $3.07 and is all-in
HubertusB: calls $1.87
*** TURN *** [Js Qh 5h] [4s]
*** RIVER *** [Js Qh 5h 4s] [Kc]
*** SHOW DOWN ***
radorusher: shows [Jc Qs] (two pair, Queens and Jacks)
HubertusB: shows [Ts Ks] (a pair of Kings)
radorusher collected $7.44 from pot
*** SUMMARY ***
Total pot $7.79 | Rake $0.35 
Board [Js Qh 5h 4s Kc]
Seat 1: HubertusB (button) showed [Ts Ks] and lost with a pair of Kings
Seat 2: HecticMulk (small blind) folded before Flop
Seat 3: P.k.r.Luck83 (big blind) folded before Flop
Seat 4: bertche folded before Flop (didn't bet)
Seat 5: Svastik1402 folded on the Flop
Seat 6: radorusher showed [Jc Qs] and won ($7.44) with two pair, Queens and Jacks



PokerStars Zoom Hand #175926368874:  Hold'em No Limit ($0.05/$0.10) - 2017/09/21 19:54:26 CCT [2017/09/21 7:54:26 ET]
Table 'Aludra' 6-max Seat #1 is the button
Seat 1: antonbror ($28.47 in chips) 
Seat 2: HubertusB ($5.56 in chips) 
Seat 3: radorusher ($7.44 in chips) 
Seat 4: Brever69 ($11.56 in chips) 
Seat 5: piets ($11.07 in chips) 
Seat 6: LearnLearnLe ($10.50 in chips) 
HubertusB: posts small blind $0.05
radorusher: posts big blind $0.10
*** HOLE CARDS ***
Dealt to HubertusB [4d 5d]
Brever69: folds 
piets: folds 
LearnLearnLe: folds 
antonbror: folds 
HubertusB: raises $0.20 to $0.30
radorusher: folds 
Uncalled bet ($0.20) returned to HubertusB
HubertusB collected $0.20 from pot
HubertusB: doesn't show hand 
*** SUMMARY ***
Total pot $0.20 | Rake $0 
Seat 1: antonbror (button) folded before Flop (didn't bet)
Seat 2: HubertusB (small blind) collected ($0.20)
Seat 3: radorusher (big blind) folded before Flop
Seat 4: Brever69 folded before Flop (didn't bet)
Seat 5: piets folded before Flop (didn't bet)
Seat 6: LearnLearnLe folded before Flop (didn't bet)



PokerStars Zoom Hand #175926375152:  Hold'em No Limit ($0.05/$0.10) - 2017/09/21 19:54:41 CCT [2017/09/21 7:54:41 ET]
Table 'Aludra' 6-max Seat #1 is the button
Seat 1: aldinetto ($28.14 in chips) 
Seat 2: rom4ikderz ($13.28 in chips) 
Seat 3: Jensemann 88 ($8.31 in chips) 
Seat 4: FlavioFCN ($7.20 in chips) 
Seat 5: faideron ($22.63 in chips) 
Seat 6: HubertusB ($5.66 in chips) 
rom4ikderz: posts small blind $0.05
Jensemann 88: posts big blind $0.10
*** HOLE CARDS ***
Dealt to HubertusB [7s 9d]
FlavioFCN: folds 
faideron: folds 
HubertusB: folds 
aldinetto: folds 
rom4ikderz: folds 
Uncalled bet ($0.05) returned to Jensemann 88
Jensemann 88 collected $0.10 from pot
Jensemann 88: doesn't show hand 
*** SUMMARY ***
Total pot $0.10 | Rake $0 
Seat 1: aldinetto (button) folded before Flop (didn't bet)
Seat 2: rom4ikderz (small blind) folded before Flop
Seat 3: Jensemann 88 (big blind) collected ($0.10)
Seat 4: FlavioFCN folded before Flop (didn't bet)
Seat 5: faideron folded before Flop (didn't bet)
Seat 6: HubertusB folded before Flop (didn't bet)



PokerStars Zoom Hand #175926381888:  Hold'em No Limit ($0.05/$0.10) - 2017/09/21 19:54:57 CCT [2017/09/21 7:54:57 ET]
Table 'Aludra' 6-max Seat #1 is the button
Seat 1: Sunrise1912 ($10.35 in chips) 
Seat 2: HecticMulk ($12.82 in chips) 
Seat 3: HubertusB ($5.66 in chips) 
Seat 4: xandrrro ($14.93 in chips) 
Seat 5: GSGFM ($16.50 in chips) 
Seat 6: ElbowsKnees ($11.01 in chips) 
HecticMulk: posts small blind $0.05
HubertusB: posts big blind $0.10
*** HOLE CARDS ***
Dealt to HubertusB [Ah 5s]
xandrrro: raises $0.20 to $0.30
GSGFM: folds 
ElbowsKnees: folds 
Sunrise1912: folds 
HecticMulk: folds 
HubertusB: folds 
Uncalled bet ($0.20) returned to xandrrro
xandrrro collected $0.25 from pot
xandrrro: doesn't show hand 
*** SUMMARY ***
Total pot $0.25 | Rake $0 
Seat 1: Sunrise1912 (button) folded before Flop (didn't bet)
Seat 2: HecticMulk (small blind) folded before Flop
Seat 3: HubertusB (big blind) folded before Flop
Seat 4: xandrrro collected ($0.25)
Seat 5: GSGFM folded before Flop (didn't bet)
Seat 6: ElbowsKnees folded before Flop (didn't bet)



PokerStars Zoom Hand #175926387204:  Hold'em No Limit ($0.05/$0.10) - 2017/09/21 19:55:10 CCT [2017/09/21 7:55:10 ET]
Table 'Aludra' 6-max Seat #1 is the button
Seat 1: wennuan ($10 in chips) 
Seat 2: Pipets ($10.05 in chips) 
Seat 3: bustoz ($11.62 in chips) 
Seat 4: Fi$her5555 ($7.95 in chips) 
Seat 5: HubertusB ($5.56 in chips) 
Seat 6: 3DMINSK ($16.26 in chips) 
Pipets: posts small blind $0.05
bustoz: posts big blind $0.10
*** HOLE CARDS ***
Dealt to HubertusB [5h 4c]
Fi$her5555: folds 
HubertusB: folds 
3DMINSK: folds 
wennuan: folds 
Pipets: folds 
Uncalled bet ($0.05) returned to bustoz
bustoz collected $0.10 from pot
bustoz: doesn't show hand 
*** SUMMARY ***
Total pot $0.10 | Rake $0 
Seat 1: wennuan (button) folded before Flop (didn't bet)
Seat 2: Pipets (small blind) folded before Flop
Seat 3: bustoz (big blind) collected ($0.10)
Seat 4: Fi$her5555 folded before Flop (didn't bet)
Seat 5: HubertusB folded before Flop (didn't bet)
Seat 6: 3DMINSK folded before Flop (didn't bet)



PokerStars Zoom Hand #175926379318:  Hold'em No Limit ($0.05/$0.10) - 2017/09/21 19:54:51 CCT [2017/09/21 7:54:51 ET]
Table 'Aludra' 6-max Seat #1 is the button
Seat 1: Omicron333 ($17.80 in chips) 
Seat 2: infitoha ($18.65 in chips) 
Seat 3: athernu ($26.49 in chips) 
Seat 4: TeJIe|7y3uK ($10.15 in chips) 
Seat 5: HubertusB ($5.66 in chips) 
Seat 6: kapara ($39.08 in chips) 
infitoha: posts small blind $0.05
athernu: posts big blind $0.10
*** HOLE CARDS ***
Dealt to HubertusB [8s 4c]
TeJIe|7y3uK: folds 
HubertusB: folds 
kapara: folds 
Omicron333: raises $0.20 to $0.30
infitoha: folds 
athernu: calls $0.20
*** FLOP *** [Jd Qs 5h]
athernu: checks 
Omicron333: checks 
*** TURN *** [Jd Qs 5h] [Ks]
athernu: bets $0.40
Omicron333: calls $0.40
*** RIVER *** [Jd Qs 5h Ks] [2s]
athernu: bets $0.90
Omicron333: folds 
Uncalled bet ($0.90) returned to athernu
athernu collected $1.38 from pot
athernu: doesn't show hand 
*** SUMMARY ***
Total pot $1.45 | Rake $0.07 
Board [Jd Qs 5h Ks 2s]
Seat 1: Omicron333 (button) folded on the River
Seat 2: infitoha (small blind) folded before Flop
Seat 3: athernu (big blind) collected ($1.38)
Seat 4: TeJIe|7y3uK folded before Flop (didn't bet)
Seat 5: HubertusB folded before Flop (didn't bet)
Seat 6: kapara folded before Flop (didn't bet)



PokerStars Zoom Hand #175926391436:  Hold'em No Limit ($0.05/$0.10) - 2017/09/21 19:55:21 CCT [2017/09/21 7:55:21 ET]
Table 'Aludra' 6-max Seat #1 is the button
Seat 1: HubertusB ($5.56 in chips) 
Seat 2: gdgdry ($7.93 in chips) 
Seat 3: luk28757 ($11.51 in chips) 
Seat 4: alex22is ($11 in chips) 
Seat 5: vick800302 ($9.92 in chips) 
Seat 6: bertche ($8.61 in chips) 
gdgdry: posts small blind $0.05
luk28757: posts big blind $0.10
*** HOLE CARDS ***
Dealt to HubertusB [3s Js]
alex22is: folds 
vick800302: folds 
bertche: calls $0.10
HubertusB: folds 
gdgdry: folds 
luk28757: checks 
*** FLOP *** [Tc 7c Jh]
luk28757: checks 
bertche: checks 
*** TURN *** [Tc 7c Jh] [2c]
luk28757: bets $0.24
bertche: folds 
Uncalled bet ($0.24) returned to luk28757
luk28757 collected $0.24 from pot
luk28757: doesn't show hand 
*** SUMMARY ***
Total pot $0.25 | Rake $0.01 
Board [Tc 7c Jh 2c]
Seat 1: HubertusB (button) folded before Flop (didn't bet)
Seat 2: gdgdry (small blind) folded before Flop
Seat 3: luk28757 (big blind) collected ($0.24)
Seat 4: alex22is folded before Flop (didn't bet)
Seat 5: vick800302 folded before Flop (didn't bet)
Seat 6: bertche folded on the Turn



PokerStars Zoom Hand #175926397054:  Hold'em No Limit ($0.05/$0.10) - 2017/09/21 19:55:36 CCT [2017/09/21 7:55:36 ET]
Table 'Aludra' 6-max Seat #1 is the button
Seat 1: jano251 ($27.79 in chips) 
Seat 2: HubertusB ($5.56 in chips) 
Seat 3: rest992 ($10 in chips) 
Seat 4: blacktony29 ($4.65 in chips) 
Seat 5: OMG itz Sams ($10.05 in chips) 
Seat 6: hemelsbrood ($9.72 in chips) 
HubertusB: posts small blind $0.05
rest992: posts big blind $0.10
*** HOLE CARDS ***
Dealt to HubertusB [Tc 2c]
blacktony29: folds 
OMG itz Sams: folds 
hemelsbrood: folds 
jano251: folds 
HubertusB: folds 
Uncalled bet ($0.05) returned to rest992
rest992 collected $0.10 from pot
rest992: doesn't show hand 
*** SUMMARY ***
Total pot $0.10 | Rake $0 
Seat 1: jano251 (button) folded before Flop (didn't bet)
Seat 2: HubertusB (small blind) folded before Flop
Seat 3: rest992 (big blind) collected ($0.10)
Seat 4: blacktony29 folded before Flop (didn't bet)
Seat 5: OMG itz Sams folded before Flop (didn't bet)
Seat 6: hemelsbrood folded before Flop (didn't bet)



PokerStars Zoom Hand #175926402617:  Hold'em No Limit ($0.05/$0.10) - 2017/09/21 19:55:51 CCT [2017/09/21 7:55:51 ET]
Table 'Aludra' 6-max Seat #1 is the button
Seat 1: HubertusB ($5.51 in chips) 
Seat 2: Vladimir.ch3 ($4.27 in chips) 
Seat 3: LearnLearnLe ($10.15 in chips) 
Seat 4: lenya_stein ($10 in chips) 
Seat 5: Karat_BLR ($18.19 in chips) 
Seat 6: kenlwen77 ($16.54 in chips) 
Vladimir.ch3: posts small blind $0.05
LearnLearnLe: posts big blind $0.10
*** HOLE CARDS ***
Dealt to HubertusB [3d 9h]
lenya_stein: folds 
Karat_BLR: folds 
kenlwen77: folds 
HubertusB: folds 
Vladimir.ch3: folds 
Uncalled bet ($0.05) returned to LearnLearnLe
LearnLearnLe collected $0.10 from pot
LearnLearnLe: doesn't show hand 
*** SUMMARY ***
Total pot $0.10 | Rake $0 
Seat 1: HubertusB (button) folded before Flop (didn't bet)
Seat 2: Vladimir.ch3 (small blind) folded before Flop
Seat 3: LearnLearnLe (big blind) collected ($0.10)
Seat 4: lenya_stein folded before Flop (didn't bet)
Seat 5: Karat_BLR folded before Flop (didn't bet)
Seat 6: kenlwen77 folded before Flop (didn't bet)



PokerStars Zoom Hand #175926401159:  Hold'em No Limit ($0.05/$0.10) - 2017/09/21 19:55:47 CCT [2017/09/21 7:55:47 ET]
Table 'Aludra' 6-max Seat #1 is the button
Seat 1: Kursik21 ($10.10 in chips) 
Seat 2: 81denis81 ($11.82 in chips) 
Seat 3: pumukleeb ($10 in chips) 
Seat 4: mike21_385 ($22.39 in chips) 
Seat 5: alanvanni ($12.26 in chips) 
Seat 6: HubertusB ($5.51 in chips) 
81denis81: posts small blind $0.05
pumukleeb: posts big blind $0.10
*** HOLE CARDS ***
Dealt to HubertusB [Js 3d]
mike21_385: folds 
alanvanni: folds 
HubertusB: folds 
Kursik21: folds 
81denis81: raises $0.15 to $0.25
pumukleeb: calls $0.15
*** FLOP *** [6c 7s 5c]
81denis81: bets $0.32
pumukleeb: calls $0.32
*** TURN *** [6c 7s 5c] [7h]
81denis81: bets $0.73
pumukleeb: folds 
Uncalled bet ($0.73) returned to 81denis81
81denis81 collected $1.09 from pot
81denis81: doesn't show hand 
*** SUMMARY ***
Total pot $1.14 | Rake $0.05 
Board [6c 7s 5c 7h]
Seat 1: Kursik21 (button) folded before Flop (didn't bet)
Seat 2: 81denis81 (small blind) collected ($1.09)
Seat 3: pumukleeb (big blind) folded on the Turn
Seat 4: mike21_385 folded before Flop (didn't bet)
Seat 5: alanvanni folded before Flop (didn't bet)
Seat 6: HubertusB folded before Flop (didn't bet)



PokerStars Zoom Hand #175926404939:  Hold'em No Limit ($0.05/$0.10) - 2017/09/21 19:55:57 CCT [2017/09/21 7:55:57 ET]
Table 'Aludra' 6-max Seat #1 is the button
Seat 1: gorneva ($11.76 in chips) 
Seat 2: Lionrungood ($24.08 in chips) 
Seat 3: HubertusB ($5.51 in chips) 
Seat 4: Qwkl ($11.55 in chips) 
Seat 5: paterthomas ($10.73 in chips) 
Seat 6: messo33 ($17.38 in chips) 
Lionrungood: posts small blind $0.05
HubertusB: posts big blind $0.10
*** HOLE CARDS ***
Dealt to HubertusB [Ad Ts]
Qwkl: folds 
paterthomas: folds 
messo33: folds 
gorneva: folds 
Lionrungood: raises $0.20 to $0.30
HubertusB: calls $0.20
*** FLOP *** [Kh 8h 2s]
Lionrungood: bets $0.37
HubertusB: calls $0.37
*** TURN *** [Kh 8h 2s] [2d]
Lionrungood: checks 
HubertusB: bets $0.70
Lionrungood: calls $0.70
*** RIVER *** [Kh 8h 2s 2d] [Js]
Lionrungood: checks 
HubertusB: checks 
*** SHOW DOWN ***
Lionrungood: shows [Kd Jh] (two pair, Kings and Jacks)
HubertusB: mucks hand 
Lionrungood collected $2.62 from pot
*** SUMMARY ***
Total pot $2.74 | Rake $0.12 
Board [Kh 8h 2s 2d Js]
Seat 1: gorneva (button) folded before Flop (didn't bet)
Seat 2: Lionrungood (small blind) showed [Kd Jh] and won ($2.62) with two pair, Kings and Jacks
Seat 3: HubertusB (big blind) mucked [Ad Ts]
Seat 4: Qwkl folded before Flop (didn't bet)
Seat 5: paterthomas folded before Flop (didn't bet)
Seat 6: messo33 folded before Flop (didn't bet)



