PokerStars Zoom Hand #175932286914:  Hold'em No Limit ($0.05/$0.10) - 2017/09/21 23:14:28 CCT [2017/09/21 11:14:28 ET]
Table 'Aludra' 6-max Seat #1 is the button
Seat 1: padde886 ($10.41 in chips) 
Seat 2: nnVinokurov ($12.79 in chips) 
Seat 3: HubertusB ($10 in chips) 
Seat 4: Acc0-swe ($12.16 in chips) 
Seat 5: Laeyz7 ($10.48 in chips) 
Seat 6: jojo44ii ($10.90 in chips) 
nnVinokurov: posts small blind $0.05
HubertusB: posts big blind $0.10
*** HOLE CARDS ***
Dealt to HubertusB [6c 8s]
Acc0-swe: folds 
Laeyz7: folds 
jojo44ii: folds 
padde886: folds 
nnVinokurov: raises $0.15 to $0.25
HubertusB: folds 
Uncalled bet ($0.15) returned to nnVinokurov
nnVinokurov collected $0.20 from pot
nnVinokurov: doesn't show hand 
*** SUMMARY ***
Total pot $0.20 | Rake $0 
Seat 1: padde886 (button) folded before Flop (didn't bet)
Seat 2: nnVinokurov (small blind) collected ($0.20)
Seat 3: HubertusB (big blind) folded before Flop
Seat 4: Acc0-swe folded before Flop (didn't bet)
Seat 5: Laeyz7 folded before Flop (didn't bet)
Seat 6: jojo44ii folded before Flop (didn't bet)



PokerStars Zoom Hand #175932292125:  Hold'em No Limit ($0.05/$0.10) - 2017/09/21 23:14:37 CCT [2017/09/21 11:14:37 ET]
Table 'Aludra' 6-max Seat #1 is the button
Seat 1: @OLEGON 66 ($9.04 in chips) 
Seat 2: jumpman0189 ($12.51 in chips) 
Seat 3: ManiakHaze ($10 in chips) 
Seat 4: tol"@lfar ($11.10 in chips) 
Seat 5: HubertusB ($9.90 in chips) 
Seat 6: SammyD501 ($14.62 in chips) 
jumpman0189: posts small blind $0.05
ManiakHaze: posts big blind $0.10
*** HOLE CARDS ***
Dealt to HubertusB [Qc 3s]
tol"@lfar: folds 
HubertusB: folds 
SammyD501: raises $0.20 to $0.30
@OLEGON 66: folds 
jumpman0189: folds 
ManiakHaze: folds 
Uncalled bet ($0.20) returned to SammyD501
SammyD501 collected $0.25 from pot
SammyD501: doesn't show hand 
*** SUMMARY ***
Total pot $0.25 | Rake $0 
Seat 1: @OLEGON 66 (button) folded before Flop (didn't bet)
Seat 2: jumpman0189 (small blind) folded before Flop
Seat 3: ManiakHaze (big blind) folded before Flop
Seat 4: tol"@lfar folded before Flop (didn't bet)
Seat 5: HubertusB folded before Flop (didn't bet)
Seat 6: SammyD501 collected ($0.25)



PokerStars Zoom Hand #175932295612:  Hold'em No Limit ($0.05/$0.10) - 2017/09/21 23:14:43 CCT [2017/09/21 11:14:43 ET]
Table 'Aludra' 6-max Seat #1 is the button
Seat 1: fdazcky01 ($10 in chips) 
Seat 2: HubertusB ($9.90 in chips) 
Seat 3: newsph ($11.05 in chips) 
Seat 4: udon1989 ($10.75 in chips) 
Seat 5: tomassa512 ($10.05 in chips) 
Seat 6: calderonx2 ($10.05 in chips) 
HubertusB: posts small blind $0.05
newsph: posts big blind $0.10
*** HOLE CARDS ***
Dealt to HubertusB [Qh Ts]
udon1989: folds 
tomassa512: folds 
calderonx2: folds 
fdazcky01: raises $0.17 to $0.27
HubertusB: folds 
newsph: folds 
Uncalled bet ($0.17) returned to fdazcky01
fdazcky01 collected $0.25 from pot
fdazcky01: doesn't show hand 
*** SUMMARY ***
Total pot $0.25 | Rake $0 
Seat 1: fdazcky01 (button) collected ($0.25)
Seat 2: HubertusB (small blind) folded before Flop
Seat 3: newsph (big blind) folded before Flop
Seat 4: udon1989 folded before Flop (didn't bet)
Seat 5: tomassa512 folded before Flop (didn't bet)
Seat 6: calderonx2 folded before Flop (didn't bet)



PokerStars Zoom Hand #175932300862:  Hold'em No Limit ($0.05/$0.10) - 2017/09/21 23:14:52 CCT [2017/09/21 11:14:52 ET]
Table 'Aludra' 6-max Seat #1 is the button
Seat 1: CptBluff1988 ($10.77 in chips) 
Seat 2: gazi1234 ($10.27 in chips) 
Seat 3: ManiakHaze ($10 in chips) 
Seat 4: terpeela ($10.32 in chips) 
Seat 5: aldinetto ($32.36 in chips) 
Seat 6: HubertusB ($9.85 in chips) 
gazi1234: posts small blind $0.05
ManiakHaze: posts big blind $0.10
*** HOLE CARDS ***
Dealt to HubertusB [8c Js]
terpeela: folds 
aldinetto: folds 
HubertusB: folds 
CptBluff1988: raises $0.14 to $0.24
gazi1234: folds 
ManiakHaze: folds 
Uncalled bet ($0.14) returned to CptBluff1988
CptBluff1988 collected $0.25 from pot
CptBluff1988: doesn't show hand 
*** SUMMARY ***
Total pot $0.25 | Rake $0 
Seat 1: CptBluff1988 (button) collected ($0.25)
Seat 2: gazi1234 (small blind) folded before Flop
Seat 3: ManiakHaze (big blind) folded before Flop
Seat 4: terpeela folded before Flop (didn't bet)
Seat 5: aldinetto folded before Flop (didn't bet)
Seat 6: HubertusB folded before Flop (didn't bet)



PokerStars Zoom Hand #175932297929:  Hold'em No Limit ($0.05/$0.10) - 2017/09/21 23:14:47 CCT [2017/09/21 11:14:47 ET]
Table 'Aludra' 6-max Seat #1 is the button
Seat 1: HubertusB ($9.85 in chips) 
Seat 2: Ungdomskulen ($17.29 in chips) 
Seat 3: carl548 ($11.35 in chips) 
Seat 4: sl1n555 ($24.24 in chips) 
Seat 5: Shal1an ($12.64 in chips) 
Seat 6: serbalst ($15.52 in chips) 
Ungdomskulen: posts small blind $0.05
carl548: posts big blind $0.10
*** HOLE CARDS ***
Dealt to HubertusB [3d 2c]
sl1n555: folds 
Shal1an: calls $0.10
serbalst: calls $0.10
HubertusB: folds 
Ungdomskulen: raises $0.50 to $0.60
carl548: folds 
Shal1an: calls $0.50
serbalst: calls $0.50
*** FLOP *** [Th Jh Ks]
Ungdomskulen: checks 
Shal1an: checks 
serbalst: checks 
*** TURN *** [Th Jh Ks] [Js]
Ungdomskulen: checks 
Shal1an: bets $1.80
serbalst: folds 
Ungdomskulen: folds 
Uncalled bet ($1.80) returned to Shal1an
Shal1an collected $1.81 from pot
Shal1an: doesn't show hand 
*** SUMMARY ***
Total pot $1.90 | Rake $0.09 
Board [Th Jh Ks Js]
Seat 1: HubertusB (button) folded before Flop (didn't bet)
Seat 2: Ungdomskulen (small blind) folded on the Turn
Seat 3: carl548 (big blind) folded before Flop
Seat 4: sl1n555 folded before Flop (didn't bet)
Seat 5: Shal1an collected ($1.81)
Seat 6: serbalst folded on the Turn



PokerStars Zoom Hand #175932303233:  Hold'em No Limit ($0.05/$0.10) - 2017/09/21 23:14:56 CCT [2017/09/21 11:14:56 ET]
Table 'Aludra' 6-max Seat #1 is the button
Seat 1: craig117 ($12.11 in chips) 
Seat 2: DJMev ($10.14 in chips) 
Seat 3: HandNine ($14.17 in chips) 
Seat 4: HubertusB ($9.85 in chips) 
Seat 5: MagicBandit7 ($24.29 in chips) 
Seat 6: symkalaila ($25.65 in chips) 
DJMev: posts small blind $0.05
HandNine: posts big blind $0.10
*** HOLE CARDS ***
Dealt to HubertusB [8s 4d]
HubertusB: folds 
MagicBandit7: folds 
symkalaila: folds 
craig117: folds 
DJMev: raises $0.16 to $0.26
HandNine: calls $0.16
*** FLOP *** [Th 7h Qc]
DJMev: bets $0.30
HandNine: folds 
Uncalled bet ($0.30) returned to DJMev
DJMev collected $0.50 from pot
DJMev: doesn't show hand 
*** SUMMARY ***
Total pot $0.52 | Rake $0.02 
Board [Th 7h Qc]
Seat 1: craig117 (button) folded before Flop (didn't bet)
Seat 2: DJMev (small blind) collected ($0.50)
Seat 3: HandNine (big blind) folded on the Flop
Seat 4: HubertusB folded before Flop (didn't bet)
Seat 5: MagicBandit7 folded before Flop (didn't bet)
Seat 6: symkalaila folded before Flop (didn't bet)



PokerStars Zoom Hand #175932306173:  Hold'em No Limit ($0.05/$0.10) - 2017/09/21 23:15:01 CCT [2017/09/21 11:15:01 ET]
Table 'Aludra' 6-max Seat #1 is the button
Seat 1: HubertusB ($9.85 in chips) 
Seat 2: ulderdog ($7.54 in chips) 
Seat 3: EffOrt100% ($16.13 in chips) 
Seat 4: carlitosCapone ($24.33 in chips) 
Seat 5: carset ($10.85 in chips) 
Seat 6: 2aknikiv3 ($10.15 in chips) 
ulderdog: posts small blind $0.05
EffOrt100%: posts big blind $0.10
*** HOLE CARDS ***
Dealt to HubertusB [6c 6s]
carlitosCapone: folds 
carset: raises $0.15 to $0.25
2aknikiv3: folds 
HubertusB: calls $0.25
ulderdog: folds 
EffOrt100%: calls $0.15
*** FLOP *** [4h 2c 8s]
EffOrt100%: checks 
carset: bets $0.40
HubertusB: calls $0.40
EffOrt100%: folds 
*** TURN *** [4h 2c 8s] [2s]
carset: checks 
HubertusB: checks 
*** RIVER *** [4h 2c 8s 2s] [2h]
carset: checks 
HubertusB: checks 
*** SHOW DOWN ***
carset: shows [Jh Qc] (three of a kind, Deuces)
HubertusB: shows [6c 6s] (a full house, Deuces full of Sixes)
HubertusB collected $1.53 from pot
*** SUMMARY ***
Total pot $1.60 | Rake $0.07 
Board [4h 2c 8s 2s 2h]
Seat 1: HubertusB (button) showed [6c 6s] and won ($1.53) with a full house, Deuces full of Sixes
Seat 2: ulderdog (small blind) folded before Flop
Seat 3: EffOrt100% (big blind) folded on the Flop
Seat 4: carlitosCapone folded before Flop (didn't bet)
Seat 5: carset showed [Jh Qc] and lost with three of a kind, Deuces
Seat 6: 2aknikiv3 folded before Flop (didn't bet)



PokerStars Zoom Hand #175932336893:  Hold'em No Limit ($0.05/$0.10) - 2017/09/21 23:15:54 CCT [2017/09/21 11:15:54 ET]
Table 'Aludra' 6-max Seat #1 is the button
Seat 1: gazi1234 ($8.72 in chips) 
Seat 2: Afrodita77 ($10 in chips) 
Seat 3: Sim649 ($10.66 in chips) 
Seat 4: HubertusB ($10.73 in chips) 
Seat 5: Djaxx1989 ($14.86 in chips) 
Seat 6: renato198225 ($3.48 in chips) 
Afrodita77: posts small blind $0.05
Sim649: posts big blind $0.10
*** HOLE CARDS ***
Dealt to HubertusB [2c Ac]
HubertusB: raises $0.20 to $0.30
Djaxx1989: folds 
renato198225: calls $0.30
gazi1234: folds 
Afrodita77: folds 
Sim649: folds 
*** FLOP *** [8c Ts Qs]
HubertusB: bets $0.50
renato198225: folds 
Uncalled bet ($0.50) returned to HubertusB
HubertusB collected $0.72 from pot
HubertusB: doesn't show hand 
*** SUMMARY ***
Total pot $0.75 | Rake $0.03 
Board [8c Ts Qs]
Seat 1: gazi1234 (button) folded before Flop (didn't bet)
Seat 2: Afrodita77 (small blind) folded before Flop
Seat 3: Sim649 (big blind) folded before Flop
Seat 4: HubertusB collected ($0.72)
Seat 5: Djaxx1989 folded before Flop (didn't bet)
Seat 6: renato198225 folded on the Flop



PokerStars Zoom Hand #175932348411:  Hold'em No Limit ($0.05/$0.10) - 2017/09/21 23:16:14 CCT [2017/09/21 11:16:14 ET]
Table 'Aludra' 6-max Seat #1 is the button
Seat 1: Popii87 ($15.59 in chips) 
Seat 2: Nootiltt ($7.70 in chips) 
Seat 3: HubertusB ($11.15 in chips) 
Seat 4: enerer_mode ($7.87 in chips) 
Seat 5: Clownyara ($11.22 in chips) 
Seat 6: izveck ($13.86 in chips) 
Nootiltt: posts small blind $0.05
HubertusB: posts big blind $0.10
*** HOLE CARDS ***
Dealt to HubertusB [Ks 3h]
enerer_mode: folds 
Clownyara: raises $0.20 to $0.30
izveck: folds 
Popii87: folds 
Nootiltt: folds 
HubertusB: folds 
Uncalled bet ($0.20) returned to Clownyara
Clownyara collected $0.25 from pot
Clownyara: doesn't show hand 
*** SUMMARY ***
Total pot $0.25 | Rake $0 
Seat 1: Popii87 (button) folded before Flop (didn't bet)
Seat 2: Nootiltt (small blind) folded before Flop
Seat 3: HubertusB (big blind) folded before Flop
Seat 4: enerer_mode folded before Flop (didn't bet)
Seat 5: Clownyara collected ($0.25)
Seat 6: izveck folded before Flop (didn't bet)



PokerStars Zoom Hand #175932352364:  Hold'em No Limit ($0.05/$0.10) - 2017/09/21 23:16:21 CCT [2017/09/21 11:16:21 ET]
Table 'Aludra' 6-max Seat #1 is the button
Seat 1: QuocTuong ($36.21 in chips) 
Seat 2: HubertusB ($11.05 in chips) 
Seat 3: Catenaccio24 ($19.42 in chips) 
Seat 4: bigbillyg111 ($10 in chips) 
Seat 5: IFunnyBearI ($5.77 in chips) 
Seat 6: ElbowsKnees ($16.64 in chips) 
HubertusB: posts small blind $0.05
Catenaccio24: posts big blind $0.10
*** HOLE CARDS ***
Dealt to HubertusB [Ac 6d]
bigbillyg111: folds 
IFunnyBearI: folds 
ElbowsKnees: folds 
QuocTuong: raises $0.15 to $0.25
HubertusB: folds 
Catenaccio24: folds 
Uncalled bet ($0.15) returned to QuocTuong
QuocTuong collected $0.25 from pot
QuocTuong: doesn't show hand 
*** SUMMARY ***
Total pot $0.25 | Rake $0 
Seat 1: QuocTuong (button) collected ($0.25)
Seat 2: HubertusB (small blind) folded before Flop
Seat 3: Catenaccio24 (big blind) folded before Flop
Seat 4: bigbillyg111 folded before Flop (didn't bet)
Seat 5: IFunnyBearI folded before Flop (didn't bet)
Seat 6: ElbowsKnees folded before Flop (didn't bet)



PokerStars Zoom Hand #175932358270:  Hold'em No Limit ($0.05/$0.10) - 2017/09/21 23:16:31 CCT [2017/09/21 11:16:31 ET]
Table 'Aludra' 6-max Seat #1 is the button
Seat 1: xandrrro ($16.44 in chips) 
Seat 2: Mediazzz ($10 in chips) 
Seat 3: DenDy Er ($6.94 in chips) 
Seat 4: bertche ($17.77 in chips) 
Seat 5: sl1n555 ($24.26 in chips) 
Seat 6: HubertusB ($11 in chips) 
Mediazzz: posts small blind $0.05
DenDy Er: posts big blind $0.10
*** HOLE CARDS ***
Dealt to HubertusB [Td 3d]
bertche: folds 
sl1n555: folds 
HubertusB: raises $0.20 to $0.30
xandrrro: folds 
Mediazzz: calls $0.25
DenDy Er: folds 
*** FLOP *** [7d Qd 9d]
Mediazzz: checks 
HubertusB: bets $0.50
Mediazzz: calls $0.50
*** TURN *** [7d Qd 9d] [Ah]
Mediazzz: checks 
HubertusB: bets $1.30
Mediazzz: folds 
Uncalled bet ($1.30) returned to HubertusB
HubertusB collected $1.62 from pot
HubertusB: doesn't show hand 
*** SUMMARY ***
Total pot $1.70 | Rake $0.08 
Board [7d Qd 9d Ah]
Seat 1: xandrrro (button) folded before Flop (didn't bet)
Seat 2: Mediazzz (small blind) folded on the Turn
Seat 3: DenDy Er (big blind) folded before Flop
Seat 4: bertche folded before Flop (didn't bet)
Seat 5: sl1n555 folded before Flop (didn't bet)
Seat 6: HubertusB collected ($1.62)



PokerStars Zoom Hand #175932383679:  Hold'em No Limit ($0.05/$0.10) - 2017/09/21 23:17:15 CCT [2017/09/21 11:17:15 ET]
Table 'Aludra' 6-max Seat #1 is the button
Seat 1: xDumoNx ($12.25 in chips) 
Seat 2: maxlljr ($12.46 in chips) 
Seat 3: Mediazzz ($10 in chips) 
Seat 4: pkgdzen ($10.65 in chips) 
Seat 5: HubertusB ($11.82 in chips) 
Seat 6: Stocki2911 ($7.82 in chips) 
maxlljr: posts small blind $0.05
Mediazzz: posts big blind $0.10
*** HOLE CARDS ***
Dealt to HubertusB [5d Qd]
pkgdzen: raises $0.20 to $0.30
HubertusB: folds 
Stocki2911: folds 
xDumoNx: folds 
maxlljr: folds 
Mediazzz: folds 
Uncalled bet ($0.20) returned to pkgdzen
pkgdzen collected $0.25 from pot
pkgdzen: doesn't show hand 
*** SUMMARY ***
Total pot $0.25 | Rake $0 
Seat 1: xDumoNx (button) folded before Flop (didn't bet)
Seat 2: maxlljr (small blind) folded before Flop
Seat 3: Mediazzz (big blind) folded before Flop
Seat 4: pkgdzen collected ($0.25)
Seat 5: HubertusB folded before Flop (didn't bet)
Seat 6: Stocki2911 folded before Flop (didn't bet)



PokerStars Zoom Hand #175932394210:  Hold'em No Limit ($0.05/$0.10) - 2017/09/21 23:17:33 CCT [2017/09/21 11:17:33 ET]
Table 'Aludra' 6-max Seat #1 is the button
Seat 1: HubertusB ($11.77 in chips) 
Seat 2: bob-xox ($17.56 in chips) 
Seat 3: serbalst ($12.29 in chips) 
Seat 4: BlackReward ($9.86 in chips) 
Seat 5: Mediazzz ($10 in chips) 
Seat 6: PokerGame95 ($14.86 in chips) 
bob-xox: posts small blind $0.05
serbalst: posts big blind $0.10
*** HOLE CARDS ***
Dealt to HubertusB [4d 9s]
BlackReward: folds 
Mediazzz: folds 
PokerGame95: folds 
HubertusB: folds 
bob-xox: folds 
Uncalled bet ($0.05) returned to serbalst
serbalst collected $0.10 from pot
serbalst: doesn't show hand 
*** SUMMARY ***
Total pot $0.10 | Rake $0 
Seat 1: HubertusB (button) folded before Flop (didn't bet)
Seat 2: bob-xox (small blind) folded before Flop
Seat 3: serbalst (big blind) collected ($0.10)
Seat 4: BlackReward folded before Flop (didn't bet)
Seat 5: Mediazzz folded before Flop (didn't bet)
Seat 6: PokerGame95 folded before Flop (didn't bet)



PokerStars Zoom Hand #175932388363:  Hold'em No Limit ($0.05/$0.10) - 2017/09/21 23:17:23 CCT [2017/09/21 11:17:23 ET]
Table 'Aludra' 6-max Seat #1 is the button
Seat 1: argintina ($9.95 in chips) 
Seat 2: HubertusB ($11.82 in chips) 
Seat 3: R.Filin ($17.67 in chips) 
Seat 4: zyrus.1981 ($18.55 in chips) 
Seat 5: DaugustJo ($17.48 in chips) 
Seat 6: luda225 ($16.67 in chips) 
HubertusB: posts small blind $0.05
R.Filin: posts big blind $0.10
*** HOLE CARDS ***
Dealt to HubertusB [Qh 2h]
zyrus.1981: calls $0.10
DaugustJo: folds 
luda225: folds 
argintina: raises $0.35 to $0.45
HubertusB: folds 
R.Filin: folds 
zyrus.1981: calls $0.35
*** FLOP *** [8s 2c 3c]
zyrus.1981: checks 
argintina: bets $0.55
zyrus.1981: folds 
Uncalled bet ($0.55) returned to argintina
argintina collected $1 from pot
argintina: doesn't show hand 
*** SUMMARY ***
Total pot $1.05 | Rake $0.05 
Board [8s 2c 3c]
Seat 1: argintina (button) collected ($1)
Seat 2: HubertusB (small blind) folded before Flop
Seat 3: R.Filin (big blind) folded before Flop
Seat 4: zyrus.1981 folded on the Flop
Seat 5: DaugustJo folded before Flop (didn't bet)
Seat 6: luda225 folded before Flop (didn't bet)



PokerStars Zoom Hand #175932398792:  Hold'em No Limit ($0.05/$0.10) - 2017/09/21 23:17:41 CCT [2017/09/21 11:17:41 ET]
Table 'Aludra' 6-max Seat #1 is the button
Seat 1: terpeela ($10 in chips) 
Seat 2: udon1989 ($10.56 in chips) 
Seat 3: HubertusB ($11.77 in chips) 
Seat 4: Naaby208 ($10 in chips) 
Seat 5: Linkoln220 ($9.55 in chips) 
Seat 6: luk28757 ($10.85 in chips) 
udon1989: posts small blind $0.05
HubertusB: posts big blind $0.10
*** HOLE CARDS ***
Dealt to HubertusB [Jc Ac]
Naaby208: folds 
Linkoln220: folds 
luk28757: raises $0.25 to $0.35
terpeela: folds 
udon1989: folds 
HubertusB: calls $0.25
*** FLOP *** [2s As 4d]
HubertusB: checks 
luk28757: checks 
*** TURN *** [2s As 4d] [Th]
HubertusB: bets $0.50
luk28757: folds 
Uncalled bet ($0.50) returned to HubertusB
HubertusB collected $0.72 from pot
HubertusB: doesn't show hand 
*** SUMMARY ***
Total pot $0.75 | Rake $0.03 
Board [2s As 4d Th]
Seat 1: terpeela (button) folded before Flop (didn't bet)
Seat 2: udon1989 (small blind) folded before Flop
Seat 3: HubertusB (big blind) collected ($0.72)
Seat 4: Naaby208 folded before Flop (didn't bet)
Seat 5: Linkoln220 folded before Flop (didn't bet)
Seat 6: luk28757 folded on the Turn



PokerStars Zoom Hand #175932418570:  Hold'em No Limit ($0.05/$0.10) - 2017/09/21 23:18:15 CCT [2017/09/21 11:18:15 ET]
Table 'Aludra' 6-max Seat #1 is the button
Seat 1: DenDy Er ($10.89 in chips) 
Seat 2: rosemon799 ($1.40 in chips) 
Seat 3: nnVinokurov ($10.24 in chips) 
Seat 4: luda225 ($10.82 in chips) 
Seat 5: rom4ikderz ($29.44 in chips) 
Seat 6: HubertusB ($12.14 in chips) 
rosemon799: posts small blind $0.05
nnVinokurov: posts big blind $0.10
*** HOLE CARDS ***
Dealt to HubertusB [Jd 8d]
luda225: folds 
rom4ikderz: folds 
HubertusB: raises $0.10 to $0.20
DenDy Er: folds 
rosemon799: folds 
nnVinokurov: folds 
Uncalled bet ($0.10) returned to HubertusB
HubertusB collected $0.25 from pot
HubertusB: doesn't show hand 
*** SUMMARY ***
Total pot $0.25 | Rake $0 
Seat 1: DenDy Er (button) folded before Flop (didn't bet)
Seat 2: rosemon799 (small blind) folded before Flop
Seat 3: nnVinokurov (big blind) folded before Flop
Seat 4: luda225 folded before Flop (didn't bet)
Seat 5: rom4ikderz folded before Flop (didn't bet)
Seat 6: HubertusB collected ($0.25)



PokerStars Zoom Hand #175932425428:  Hold'em No Limit ($0.05/$0.10) - 2017/09/21 23:18:27 CCT [2017/09/21 11:18:27 ET]
Table 'Aludra' 6-max Seat #1 is the button
Seat 1: padde886 ($10.63 in chips) 
Seat 2: Manyunya1983 ($16.12 in chips) 
Seat 3: ElbowsKnees ($17.86 in chips) 
Seat 4: HubertusB ($12.29 in chips) 
Seat 5: GrindIs4Real ($40.91 in chips) 
Seat 6: @OLEGON 66 ($9.05 in chips) 
Manyunya1983: posts small blind $0.05
ElbowsKnees: posts big blind $0.10
*** HOLE CARDS ***
Dealt to HubertusB [Jh 6h]
HubertusB: folds 
GrindIs4Real: folds 
@OLEGON 66: folds 
padde886: folds 
Manyunya1983: calls $0.05
ElbowsKnees: checks 
*** FLOP *** [2d Js Qh]
Manyunya1983: bets $0.10
ElbowsKnees: folds 
Uncalled bet ($0.10) returned to Manyunya1983
Manyunya1983 collected $0.19 from pot
Manyunya1983: doesn't show hand 
*** SUMMARY ***
Total pot $0.20 | Rake $0.01 
Board [2d Js Qh]
Seat 1: padde886 (button) folded before Flop (didn't bet)
Seat 2: Manyunya1983 (small blind) collected ($0.19)
Seat 3: ElbowsKnees (big blind) folded on the Flop
Seat 4: HubertusB folded before Flop (didn't bet)
Seat 5: GrindIs4Real folded before Flop (didn't bet)
Seat 6: @OLEGON 66 folded before Flop (didn't bet)



PokerStars Zoom Hand #175932435507:  Hold'em No Limit ($0.05/$0.10) - 2017/09/21 23:18:44 CCT [2017/09/21 11:18:44 ET]
Table 'Aludra' 6-max Seat #1 is the button
Seat 1: GrindIs4Real ($40.81 in chips) 
Seat 2: tomo1226 ($49.42 in chips) 
Seat 3: propper111 ($13.01 in chips) 
Seat 4: argintina ($12.38 in chips) 
Seat 5: HubertusB ($12.29 in chips) 
Seat 6: grossyapro ($10.30 in chips) 
tomo1226: posts small blind $0.05
propper111: posts big blind $0.10
*** HOLE CARDS ***
Dealt to HubertusB [Qd Jc]
argintina: folds 
HubertusB: raises $0.10 to $0.20
grossyapro: folds 
GrindIs4Real: folds 
tomo1226: folds 
propper111: folds 
Uncalled bet ($0.10) returned to HubertusB
HubertusB collected $0.25 from pot
HubertusB: doesn't show hand 
*** SUMMARY ***
Total pot $0.25 | Rake $0 
Seat 1: GrindIs4Real (button) folded before Flop (didn't bet)
Seat 2: tomo1226 (small blind) folded before Flop
Seat 3: propper111 (big blind) folded before Flop
Seat 4: argintina folded before Flop (didn't bet)
Seat 5: HubertusB collected ($0.25)
Seat 6: grossyapro folded before Flop (didn't bet)



PokerStars Zoom Hand #175932428369:  Hold'em No Limit ($0.05/$0.10) - 2017/09/21 23:18:32 CCT [2017/09/21 11:18:32 ET]
Table 'Aludra' 6-max Seat #1 is the button
Seat 1: Viktorsub77 ($5.10 in chips) 
Seat 2: Xius14 ($10 in chips) 
Seat 3: 33pedro ($10 in chips) 
Seat 4: MarciiMarc ($10 in chips) 
Seat 5: HubertusB ($12.29 in chips) 
Seat 6: Liv2512 ($10.08 in chips) 
Xius14: posts small blind $0.05
33pedro: posts big blind $0.10
*** HOLE CARDS ***
Dealt to HubertusB [2s Ad]
MarciiMarc: folds 
HubertusB: folds 
Liv2512: calls $0.10
Viktorsub77: folds 
Xius14: folds 
33pedro: checks 
*** FLOP *** [5d 8d Qc]
33pedro: checks 
Liv2512: bets $0.20
33pedro: folds 
Uncalled bet ($0.20) returned to Liv2512
Liv2512 collected $0.24 from pot
Liv2512: doesn't show hand 
*** SUMMARY ***
Total pot $0.25 | Rake $0.01 
Board [5d 8d Qc]
Seat 1: Viktorsub77 (button) folded before Flop (didn't bet)
Seat 2: Xius14 (small blind) folded before Flop
Seat 3: 33pedro (big blind) folded on the Flop
Seat 4: MarciiMarc folded before Flop (didn't bet)
Seat 5: HubertusB folded before Flop (didn't bet)
Seat 6: Liv2512 collected ($0.24)



PokerStars Zoom Hand #175932443720:  Hold'em No Limit ($0.05/$0.10) - 2017/09/21 23:18:58 CCT [2017/09/21 11:18:58 ET]
Table 'Aludra' 6-max Seat #1 is the button
Seat 1: bedi00 ($11.35 in chips) 
Seat 2: makodao ($10 in chips) 
Seat 3: HubertusB ($12.39 in chips) 
Seat 4: Knight Duel ($10.72 in chips) 
Seat 5: SEXXYMARTIN ($10.26 in chips) 
Seat 6: Evgenij1977 ($10.09 in chips) 
makodao: posts small blind $0.05
HubertusB: posts big blind $0.10
*** HOLE CARDS ***
Dealt to HubertusB [Qd 4s]
Knight Duel: folds 
SEXXYMARTIN: folds 
Evgenij1977: raises $0.18 to $0.28
bedi00: folds 
makodao: folds 
HubertusB: folds 
Uncalled bet ($0.18) returned to Evgenij1977
Evgenij1977 collected $0.25 from pot
Evgenij1977: doesn't show hand 
*** SUMMARY ***
Total pot $0.25 | Rake $0 
Seat 1: bedi00 (button) folded before Flop (didn't bet)
Seat 2: makodao (small blind) folded before Flop
Seat 3: HubertusB (big blind) folded before Flop
Seat 4: Knight Duel folded before Flop (didn't bet)
Seat 5: SEXXYMARTIN folded before Flop (didn't bet)
Seat 6: Evgenij1977 collected ($0.25)



PokerStars Zoom Hand #175932440839:  Hold'em No Limit ($0.05/$0.10) - 2017/09/21 23:18:53 CCT [2017/09/21 11:18:53 ET]
Table 'Aludra' 6-max Seat #1 is the button
Seat 1: NeinZebruhen ($8.61 in chips) 
Seat 2: HubertusB ($12.44 in chips) 
Seat 3: Fratzenpoker ($6.57 in chips) 
Seat 4: MillanAndrew ($8.85 in chips) 
Seat 5: QuocTuong ($46.56 in chips) 
Seat 6: Toxa512 ($41.10 in chips) 
HubertusB: posts small blind $0.05
Fratzenpoker: posts big blind $0.10
*** HOLE CARDS ***
Dealt to HubertusB [9h 8s]
MillanAndrew: raises $0.20 to $0.30
QuocTuong: folds 
Toxa512: folds 
NeinZebruhen: folds 
HubertusB: folds 
Fratzenpoker: folds 
Uncalled bet ($0.20) returned to MillanAndrew
MillanAndrew collected $0.25 from pot
MillanAndrew: doesn't show hand 
*** SUMMARY ***
Total pot $0.25 | Rake $0 
Seat 1: NeinZebruhen (button) folded before Flop (didn't bet)
Seat 2: HubertusB (small blind) folded before Flop
Seat 3: Fratzenpoker (big blind) folded before Flop
Seat 4: MillanAndrew collected ($0.25)
Seat 5: QuocTuong folded before Flop (didn't bet)
Seat 6: Toxa512 folded before Flop (didn't bet)



PokerStars Zoom Hand #175932447939:  Hold'em No Limit ($0.05/$0.10) - 2017/09/21 23:19:05 CCT [2017/09/21 11:19:05 ET]
Table 'Aludra' 6-max Seat #1 is the button
Seat 1: ZloiGromila ($26.41 in chips) 
Seat 2: maaetos ($5.89 in chips) 
Seat 3: NeinZebruhen ($8.56 in chips) 
Seat 4: Kirikulu ($10.80 in chips) 
Seat 5: Jus88_UA ($88.69 in chips) 
Seat 6: HubertusB ($12.29 in chips) 
maaetos: posts small blind $0.05
NeinZebruhen: posts big blind $0.10
*** HOLE CARDS ***
Dealt to HubertusB [9c 2s]
Kirikulu: folds 
Jus88_UA: calls $0.10
HubertusB: folds 
ZloiGromila: folds 
maaetos: folds 
NeinZebruhen: raises $0.10 to $0.20
Jus88_UA: calls $0.10
*** FLOP *** [Td Qd Kd]
NeinZebruhen: checks 
Jus88_UA: bets $0.22
NeinZebruhen: folds 
Uncalled bet ($0.22) returned to Jus88_UA
Jus88_UA collected $0.43 from pot
Jus88_UA: doesn't show hand 
*** SUMMARY ***
Total pot $0.45 | Rake $0.02 
Board [Td Qd Kd]
Seat 1: ZloiGromila (button) folded before Flop (didn't bet)
Seat 2: maaetos (small blind) folded before Flop
Seat 3: NeinZebruhen (big blind) folded on the Flop
Seat 4: Kirikulu folded before Flop (didn't bet)
Seat 5: Jus88_UA collected ($0.43)
Seat 6: HubertusB folded before Flop (didn't bet)



PokerStars Zoom Hand #175932431947:  Hold'em No Limit ($0.05/$0.10) - 2017/09/21 23:18:38 CCT [2017/09/21 11:18:38 ET]
Table 'Aludra' 6-max Seat #1 is the button
Seat 1: HubertusB ($12.29 in chips) 
Seat 2: GrindIs4Real ($13.92 in chips) 
Seat 3: sl1n555 ($25.08 in chips) 
Seat 4: gord_4 ($7.02 in chips) 
Seat 5: void-AA ($11.14 in chips) 
Seat 6: luda225 ($10.82 in chips) 
GrindIs4Real: posts small blind $0.05
sl1n555: posts big blind $0.10
*** HOLE CARDS ***
Dealt to HubertusB [7d Js]
gord_4: folds 
void-AA: folds 
luda225: folds 
HubertusB: folds 
GrindIs4Real: raises $0.20 to $0.30
sl1n555: calls $0.20
*** FLOP *** [7h 8d 3d]
GrindIs4Real: checks 
sl1n555: checks 
*** TURN *** [7h 8d 3d] [7s]
GrindIs4Real: checks 
sl1n555: checks 
*** RIVER *** [7h 8d 3d 7s] [Th]
GrindIs4Real: checks 
sl1n555: bets $0.41
GrindIs4Real: folds 
Uncalled bet ($0.41) returned to sl1n555
sl1n555 collected $0.57 from pot
sl1n555: doesn't show hand 
*** SUMMARY ***
Total pot $0.60 | Rake $0.03 
Board [7h 8d 3d 7s Th]
Seat 1: HubertusB (button) folded before Flop (didn't bet)
Seat 2: GrindIs4Real (small blind) folded on the River
Seat 3: sl1n555 (big blind) collected ($0.57)
Seat 4: gord_4 folded before Flop (didn't bet)
Seat 5: void-AA folded before Flop (didn't bet)
Seat 6: luda225 folded before Flop (didn't bet)



PokerStars Zoom Hand #175932450278:  Hold'em No Limit ($0.05/$0.10) - 2017/09/21 23:19:09 CCT [2017/09/21 11:19:09 ET]
Table 'Aludra' 6-max Seat #1 is the button
Seat 1: rocha0123 ($11.02 in chips) 
Seat 2: LENCHA555 ($14.85 in chips) 
Seat 3: KAK BOG PLAY ($20 in chips) 
Seat 4: HubertusB ($12.29 in chips) 
Seat 5: mrvaa77 ($13.09 in chips) 
Seat 6: Piqzer ($11.38 in chips) 
LENCHA555: posts small blind $0.05
KAK BOG PLAY: posts big blind $0.10
*** HOLE CARDS ***
Dealt to HubertusB [5h 5s]
HubertusB: raises $0.20 to $0.30
mrvaa77: folds 
Piqzer: folds 
rocha0123: calls $0.30
LENCHA555: calls $0.25
KAK BOG PLAY: folds 
*** FLOP *** [Kh Kc 6s]
LENCHA555: checks 
HubertusB: bets $0.60
rocha0123: folds 
LENCHA555: folds 
Uncalled bet ($0.60) returned to HubertusB
HubertusB collected $0.96 from pot
HubertusB: doesn't show hand 
*** SUMMARY ***
Total pot $1 | Rake $0.04 
Board [Kh Kc 6s]
Seat 1: rocha0123 (button) folded on the Flop
Seat 2: LENCHA555 (small blind) folded on the Flop
Seat 3: KAK BOG PLAY (big blind) folded before Flop
Seat 4: HubertusB collected ($0.96)
Seat 5: mrvaa77 folded before Flop (didn't bet)
Seat 6: Piqzer folded before Flop (didn't bet)



PokerStars Zoom Hand #175932470893:  Hold'em No Limit ($0.05/$0.10) - 2017/09/21 23:19:44 CCT [2017/09/21 11:19:44 ET]
Table 'Aludra' 6-max Seat #1 is the button
Seat 1: vasiliy99925 ($13.08 in chips) 
Seat 2: lealko14 ($16.12 in chips) 
Seat 3: HubertusB ($12.95 in chips) 
Seat 4: Versace4ever ($14.41 in chips) 
Seat 5: kairòs ($10.64 in chips) 
Seat 6: noriudar12 ($9.45 in chips) 
lealko14: posts small blind $0.05
HubertusB: posts big blind $0.10
*** HOLE CARDS ***
Dealt to HubertusB [2d 4c]
Versace4ever: folds 
kairòs: folds 
noriudar12: folds 
vasiliy99925: folds 
lealko14: folds 
Uncalled bet ($0.05) returned to HubertusB
HubertusB collected $0.10 from pot
HubertusB: doesn't show hand 
*** SUMMARY ***
Total pot $0.10 | Rake $0 
Seat 1: vasiliy99925 (button) folded before Flop (didn't bet)
Seat 2: lealko14 (small blind) folded before Flop
Seat 3: HubertusB (big blind) collected ($0.10)
Seat 4: Versace4ever folded before Flop (didn't bet)
Seat 5: kairòs folded before Flop (didn't bet)
Seat 6: noriudar12 folded before Flop (didn't bet)



PokerStars Zoom Hand #175932464882:  Hold'em No Limit ($0.05/$0.10) - 2017/09/21 23:19:34 CCT [2017/09/21 11:19:34 ET]
Table 'Aludra' 6-max Seat #1 is the button
Seat 1: ivan1178 ($21.94 in chips) 
Seat 2: grossyapro ($16.56 in chips) 
Seat 3: pokStarsdima ($10 in chips) 
Seat 4: HubertusB ($12.95 in chips) 
Seat 5: PokerGame95 ($11.62 in chips) 
Seat 6: luda225 ($10.67 in chips) 
grossyapro: posts small blind $0.05
pokStarsdima: posts big blind $0.10
*** HOLE CARDS ***
Dealt to HubertusB [4s 8c]
HubertusB: folds 
PokerGame95: folds 
luda225: folds 
ivan1178: raises $0.10 to $0.20
grossyapro: folds 
pokStarsdima: folds 
Uncalled bet ($0.10) returned to ivan1178
ivan1178 collected $0.25 from pot
ivan1178: doesn't show hand 
*** SUMMARY ***
Total pot $0.25 | Rake $0 
Seat 1: ivan1178 (button) collected ($0.25)
Seat 2: grossyapro (small blind) folded before Flop
Seat 3: pokStarsdima (big blind) folded before Flop
Seat 4: HubertusB folded before Flop (didn't bet)
Seat 5: PokerGame95 folded before Flop (didn't bet)
Seat 6: luda225 folded before Flop (didn't bet)



PokerStars Zoom Hand #175932467905:  Hold'em No Limit ($0.05/$0.10) - 2017/09/21 23:19:39 CCT [2017/09/21 11:19:39 ET]
Table 'Aludra' 6-max Seat #1 is the button
Seat 1: stefal ($9.85 in chips) 
Seat 2: pstyle111 ($10.69 in chips) 
Seat 3: Catenaccio24 ($6.61 in chips) 
Seat 4: HubertusB ($12.95 in chips) 
Seat 5: GabrielSbtn ($8.63 in chips) 
Seat 6: R.Filin ($17.79 in chips) 
pstyle111: posts small blind $0.05
Catenaccio24: posts big blind $0.10
*** HOLE CARDS ***
Dealt to HubertusB [9s Kh]
HubertusB: folds 
GabrielSbtn: folds 
R.Filin: folds 
stefal: folds 
pstyle111: folds 
Uncalled bet ($0.05) returned to Catenaccio24
Catenaccio24 collected $0.10 from pot
Catenaccio24: doesn't show hand 
*** SUMMARY ***
Total pot $0.10 | Rake $0 
Seat 1: stefal (button) folded before Flop (didn't bet)
Seat 2: pstyle111 (small blind) folded before Flop
Seat 3: Catenaccio24 (big blind) collected ($0.10)
Seat 4: HubertusB folded before Flop (didn't bet)
Seat 5: GabrielSbtn folded before Flop (didn't bet)
Seat 6: R.Filin folded before Flop (didn't bet)



PokerStars Zoom Hand #175932477302:  Hold'em No Limit ($0.05/$0.10) - 2017/09/21 23:19:55 CCT [2017/09/21 11:19:55 ET]
Table 'Aludra' 6-max Seat #1 is the button
Seat 1: Bluebull15 ($20.17 in chips) 
Seat 2: HubertusB ($13 in chips) 
Seat 3: PSDACE ($10.45 in chips) 
Seat 4: gazi1234 ($14.24 in chips) 
Seat 5: harrydjan ($7.52 in chips) 
Seat 6: R.Filin ($10.05 in chips) 
HubertusB: posts small blind $0.05
PSDACE: posts big blind $0.10
*** HOLE CARDS ***
Dealt to HubertusB [7s 8d]
gazi1234: raises $0.10 to $0.20
harrydjan: folds 
R.Filin: folds 
Bluebull15: folds 
HubertusB: folds 
PSDACE: calls $0.10
*** FLOP *** [5d Ad 7d]
PSDACE: bets $0.22
gazi1234: folds 
Uncalled bet ($0.22) returned to PSDACE
PSDACE collected $0.43 from pot
PSDACE: doesn't show hand 
*** SUMMARY ***
Total pot $0.45 | Rake $0.02 
Board [5d Ad 7d]
Seat 1: Bluebull15 (button) folded before Flop (didn't bet)
Seat 2: HubertusB (small blind) folded before Flop
Seat 3: PSDACE (big blind) collected ($0.43)
Seat 4: gazi1234 folded on the Flop
Seat 5: harrydjan folded before Flop (didn't bet)
Seat 6: R.Filin folded before Flop (didn't bet)



PokerStars Zoom Hand #175932480195:  Hold'em No Limit ($0.05/$0.10) - 2017/09/21 23:20:00 CCT [2017/09/21 11:20:00 ET]
Table 'Aludra' 6-max Seat #1 is the button
Seat 1: HubertusB ($12.95 in chips) 
Seat 2: guessvip ($12.04 in chips) 
Seat 3: focxovi ($10.50 in chips) 
Seat 4: OTBFTA ($5.20 in chips) 
Seat 5: CptBluff1988 ($10.56 in chips) 
Seat 6: lealko14 ($11.09 in chips) 
guessvip: posts small blind $0.05
focxovi: posts big blind $0.10
*** HOLE CARDS ***
Dealt to HubertusB [6s 9s]
OTBFTA: folds 
CptBluff1988: raises $0.20 to $0.30
lealko14: folds 
HubertusB: raises $0.60 to $0.90
guessvip: folds 
focxovi: folds 
CptBluff1988: raises $1.50 to $2.40
HubertusB: folds 
Uncalled bet ($1.50) returned to CptBluff1988
CptBluff1988 collected $1.95 from pot
CptBluff1988: doesn't show hand 
*** SUMMARY ***
Total pot $1.95 | Rake $0 
Seat 1: HubertusB (button) folded before Flop
Seat 2: guessvip (small blind) folded before Flop
Seat 3: focxovi (big blind) folded before Flop
Seat 4: OTBFTA folded before Flop (didn't bet)
Seat 5: CptBluff1988 collected ($1.95)
Seat 6: lealko14 folded before Flop (didn't bet)



PokerStars Zoom Hand #175932518994:  Hold'em No Limit ($0.05/$0.10) - 2017/09/21 23:21:06 CCT [2017/09/21 11:21:06 ET]
Table 'Aludra' 6-max Seat #1 is the button
Seat 1: Aerban ($6.39 in chips) 
Seat 2: aldinetto ($14.31 in chips) 
Seat 3: HubertusB ($12.05 in chips) 
Seat 4: Fara191 ($23.59 in chips) 
Seat 5: Stocki2911 ($4.89 in chips) 
Seat 6: guessvip ($11.89 in chips) 
aldinetto: posts small blind $0.05
HubertusB: posts big blind $0.10
*** HOLE CARDS ***
Dealt to HubertusB [7d 7s]
Fara191: folds 
Stocki2911: folds 
guessvip: folds 
Aerban: folds 
aldinetto: folds 
Uncalled bet ($0.05) returned to HubertusB
HubertusB collected $0.10 from pot
HubertusB: doesn't show hand 
*** SUMMARY ***
Total pot $0.10 | Rake $0 
Seat 1: Aerban (button) folded before Flop (didn't bet)
Seat 2: aldinetto (small blind) folded before Flop
Seat 3: HubertusB (big blind) collected ($0.10)
Seat 4: Fara191 folded before Flop (didn't bet)
Seat 5: Stocki2911 folded before Flop (didn't bet)
Seat 6: guessvip folded before Flop (didn't bet)



PokerStars Zoom Hand #175932526609:  Hold'em No Limit ($0.05/$0.10) - 2017/09/21 23:21:19 CCT [2017/09/21 11:21:19 ET]
Table 'Aludra' 6-max Seat #1 is the button
Seat 1: Clownyara ($11.68 in chips) 
Seat 2: HubertusB ($12.10 in chips) 
Seat 3: nik777 ($10.30 in chips) 
Seat 4: iamvanp ($14.12 in chips) 
Seat 5: wisekraut ($11.07 in chips) 
Seat 6: miduo ($11.45 in chips) 
HubertusB: posts small blind $0.05
nik777: posts big blind $0.10
*** HOLE CARDS ***
Dealt to HubertusB [6h Th]
iamvanp: folds 
wisekraut: raises $0.20 to $0.30
miduo: folds 
Clownyara: folds 
HubertusB: folds 
nik777: folds 
Uncalled bet ($0.20) returned to wisekraut
wisekraut collected $0.25 from pot
wisekraut: doesn't show hand 
*** SUMMARY ***
Total pot $0.25 | Rake $0 
Seat 1: Clownyara (button) folded before Flop (didn't bet)
Seat 2: HubertusB (small blind) folded before Flop
Seat 3: nik777 (big blind) folded before Flop
Seat 4: iamvanp folded before Flop (didn't bet)
Seat 5: wisekraut collected ($0.25)
Seat 6: miduo folded before Flop (didn't bet)



PokerStars Zoom Hand #175932532350:  Hold'em No Limit ($0.05/$0.10) - 2017/09/21 23:21:29 CCT [2017/09/21 11:21:29 ET]
Table 'Aludra' 6-max Seat #1 is the button
Seat 1: symkalaila ($29.87 in chips) 
Seat 2: dumitrean ($6.58 in chips) 
Seat 3: aviator 8396 ($8 in chips) 
Seat 4: Wowka Bob37 ($12.20 in chips) 
Seat 5: HubertusB ($12.05 in chips) 
Seat 6: keht_agta ($3.44 in chips) 
dumitrean: posts small blind $0.05
aviator 8396: posts big blind $0.10
*** HOLE CARDS ***
Dealt to HubertusB [Jc 7s]
Wowka Bob37: folds 
HubertusB: folds 
keht_agta: folds 
symkalaila: folds 
dumitrean: raises $0.20 to $0.30
aviator 8396: folds 
Uncalled bet ($0.20) returned to dumitrean
dumitrean collected $0.20 from pot
dumitrean: doesn't show hand 
*** SUMMARY ***
Total pot $0.20 | Rake $0 
Seat 1: symkalaila (button) folded before Flop (didn't bet)
Seat 2: dumitrean (small blind) collected ($0.20)
Seat 3: aviator 8396 (big blind) folded before Flop
Seat 4: Wowka Bob37 folded before Flop (didn't bet)
Seat 5: HubertusB folded before Flop (didn't bet)
Seat 6: keht_agta folded before Flop (didn't bet)



PokerStars Zoom Hand #175932516607:  Hold'em No Limit ($0.05/$0.10) - 2017/09/21 23:21:02 CCT [2017/09/21 11:21:02 ET]
Table 'Aludra' 6-max Seat #1 is the button
Seat 1: eureka4231 ($17.70 in chips) 
Seat 2: ryota_nyan ($11.22 in chips) 
Seat 3: GrindIs4Real ($10 in chips) 
Seat 4: GamblerAlias ($13.71 in chips) 
Seat 5: lealko14 ($15.82 in chips) 
Seat 6: HubertusB ($12.05 in chips) 
ryota_nyan: posts small blind $0.05
GrindIs4Real: posts big blind $0.10
*** HOLE CARDS ***
Dealt to HubertusB [9d 5c]
GamblerAlias: folds 
lealko14: folds 
HubertusB: folds 
eureka4231: raises $0.15 to $0.25
ryota_nyan: folds 
GrindIs4Real: calls $0.15
*** FLOP *** [4d 8s Qh]
GrindIs4Real: checks 
eureka4231: checks 
*** TURN *** [4d 8s Qh] [Td]
GrindIs4Real: checks 
eureka4231: bets $0.38
GrindIs4Real: folds 
Uncalled bet ($0.38) returned to eureka4231
eureka4231 collected $0.53 from pot
eureka4231: doesn't show hand 
*** SUMMARY ***
Total pot $0.55 | Rake $0.02 
Board [4d 8s Qh Td]
Seat 1: eureka4231 (button) collected ($0.53)
Seat 2: ryota_nyan (small blind) folded before Flop
Seat 3: GrindIs4Real (big blind) folded on the Turn
Seat 4: GamblerAlias folded before Flop (didn't bet)
Seat 5: lealko14 folded before Flop (didn't bet)
Seat 6: HubertusB folded before Flop (didn't bet)



PokerStars Zoom Hand #175932538180:  Hold'em No Limit ($0.05/$0.10) - 2017/09/21 23:21:39 CCT [2017/09/21 11:21:39 ET]
Table 'Aludra' 6-max Seat #1 is the button
Seat 1: ManiakHaze ($10 in chips) 
Seat 2: kleidl1978 ($12.89 in chips) 
Seat 3: 3DMINSK ($27.95 in chips) 
Seat 4: grossyapro ($10.64 in chips) 
Seat 5: HubertusB ($12.05 in chips) 
Seat 6: vvk22 ($9.40 in chips) 
kleidl1978: posts small blind $0.05
3DMINSK: posts big blind $0.10
*** HOLE CARDS ***
Dealt to HubertusB [5c 8c]
grossyapro: folds 
HubertusB: folds 
vvk22: folds 
ManiakHaze: folds 
kleidl1978: folds 
Uncalled bet ($0.05) returned to 3DMINSK
3DMINSK collected $0.10 from pot
3DMINSK: doesn't show hand 
*** SUMMARY ***
Total pot $0.10 | Rake $0 
Seat 1: ManiakHaze (button) folded before Flop (didn't bet)
Seat 2: kleidl1978 (small blind) folded before Flop
Seat 3: 3DMINSK (big blind) collected ($0.10)
Seat 4: grossyapro folded before Flop (didn't bet)
Seat 5: HubertusB folded before Flop (didn't bet)
Seat 6: vvk22 folded before Flop (didn't bet)



PokerStars Zoom Hand #175932529560:  Hold'em No Limit ($0.05/$0.10) - 2017/09/21 23:21:24 CCT [2017/09/21 11:21:24 ET]
Table 'Aludra' 6-max Seat #1 is the button
Seat 1: Basylev$ ($11.73 in chips) 
Seat 2: Dolzhnik ($14.22 in chips) 
Seat 3: chaynik876 ($8.82 in chips) 
Seat 4: pokStarsdima ($10 in chips) 
Seat 5: krikzom ($22.67 in chips) 
Seat 6: HubertusB ($12.05 in chips) 
Dolzhnik: posts small blind $0.05
chaynik876: posts big blind $0.10
*** HOLE CARDS ***
Dealt to HubertusB [Ks 2c]
pokStarsdima: raises $0.20 to $0.30
krikzom: folds 
HubertusB: folds 
Basylev$: folds 
Dolzhnik: folds 
chaynik876: calls $0.20
*** FLOP *** [8s Qs Kc]
chaynik876: checks 
pokStarsdima: checks 
*** TURN *** [8s Qs Kc] [8d]
chaynik876: bets $0.20
pokStarsdima: calls $0.20
*** RIVER *** [8s Qs Kc 8d] [As]
chaynik876: checks 
pokStarsdima: bets $0.50
chaynik876: folds 
Uncalled bet ($0.50) returned to pokStarsdima
pokStarsdima collected $1 from pot
pokStarsdima: doesn't show hand 
*** SUMMARY ***
Total pot $1.05 | Rake $0.05 
Board [8s Qs Kc 8d As]
Seat 1: Basylev$ (button) folded before Flop (didn't bet)
Seat 2: Dolzhnik (small blind) folded before Flop
Seat 3: chaynik876 (big blind) folded on the River
Seat 4: pokStarsdima collected ($1)
Seat 5: krikzom folded before Flop (didn't bet)
Seat 6: HubertusB folded before Flop (didn't bet)



PokerStars Zoom Hand #175932535819:  Hold'em No Limit ($0.05/$0.10) - 2017/09/21 23:21:35 CCT [2017/09/21 11:21:35 ET]
Table 'Aludra' 6-max Seat #1 is the button
Seat 1: Seleneious ($14.62 in chips) 
Seat 2: Barburas17 ($10.35 in chips) 
Seat 3: 3revos ($12.62 in chips) 
Seat 4: HubertusB ($12.05 in chips) 
Seat 5: Xius14 ($12.20 in chips) 
Seat 6: gord_4 ($5.95 in chips) 
Barburas17: posts small blind $0.05
3revos: posts big blind $0.10
*** HOLE CARDS ***
Dealt to HubertusB [4s Ah]
HubertusB: folds 
Xius14: folds 
gord_4: folds 
Seleneious: folds 
Barburas17: raises $0.10 to $0.20
3revos: calls $0.10
*** FLOP *** [8h 5h 8s]
Barburas17: bets $0.29
3revos: folds 
Uncalled bet ($0.29) returned to Barburas17
Barburas17 collected $0.38 from pot
Barburas17: doesn't show hand 
*** SUMMARY ***
Total pot $0.40 | Rake $0.02 
Board [8h 5h 8s]
Seat 1: Seleneious (button) folded before Flop (didn't bet)
Seat 2: Barburas17 (small blind) collected ($0.38)
Seat 3: 3revos (big blind) folded on the Flop
Seat 4: HubertusB folded before Flop (didn't bet)
Seat 5: Xius14 folded before Flop (didn't bet)
Seat 6: gord_4 folded before Flop (didn't bet)



PokerStars Zoom Hand #175932523659:  Hold'em No Limit ($0.05/$0.10) - 2017/09/21 23:21:14 CCT [2017/09/21 11:21:14 ET]
Table 'Aludra' 6-max Seat #1 is the button
Seat 1: HubertusB ($12.10 in chips) 
Seat 2: Serega241211 ($4.54 in chips) 
Seat 3: Zweiglein161 ($11.26 in chips) 
Seat 4: vadeinpace11 ($10.76 in chips) 
Seat 5: EvgeshaBest ($4.85 in chips) 
Seat 6: myself10 ($14.14 in chips) 
Serega241211: posts small blind $0.05
Zweiglein161: posts big blind $0.10
*** HOLE CARDS ***
Dealt to HubertusB [7h Qd]
vadeinpace11: folds 
EvgeshaBest: folds 
myself10: folds 
HubertusB: folds 
Serega241211: calls $0.05
Zweiglein161: checks 
*** FLOP *** [Tc 3d 8c]
Serega241211: bets $0.10
Zweiglein161: calls $0.10
*** TURN *** [Tc 3d 8c] [8d]
Serega241211: checks 
Zweiglein161: bets $0.50
Serega241211: calls $0.50
*** RIVER *** [Tc 3d 8c 8d] [3s]
Serega241211: checks 
Zweiglein161: bets $4.10
Serega241211: folds 
Uncalled bet ($4.10) returned to Zweiglein161
Zweiglein161 collected $1.34 from pot
Zweiglein161: doesn't show hand 
*** SUMMARY ***
Total pot $1.40 | Rake $0.06 
Board [Tc 3d 8c 8d 3s]
Seat 1: HubertusB (button) folded before Flop (didn't bet)
Seat 2: Serega241211 (small blind) folded on the River
Seat 3: Zweiglein161 (big blind) collected ($1.34)
Seat 4: vadeinpace11 folded before Flop (didn't bet)
Seat 5: EvgeshaBest folded before Flop (didn't bet)
Seat 6: myself10 folded before Flop (didn't bet)



PokerStars Zoom Hand #175932540566:  Hold'em No Limit ($0.05/$0.10) - 2017/09/21 23:21:43 CCT [2017/09/21 11:21:43 ET]
Table 'Aludra' 6-max Seat #1 is the button
Seat 1: HubertusB ($12.05 in chips) 
Seat 2: WhiteDeath55 ($20.31 in chips) 
Seat 3: headileet ($19.71 in chips) 
Seat 4: DJMev ($10 in chips) 
Seat 5: serbalst ($13.95 in chips) 
Seat 6: -=l Grek l=- ($55.11 in chips) 
WhiteDeath55: posts small blind $0.05
headileet: posts big blind $0.10
*** HOLE CARDS ***
Dealt to HubertusB [As Ac]
DJMev: folds 
serbalst: folds 
-=l Grek l=-: folds 
HubertusB: raises $0.10 to $0.20
WhiteDeath55: folds 
headileet: calls $0.10
*** FLOP *** [Jc Js Qs]
headileet: checks 
HubertusB: checks 
*** TURN *** [Jc Js Qs] [9d]
headileet: checks 
HubertusB: bets $0.30
headileet: folds 
Uncalled bet ($0.30) returned to HubertusB
HubertusB collected $0.43 from pot
HubertusB: doesn't show hand 
*** SUMMARY ***
Total pot $0.45 | Rake $0.02 
Board [Jc Js Qs 9d]
Seat 1: HubertusB (button) collected ($0.43)
Seat 2: WhiteDeath55 (small blind) folded before Flop
Seat 3: headileet (big blind) folded on the Turn
Seat 4: DJMev folded before Flop (didn't bet)
Seat 5: serbalst folded before Flop (didn't bet)
Seat 6: -=l Grek l=- folded before Flop (didn't bet)



PokerStars Zoom Hand #175932566048:  Hold'em No Limit ($0.05/$0.10) - 2017/09/21 23:22:26 CCT [2017/09/21 11:22:26 ET]
Table 'Aludra' 6-max Seat #1 is the button
Seat 1: Araj Moon ($58.76 in chips) 
Seat 2: HubertusB ($12.28 in chips) 
Seat 3: vvk22 ($8.52 in chips) 
Seat 4: RoyLTee ($3.34 in chips) 
Seat 5: makodao ($10 in chips) 
Seat 6: Janneu ($16.95 in chips) 
HubertusB: posts small blind $0.05
vvk22: posts big blind $0.10
*** HOLE CARDS ***
Dealt to HubertusB [2s 2c]
RoyLTee: folds 
makodao: folds 
Janneu: folds 
Araj Moon: raises $0.25 to $0.35
HubertusB: raises $0.75 to $1.10
vvk22: folds 
Araj Moon: calls $0.75
*** FLOP *** [6s 4s 9d]
HubertusB: bets $1.20
Araj Moon: folds 
Uncalled bet ($1.20) returned to HubertusB
HubertusB collected $2.20 from pot
HubertusB: doesn't show hand 
*** SUMMARY ***
Total pot $2.30 | Rake $0.10 
Board [6s 4s 9d]
Seat 1: Araj Moon (button) folded on the Flop
Seat 2: HubertusB (small blind) collected ($2.20)
Seat 3: vvk22 (big blind) folded before Flop
Seat 4: RoyLTee folded before Flop (didn't bet)
Seat 5: makodao folded before Flop (didn't bet)
Seat 6: Janneu folded before Flop (didn't bet)



PokerStars Zoom Hand #175932593682:  Hold'em No Limit ($0.05/$0.10) - 2017/09/21 23:23:13 CCT [2017/09/21 11:23:13 ET]
Table 'Aludra' 6-max Seat #1 is the button
Seat 1: HandNine ($15.09 in chips) 
Seat 2: sl1n555 ($27.82 in chips) 
Seat 3: HubertusB ($13.38 in chips) 
Seat 4: karnevál ($24.12 in chips) 
Seat 5: JohnyPopleta ($11.16 in chips) 
Seat 6: jojo44ii ($11.90 in chips) 
sl1n555: posts small blind $0.05
HubertusB: posts big blind $0.10
*** HOLE CARDS ***
Dealt to HubertusB [9s 5h]
karnevál: folds 
JohnyPopleta: raises $0.20 to $0.30
jojo44ii: folds 
HandNine: folds 
sl1n555: folds 
HubertusB: folds 
Uncalled bet ($0.20) returned to JohnyPopleta
JohnyPopleta collected $0.25 from pot
JohnyPopleta: doesn't show hand 
*** SUMMARY ***
Total pot $0.25 | Rake $0 
Seat 1: HandNine (button) folded before Flop (didn't bet)
Seat 2: sl1n555 (small blind) folded before Flop
Seat 3: HubertusB (big blind) folded before Flop
Seat 4: karnevál folded before Flop (didn't bet)
Seat 5: JohnyPopleta collected ($0.25)
Seat 6: jojo44ii folded before Flop (didn't bet)



PokerStars Zoom Hand #175932602008:  Hold'em No Limit ($0.05/$0.10) - 2017/09/21 23:23:27 CCT [2017/09/21 11:23:27 ET]
Table 'Aludra' 6-max Seat #1 is the button
Seat 1: xulfster ($13.43 in chips) 
Seat 2: serbalst ($12.34 in chips) 
Seat 3: Nikola7713 ($8.19 in chips) 
Seat 4: Linkoln220 ($11.39 in chips) 
Seat 5: HubertusB ($13.28 in chips) 
Seat 6: void-AA ($36.72 in chips) 
serbalst: posts small blind $0.05
Nikola7713: posts big blind $0.10
*** HOLE CARDS ***
Dealt to HubertusB [As Kh]
Linkoln220: folds 
HubertusB: raises $0.20 to $0.30
void-AA: calls $0.30
xulfster: folds 
serbalst: folds 
Nikola7713: calls $0.20
*** FLOP *** [6d 6c 9d]
Nikola7713: checks 
HubertusB: checks 
void-AA: bets $0.46
Nikola7713: folds 
HubertusB: folds 
Uncalled bet ($0.46) returned to void-AA
void-AA collected $0.91 from pot
void-AA: doesn't show hand 
*** SUMMARY ***
Total pot $0.95 | Rake $0.04 
Board [6d 6c 9d]
Seat 1: xulfster (button) folded before Flop (didn't bet)
Seat 2: serbalst (small blind) folded before Flop
Seat 3: Nikola7713 (big blind) folded on the Flop
Seat 4: Linkoln220 folded before Flop (didn't bet)
Seat 5: HubertusB folded on the Flop
Seat 6: void-AA collected ($0.91)



PokerStars Zoom Hand #175932623418:  Hold'em No Limit ($0.05/$0.10) - 2017/09/21 23:24:03 CCT [2017/09/21 11:24:03 ET]
Table 'Aludra' 6-max Seat #1 is the button
Seat 1: HubertusB ($12.98 in chips) 
Seat 2: DevJamming ($10.32 in chips) 
Seat 3: serbalst ($13.60 in chips) 
Seat 4: aldinetto ($24.64 in chips) 
Seat 5: fynjysx ($9.04 in chips) 
Seat 6: -=l Grek l=- ($33.27 in chips) 
DevJamming: posts small blind $0.05
serbalst: posts big blind $0.10
*** HOLE CARDS ***
Dealt to HubertusB [Jh 6d]
aldinetto: folds 
fynjysx: folds 
-=l Grek l=-: folds 
HubertusB: folds 
DevJamming: folds 
Uncalled bet ($0.05) returned to serbalst
serbalst collected $0.10 from pot
serbalst: doesn't show hand 
*** SUMMARY ***
Total pot $0.10 | Rake $0 
Seat 1: HubertusB (button) folded before Flop (didn't bet)
Seat 2: DevJamming (small blind) folded before Flop
Seat 3: serbalst (big blind) collected ($0.10)
Seat 4: aldinetto folded before Flop (didn't bet)
Seat 5: fynjysx folded before Flop (didn't bet)
Seat 6: -=l Grek l=- folded before Flop (didn't bet)



PokerStars Zoom Hand #175932629897:  Hold'em No Limit ($0.05/$0.10) - 2017/09/21 23:24:14 CCT [2017/09/21 11:24:14 ET]
Table 'Aludra' 6-max Seat #1 is the button
Seat 1: sl1n555 ($10.16 in chips) 
Seat 2: makodao ($10.91 in chips) 
Seat 3: HubertusB ($12.98 in chips) 
Seat 4: DustinMaker ($11.12 in chips) 
Seat 5: Aerban ($7.82 in chips) 
Seat 6: DenDy Er ($9.56 in chips) 
makodao: posts small blind $0.05
HubertusB: posts big blind $0.10
*** HOLE CARDS ***
Dealt to HubertusB [Kd 7c]
DustinMaker: folds 
Aerban: folds 
DenDy Er: folds 
sl1n555: folds 
makodao: folds 
Uncalled bet ($0.05) returned to HubertusB
HubertusB collected $0.10 from pot
HubertusB: doesn't show hand 
*** SUMMARY ***
Total pot $0.10 | Rake $0 
Seat 1: sl1n555 (button) folded before Flop (didn't bet)
Seat 2: makodao (small blind) folded before Flop
Seat 3: HubertusB (big blind) collected ($0.10)
Seat 4: DustinMaker folded before Flop (didn't bet)
Seat 5: Aerban folded before Flop (didn't bet)
Seat 6: DenDy Er folded before Flop (didn't bet)



PokerStars Zoom Hand #175932637000:  Hold'em No Limit ($0.05/$0.10) - 2017/09/21 23:24:26 CCT [2017/09/21 11:24:26 ET]
Table 'Aludra' 6-max Seat #1 is the button
Seat 1: Bucm ($30.62 in chips) 
Seat 2: ManiakHaze ($15.03 in chips) 
Seat 3: Aerban ($7.82 in chips) 
Seat 4: SEXXYMARTIN ($12.13 in chips) 
Seat 5: rom4ikderz ($34.01 in chips) 
Seat 6: HubertusB ($13.03 in chips) 
ManiakHaze: posts small blind $0.05
Aerban: posts big blind $0.10
*** HOLE CARDS ***
Dealt to HubertusB [6c Tc]
SEXXYMARTIN: folds 
rom4ikderz: folds 
HubertusB: raises $0.10 to $0.20
Bucm: folds 
ManiakHaze: folds 
Aerban: calls $0.10
*** FLOP *** [Qh 3d 4c]
Aerban: bets $0.43
HubertusB: folds 
Uncalled bet ($0.43) returned to Aerban
Aerban collected $0.43 from pot
Aerban: doesn't show hand 
*** SUMMARY ***
Total pot $0.45 | Rake $0.02 
Board [Qh 3d 4c]
Seat 1: Bucm (button) folded before Flop (didn't bet)
Seat 2: ManiakHaze (small blind) folded before Flop
Seat 3: Aerban (big blind) collected ($0.43)
Seat 4: SEXXYMARTIN folded before Flop (didn't bet)
Seat 5: rom4ikderz folded before Flop (didn't bet)
Seat 6: HubertusB folded on the Flop



PokerStars Zoom Hand #175932626990:  Hold'em No Limit ($0.05/$0.10) - 2017/09/21 23:24:09 CCT [2017/09/21 11:24:09 ET]
Table 'Aludra' 6-max Seat #1 is the button
Seat 1: lybjon ($14.66 in chips) 
Seat 2: ady1276 ($4.90 in chips) 
Seat 3: 3DMINSK ($33.83 in chips) 
Seat 4: HubertusB ($12.98 in chips) 
Seat 5: jomuro53 ($4.24 in chips) 
Seat 6: pokStarsdima ($10.72 in chips) 
ady1276: posts small blind $0.05
3DMINSK: posts big blind $0.10
*** HOLE CARDS ***
Dealt to HubertusB [7s Qc]
HubertusB: folds 
jomuro53: calls $0.10
pokStarsdima: folds 
lybjon: calls $0.10
ady1276: folds 
3DMINSK: checks 
*** FLOP *** [Ks Td Js]
3DMINSK: checks 
jomuro53: checks 
lybjon: checks 
*** TURN *** [Ks Td Js] [7c]
3DMINSK: bets $0.18
jomuro53: folds 
lybjon: calls $0.18
*** RIVER *** [Ks Td Js 7c] [9h]
3DMINSK: bets $0.38
lybjon: raises $5.48 to $5.86
3DMINSK: folds 
Uncalled bet ($5.48) returned to lybjon
lybjon collected $1.40 from pot
lybjon: doesn't show hand 
*** SUMMARY ***
Total pot $1.47 | Rake $0.07 
Board [Ks Td Js 7c 9h]
Seat 1: lybjon (button) collected ($1.40)
Seat 2: ady1276 (small blind) folded before Flop
Seat 3: 3DMINSK (big blind) folded on the River
Seat 4: HubertusB folded before Flop (didn't bet)
Seat 5: jomuro53 folded on the Turn
Seat 6: pokStarsdima folded before Flop (didn't bet)



PokerStars Zoom Hand #175932648240:  Hold'em No Limit ($0.05/$0.10) - 2017/09/21 23:24:45 CCT [2017/09/21 11:24:45 ET]
Table 'Aludra' 6-max Seat #1 is the button
Seat 1: Bootsrideout ($5.36 in chips) 
Seat 2: HubertusB ($12.83 in chips) 
Seat 3: grossyapro ($10.94 in chips) 
Seat 4: Viktorsub77 ($4.85 in chips) 
Seat 5: fcköln8765 ($7.21 in chips) 
Seat 6: lealko14 ($23.19 in chips) 
HubertusB: posts small blind $0.05
grossyapro: posts big blind $0.10
*** HOLE CARDS ***
Dealt to HubertusB [3d 8h]
Viktorsub77: folds 
fcköln8765: folds 
lealko14: folds 
Bootsrideout: folds 
HubertusB: folds 
Uncalled bet ($0.05) returned to grossyapro
grossyapro collected $0.10 from pot
grossyapro: doesn't show hand 
*** SUMMARY ***
Total pot $0.10 | Rake $0 
Seat 1: Bootsrideout (button) folded before Flop (didn't bet)
Seat 2: HubertusB (small blind) folded before Flop
Seat 3: grossyapro (big blind) collected ($0.10)
Seat 4: Viktorsub77 folded before Flop (didn't bet)
Seat 5: fcköln8765 folded before Flop (didn't bet)
Seat 6: lealko14 folded before Flop (didn't bet)



PokerStars Zoom Hand #175932651245:  Hold'em No Limit ($0.05/$0.10) - 2017/09/21 23:24:50 CCT [2017/09/21 11:24:50 ET]
Table 'Aludra' 6-max Seat #1 is the button
Seat 1: Ytowo ($11.10 in chips) 
Seat 2: pokStarsdima ($10.87 in chips) 
Seat 3: Kirikulu ($10.38 in chips) 
Seat 4: Lucky Yurets ($9.55 in chips) 
Seat 5: HubertusB ($12.78 in chips) 
Seat 6: G.Buhgalter ($9.70 in chips) 
pokStarsdima: posts small blind $0.05
Kirikulu: posts big blind $0.10
*** HOLE CARDS ***
Dealt to HubertusB [6h 7d]
Lucky Yurets: folds 
HubertusB: folds 
G.Buhgalter: folds 
Ytowo: folds 
pokStarsdima: folds 
Uncalled bet ($0.05) returned to Kirikulu
Kirikulu collected $0.10 from pot
Kirikulu: doesn't show hand 
*** SUMMARY ***
Total pot $0.10 | Rake $0 
Seat 1: Ytowo (button) folded before Flop (didn't bet)
Seat 2: pokStarsdima (small blind) folded before Flop
Seat 3: Kirikulu (big blind) collected ($0.10)
Seat 4: Lucky Yurets folded before Flop (didn't bet)
Seat 5: HubertusB folded before Flop (didn't bet)
Seat 6: G.Buhgalter folded before Flop (didn't bet)



PokerStars Zoom Hand #175932620388:  Hold'em No Limit ($0.05/$0.10) - 2017/09/21 23:23:58 CCT [2017/09/21 11:23:58 ET]
Table 'Aludra' 6-max Seat #1 is the button
Seat 1: lealko14 ($35.42 in chips) 
Seat 2: Serega241211 ($3.87 in chips) 
Seat 3: Xius14 ($11.71 in chips) 
Seat 4: KreuzAssAtze ($4.86 in chips) 
Seat 5: Zweiglein161 ($10.30 in chips) 
Seat 6: HubertusB ($12.98 in chips) 
Serega241211: posts small blind $0.05
Xius14: posts big blind $0.10
*** HOLE CARDS ***
Dealt to HubertusB [Ah 8s]
KreuzAssAtze: folds 
Zweiglein161: folds 
HubertusB: folds 
lealko14: raises $0.15 to $0.25
Serega241211: folds 
Xius14: calls $0.15
*** FLOP *** [Qc 2s As]
Xius14: checks 
lealko14: bets $0.29
Xius14: calls $0.29
*** TURN *** [Qc 2s As] [4h]
Xius14: checks 
lealko14: bets $0.72
Xius14: folds 
Uncalled bet ($0.72) returned to lealko14
lealko14 collected $1.08 from pot
lealko14: doesn't show hand 
*** SUMMARY ***
Total pot $1.13 | Rake $0.05 
Board [Qc 2s As 4h]
Seat 1: lealko14 (button) collected ($1.08)
Seat 2: Serega241211 (small blind) folded before Flop
Seat 3: Xius14 (big blind) folded on the Turn
Seat 4: KreuzAssAtze folded before Flop (didn't bet)
Seat 5: Zweiglein161 folded before Flop (didn't bet)
Seat 6: HubertusB folded before Flop (didn't bet)



PokerStars Zoom Hand #175932654229:  Hold'em No Limit ($0.05/$0.10) - 2017/09/21 23:24:55 CCT [2017/09/21 11:24:55 ET]
Table 'Aludra' 6-max Seat #1 is the button
Seat 1: ZloiGromila ($32.61 in chips) 
Seat 2: guessvip ($10.05 in chips) 
Seat 3: Echomk ($17.24 in chips) 
Seat 4: krikzom ($10.40 in chips) 
Seat 5: aldinetto ($12.37 in chips) 
Seat 6: HubertusB ($12.78 in chips) 
guessvip: posts small blind $0.05
Echomk: posts big blind $0.10
*** HOLE CARDS ***
Dealt to HubertusB [Ts 6d]
krikzom: folds 
aldinetto: raises $0.15 to $0.25
HubertusB: folds 
ZloiGromila: folds 
guessvip: folds 
Echomk: folds 
Uncalled bet ($0.15) returned to aldinetto
aldinetto collected $0.25 from pot
aldinetto: doesn't show hand 
*** SUMMARY ***
Total pot $0.25 | Rake $0 
Seat 1: ZloiGromila (button) folded before Flop (didn't bet)
Seat 2: guessvip (small blind) folded before Flop
Seat 3: Echomk (big blind) folded before Flop
Seat 4: krikzom folded before Flop (didn't bet)
Seat 5: aldinetto collected ($0.25)
Seat 6: HubertusB folded before Flop (didn't bet)



PokerStars Zoom Hand #175932657135:  Hold'em No Limit ($0.05/$0.10) - 2017/09/21 23:25:00 CCT [2017/09/21 11:25:00 ET]
Table 'Aludra' 6-max Seat #1 is the button
Seat 1: miduo ($13.28 in chips) 
Seat 2: 2aknikiv3 ($12.33 in chips) 
Seat 3: HubertusB ($12.78 in chips) 
Seat 4: rom4ikderz ($35.01 in chips) 
Seat 5: carset ($32.20 in chips) 
Seat 6: argintina ($13.14 in chips) 
2aknikiv3: posts small blind $0.05
HubertusB: posts big blind $0.10
*** HOLE CARDS ***
Dealt to HubertusB [5h 9s]
rom4ikderz: folds 
carset: folds 
argintina: folds 
miduo: raises $0.10 to $0.20
2aknikiv3: folds 
HubertusB: folds 
Uncalled bet ($0.10) returned to miduo
miduo collected $0.25 from pot
miduo: doesn't show hand 
*** SUMMARY ***
Total pot $0.25 | Rake $0 
Seat 1: miduo (button) collected ($0.25)
Seat 2: 2aknikiv3 (small blind) folded before Flop
Seat 3: HubertusB (big blind) folded before Flop
Seat 4: rom4ikderz folded before Flop (didn't bet)
Seat 5: carset folded before Flop (didn't bet)
Seat 6: argintina folded before Flop (didn't bet)



PokerStars Zoom Hand #175932662424:  Hold'em No Limit ($0.05/$0.10) - 2017/09/21 23:25:09 CCT [2017/09/21 11:25:09 ET]
Table 'Aludra' 6-max Seat #1 is the button
Seat 1: HubertusB ($12.68 in chips) 
Seat 2: lealko14 ($35.96 in chips) 
Seat 3: Afrodita77 ($11.32 in chips) 
Seat 4: Knight Duel ($8.72 in chips) 
Seat 5: propper111 ($32.38 in chips) 
Seat 6: TOM aka T.M. ($11.71 in chips) 
lealko14: posts small blind $0.05
Afrodita77: posts big blind $0.10
*** HOLE CARDS ***
Dealt to HubertusB [Jc As]
Knight Duel: raises $0.20 to $0.30
propper111: folds 
TOM aka T.M.: folds 
HubertusB: folds 
lealko14: folds 
Afrodita77: folds 
Uncalled bet ($0.20) returned to Knight Duel
Knight Duel collected $0.25 from pot
Knight Duel: doesn't show hand 
*** SUMMARY ***
Total pot $0.25 | Rake $0 
Seat 1: HubertusB (button) folded before Flop (didn't bet)
Seat 2: lealko14 (small blind) folded before Flop
Seat 3: Afrodita77 (big blind) folded before Flop
Seat 4: Knight Duel collected ($0.25)
Seat 5: propper111 folded before Flop (didn't bet)
Seat 6: TOM aka T.M. folded before Flop (didn't bet)



PokerStars Zoom Hand #175932666604:  Hold'em No Limit ($0.05/$0.10) - 2017/09/21 23:25:16 CCT [2017/09/21 11:25:16 ET]
Table 'Aludra' 6-max Seat #1 is the button
Seat 1: R.Filin ($13.19 in chips) 
Seat 2: enerer_mode ($7.70 in chips) 
Seat 3: clover_vlad ($15 in chips) 
Seat 4: HubertusB ($12.68 in chips) 
Seat 5: Push41out ($10.02 in chips) 
Seat 6: newsph ($10.39 in chips) 
enerer_mode: posts small blind $0.05
clover_vlad: posts big blind $0.10
*** HOLE CARDS ***
Dealt to HubertusB [Ts Ad]
HubertusB: raises $0.10 to $0.20
Push41out: raises $0.30 to $0.50
newsph: folds 
R.Filin: folds 
enerer_mode: folds 
clover_vlad: folds 
HubertusB: calls $0.30
*** FLOP *** [5c 3c 9c]
HubertusB: checks 
Push41out: bets $0.90
HubertusB: folds 
Uncalled bet ($0.90) returned to Push41out
Push41out collected $1.10 from pot
Push41out: doesn't show hand 
*** SUMMARY ***
Total pot $1.15 | Rake $0.05 
Board [5c 3c 9c]
Seat 1: R.Filin (button) folded before Flop (didn't bet)
Seat 2: enerer_mode (small blind) folded before Flop
Seat 3: clover_vlad (big blind) folded before Flop
Seat 4: HubertusB folded on the Flop
Seat 5: Push41out collected ($1.10)
Seat 6: newsph folded before Flop (didn't bet)



PokerStars Zoom Hand #175932682136:  Hold'em No Limit ($0.05/$0.10) - 2017/09/21 23:25:42 CCT [2017/09/21 11:25:42 ET]
Table 'Aludra' 6-max Seat #1 is the button
Seat 1: Flaffel ($10.37 in chips) 
Seat 2: tehBlub ($10.55 in chips) 
Seat 3: tesi x ($22.86 in chips) 
Seat 4: Åssi90 ($10.29 in chips) 
Seat 5: HubertusB ($12.18 in chips) 
Seat 6: NeinZebruhen ($7.50 in chips) 
tehBlub: posts small blind $0.05
tesi x: posts big blind $0.10
*** HOLE CARDS ***
Dealt to HubertusB [Ad 7h]
Åssi90: folds 
HubertusB: folds 
NeinZebruhen: folds 
Flaffel: folds 
tehBlub: folds 
Uncalled bet ($0.05) returned to tesi x
tesi x collected $0.10 from pot
tesi x: doesn't show hand 
*** SUMMARY ***
Total pot $0.10 | Rake $0 
Seat 1: Flaffel (button) folded before Flop (didn't bet)
Seat 2: tehBlub (small blind) folded before Flop
Seat 3: tesi x (big blind) collected ($0.10)
Seat 4: Åssi90 folded before Flop (didn't bet)
Seat 5: HubertusB folded before Flop (didn't bet)
Seat 6: NeinZebruhen folded before Flop (didn't bet)



PokerStars Zoom Hand #175932685039:  Hold'em No Limit ($0.05/$0.10) - 2017/09/21 23:25:47 CCT [2017/09/21 11:25:47 ET]
Table 'Aludra' 6-max Seat #1 is the button
Seat 1: krikzom ($10.05 in chips) 
Seat 2: HubertusB ($12.18 in chips) 
Seat 3: makodao ($11.86 in chips) 
Seat 4: Nbozhilov ($8.39 in chips) 
Seat 5: noriudar12 ($16.58 in chips) 
Seat 6: Åssi90 ($16.16 in chips) 
HubertusB: posts small blind $0.05
makodao: posts big blind $0.10
*** HOLE CARDS ***
Dealt to HubertusB [2d 6c]
Nbozhilov: folds 
noriudar12: raises $0.25 to $0.35
Åssi90: folds 
krikzom: folds 
HubertusB: folds 
makodao: folds 
Uncalled bet ($0.25) returned to noriudar12
noriudar12 collected $0.25 from pot
noriudar12: doesn't show hand 
*** SUMMARY ***
Total pot $0.25 | Rake $0 
Seat 1: krikzom (button) folded before Flop (didn't bet)
Seat 2: HubertusB (small blind) folded before Flop
Seat 3: makodao (big blind) folded before Flop
Seat 4: Nbozhilov folded before Flop (didn't bet)
Seat 5: noriudar12 collected ($0.25)
Seat 6: Åssi90 folded before Flop (didn't bet)



PokerStars Zoom Hand #175932688025:  Hold'em No Limit ($0.05/$0.10) - 2017/09/21 23:25:52 CCT [2017/09/21 11:25:52 ET]
Table 'Aludra' 6-max Seat #1 is the button
Seat 1: FranS2Paulo ($5.96 in chips) 
Seat 2: Popii87 ($11.35 in chips) 
Seat 3: M.H. 'Ríde' ($10.61 in chips) 
Seat 4: HubertusB ($12.13 in chips) 
Seat 5: AllIKnowIs0 ($11.16 in chips) 
Seat 6: Hassy ($14.24 in chips) 
Popii87: posts small blind $0.05
M.H. 'Ríde': posts big blind $0.10
*** HOLE CARDS ***
Dealt to HubertusB [4s Kh]
HubertusB: folds 
AllIKnowIs0: folds 
Hassy: folds 
FranS2Paulo: folds 
Popii87: folds 
Uncalled bet ($0.05) returned to M.H. 'Ríde'
M.H. 'Ríde' collected $0.10 from pot
M.H. 'Ríde': doesn't show hand 
*** SUMMARY ***
Total pot $0.10 | Rake $0 
Seat 1: FranS2Paulo (button) folded before Flop (didn't bet)
Seat 2: Popii87 (small blind) folded before Flop
Seat 3: M.H. 'Ríde' (big blind) collected ($0.10)
Seat 4: HubertusB folded before Flop (didn't bet)
Seat 5: AllIKnowIs0 folded before Flop (didn't bet)
Seat 6: Hassy folded before Flop (didn't bet)



PokerStars Zoom Hand #175932691077:  Hold'em No Limit ($0.05/$0.10) - 2017/09/21 23:25:57 CCT [2017/09/21 11:25:57 ET]
Table 'Aludra' 6-max Seat #1 is the button
Seat 1: @OLEGON 66 ($8.49 in chips) 
Seat 2: nnVinokurov ($10.16 in chips) 
Seat 3: t@lib@n007 ($21.91 in chips) 
Seat 4: HubertusB ($12.13 in chips) 
Seat 5: Kirikulu ($10.62 in chips) 
Seat 6: KAK BOG PLAY ($10 in chips) 
nnVinokurov: posts small blind $0.05
t@lib@n007: posts big blind $0.10
*** HOLE CARDS ***
Dealt to HubertusB [Ts 2d]
HubertusB: folds 
Kirikulu: raises $0.20 to $0.30
KAK BOG PLAY: folds 
@OLEGON 66: folds 
nnVinokurov: folds 
t@lib@n007: folds 
Uncalled bet ($0.20) returned to Kirikulu
Kirikulu collected $0.25 from pot
Kirikulu: doesn't show hand 
*** SUMMARY ***
Total pot $0.25 | Rake $0 
Seat 1: @OLEGON 66 (button) folded before Flop (didn't bet)
Seat 2: nnVinokurov (small blind) folded before Flop
Seat 3: t@lib@n007 (big blind) folded before Flop
Seat 4: HubertusB folded before Flop (didn't bet)
Seat 5: Kirikulu collected ($0.25)
Seat 6: KAK BOG PLAY folded before Flop (didn't bet)



PokerStars Zoom Hand #175932694049:  Hold'em No Limit ($0.05/$0.10) - 2017/09/21 23:26:02 CCT [2017/09/21 11:26:02 ET]
Table 'Aludra' 6-max Seat #1 is the button
Seat 1: HubertusB ($12.13 in chips) 
Seat 2: kleidl1978 ($12.54 in chips) 
Seat 3: OTBFTA ($9.80 in chips) 
Seat 4: tol"@lfar ($12.09 in chips) 
Seat 5: bob-xox ($8.49 in chips) 
Seat 6: void-AA ($10.27 in chips) 
kleidl1978: posts small blind $0.05
OTBFTA: posts big blind $0.10
*** HOLE CARDS ***
Dealt to HubertusB [3d 8c]
tol"@lfar: folds 
bob-xox: folds 
void-AA: raises $0.20 to $0.30
HubertusB: folds 
kleidl1978: folds 
OTBFTA: folds 
Uncalled bet ($0.20) returned to void-AA
void-AA collected $0.25 from pot
void-AA: doesn't show hand 
*** SUMMARY ***
Total pot $0.25 | Rake $0 
Seat 1: HubertusB (button) folded before Flop (didn't bet)
Seat 2: kleidl1978 (small blind) folded before Flop
Seat 3: OTBFTA (big blind) folded before Flop
Seat 4: tol"@lfar folded before Flop (didn't bet)
Seat 5: bob-xox folded before Flop (didn't bet)
Seat 6: void-AA collected ($0.25)



PokerStars Zoom Hand #175932696978:  Hold'em No Limit ($0.05/$0.10) - 2017/09/21 23:26:07 CCT [2017/09/21 11:26:07 ET]
Table 'Aludra' 6-max Seat #1 is the button
Seat 1: Basylev$ ($10.81 in chips) 
Seat 2: kotosom ($10.61 in chips) 
Seat 3: HubertusB ($12.13 in chips) 
Seat 4: tomassa512 ($10 in chips) 
Seat 5: bigbillyg111 ($15.95 in chips) 
Seat 6: INKOGNITO69 ($11.44 in chips) 
kotosom: posts small blind $0.05
HubertusB: posts big blind $0.10
*** HOLE CARDS ***
Dealt to HubertusB [4h Td]
tomassa512: raises $0.10 to $0.20
bigbillyg111: folds 
INKOGNITO69: folds 
Basylev$: folds 
kotosom: folds 
HubertusB: folds 
Uncalled bet ($0.10) returned to tomassa512
tomassa512 collected $0.25 from pot
tomassa512: doesn't show hand 
*** SUMMARY ***
Total pot $0.25 | Rake $0 
Seat 1: Basylev$ (button) folded before Flop (didn't bet)
Seat 2: kotosom (small blind) folded before Flop
Seat 3: HubertusB (big blind) folded before Flop
Seat 4: tomassa512 collected ($0.25)
Seat 5: bigbillyg111 folded before Flop (didn't bet)
Seat 6: INKOGNITO69 folded before Flop (didn't bet)



PokerStars Zoom Hand #175932700491:  Hold'em No Limit ($0.05/$0.10) - 2017/09/21 23:26:13 CCT [2017/09/21 11:26:13 ET]
Table 'Aludra' 6-max Seat #1 is the button
Seat 1: hesperus132 ($10.23 in chips) 
Seat 2: pkgdzen ($11.30 in chips) 
Seat 3: Juggalo78 ($10.65 in chips) 
Seat 4: JayJoker777 ($2.98 in chips) 
Seat 5: INKOGNITO69 ($10.10 in chips) 
Seat 6: HubertusB ($12.03 in chips) 
pkgdzen: posts small blind $0.05
Juggalo78: posts big blind $0.10
*** HOLE CARDS ***
Dealt to HubertusB [Qs Kh]
JayJoker777: folds 
INKOGNITO69: folds 
HubertusB: raises $0.10 to $0.20
hesperus132: folds 
pkgdzen: folds 
Juggalo78: calls $0.10
*** FLOP *** [4h Qh 5d]
Juggalo78: checks 
HubertusB: bets $0.30
Juggalo78: calls $0.30
*** TURN *** [4h Qh 5d] [7c]
Juggalo78: checks 
HubertusB: bets $0.80
Juggalo78: folds 
Uncalled bet ($0.80) returned to HubertusB
HubertusB collected $1 from pot
HubertusB: doesn't show hand 
*** SUMMARY ***
Total pot $1.05 | Rake $0.05 
Board [4h Qh 5d 7c]
Seat 1: hesperus132 (button) folded before Flop (didn't bet)
Seat 2: pkgdzen (small blind) folded before Flop
Seat 3: Juggalo78 (big blind) folded on the Turn
Seat 4: JayJoker777 folded before Flop (didn't bet)
Seat 5: INKOGNITO69 folded before Flop (didn't bet)
Seat 6: HubertusB collected ($1)



PokerStars Zoom Hand #175932728776:  Hold'em No Limit ($0.05/$0.10) - 2017/09/21 23:27:00 CCT [2017/09/21 11:27:00 ET]
Table 'Aludra' 6-max Seat #1 is the button
Seat 1: KAK BOG PLAY ($10.50 in chips) 
Seat 2: HubertusB ($12.53 in chips) 
Seat 3: vadeinpace11 ($14.67 in chips) 
Seat 4: INKOGNITO69 ($10.45 in chips) 
Seat 5: Jus88_UA ($83.62 in chips) 
Seat 6: SHTYK27 ($15.52 in chips) 
HubertusB: posts small blind $0.05
vadeinpace11: posts big blind $0.10
*** HOLE CARDS ***
Dealt to HubertusB [4h 8s]
INKOGNITO69: folds 
Jus88_UA: folds 
SHTYK27: raises $0.20 to $0.30
KAK BOG PLAY: folds 
HubertusB: folds 
vadeinpace11: raises $0.60 to $0.90
SHTYK27: folds 
Uncalled bet ($0.60) returned to vadeinpace11
vadeinpace11 collected $0.65 from pot
vadeinpace11: doesn't show hand 
*** SUMMARY ***
Total pot $0.65 | Rake $0 
Seat 1: KAK BOG PLAY (button) folded before Flop (didn't bet)
Seat 2: HubertusB (small blind) folded before Flop
Seat 3: vadeinpace11 (big blind) collected ($0.65)
Seat 4: INKOGNITO69 folded before Flop (didn't bet)
Seat 5: Jus88_UA folded before Flop (didn't bet)
Seat 6: SHTYK27 folded before Flop



PokerStars Zoom Hand #175932731822:  Hold'em No Limit ($0.05/$0.10) - 2017/09/21 23:27:05 CCT [2017/09/21 11:27:05 ET]
Table 'Aludra' 6-max Seat #1 is the button
Seat 1: HubertusB ($12.48 in chips) 
Seat 2: tehBlub ($10.68 in chips) 
Seat 3: luzia2017 ($12.28 in chips) 
Seat 4: Jus88_UA ($83.62 in chips) 
Seat 5: m4rrs ($12.87 in chips) 
Seat 6: DevJamming ($10.49 in chips) 
tehBlub: posts small blind $0.05
luzia2017: posts big blind $0.10
*** HOLE CARDS ***
Dealt to HubertusB [5c Kd]
Jus88_UA: calls $0.10
m4rrs: folds 
DevJamming: folds 
HubertusB: folds 
tehBlub: folds 
luzia2017: checks 
*** FLOP *** [2c 7s 2s]
luzia2017: checks 
Jus88_UA: checks 
*** TURN *** [2c 7s 2s] [5h]
luzia2017: bets $0.24
Jus88_UA: folds 
Uncalled bet ($0.24) returned to luzia2017
luzia2017 collected $0.24 from pot
luzia2017: doesn't show hand 
*** SUMMARY ***
Total pot $0.25 | Rake $0.01 
Board [2c 7s 2s 5h]
Seat 1: HubertusB (button) folded before Flop (didn't bet)
Seat 2: tehBlub (small blind) folded before Flop
Seat 3: luzia2017 (big blind) collected ($0.24)
Seat 4: Jus88_UA folded on the Turn
Seat 5: m4rrs folded before Flop (didn't bet)
Seat 6: DevJamming folded before Flop (didn't bet)



PokerStars Zoom Hand #175932736606:  Hold'em No Limit ($0.05/$0.10) - 2017/09/21 23:27:13 CCT [2017/09/21 11:27:13 ET]
Table 'Aludra' 6-max Seat #1 is the button
Seat 1: barlipensa ($10.04 in chips) 
Seat 2: yosaya20 ($14.08 in chips) 
Seat 3: wenrugou ($5 in chips) 
Seat 4: Piqzer ($10 in chips) 
Seat 5: HubertusB ($12.48 in chips) 
Seat 6: Suslikobelka ($10.66 in chips) 
yosaya20: posts small blind $0.05
wenrugou: posts big blind $0.10
*** HOLE CARDS ***
Dealt to HubertusB [2h 3h]
Piqzer: folds 
HubertusB: raises $0.20 to $0.30
Suslikobelka: folds 
barlipensa: folds 
yosaya20: folds 
wenrugou: folds 
Uncalled bet ($0.20) returned to HubertusB
HubertusB collected $0.25 from pot
HubertusB: doesn't show hand 
*** SUMMARY ***
Total pot $0.25 | Rake $0 
Seat 1: barlipensa (button) folded before Flop (didn't bet)
Seat 2: yosaya20 (small blind) folded before Flop
Seat 3: wenrugou (big blind) folded before Flop
Seat 4: Piqzer folded before Flop (didn't bet)
Seat 5: HubertusB collected ($0.25)
Seat 6: Suslikobelka folded before Flop (didn't bet)



PokerStars Zoom Hand #175932751743:  Hold'em No Limit ($0.05/$0.10) - 2017/09/21 23:27:34 CCT [2017/09/21 11:27:34 ET]
Table 'Aludra' 6-max Seat #1 is the button
Seat 1: mancas_barca ($8.38 in chips) 
Seat 2: pstyle111 ($17.84 in chips) 
Seat 3: HubertusB ($12.63 in chips) 
Seat 4: R.Filin ($13.65 in chips) 
Seat 5: kleidl1978 ($10.44 in chips) 
Seat 6: chagaswelter ($12.13 in chips) 
pstyle111: posts small blind $0.05
HubertusB: posts big blind $0.10
*** HOLE CARDS ***
Dealt to HubertusB [5c Ah]
R.Filin: folds 
kleidl1978: folds 
chagaswelter: folds 
mancas_barca: folds 
pstyle111: raises $0.15 to $0.25
HubertusB: folds 
Uncalled bet ($0.15) returned to pstyle111
pstyle111 collected $0.20 from pot
pstyle111: doesn't show hand 
*** SUMMARY ***
Total pot $0.20 | Rake $0 
Seat 1: mancas_barca (button) folded before Flop (didn't bet)
Seat 2: pstyle111 (small blind) collected ($0.20)
Seat 3: HubertusB (big blind) folded before Flop
Seat 4: R.Filin folded before Flop (didn't bet)
Seat 5: kleidl1978 folded before Flop (didn't bet)
Seat 6: chagaswelter folded before Flop (didn't bet)



PokerStars Zoom Hand #175932758828:  Hold'em No Limit ($0.05/$0.10) - 2017/09/21 23:27:46 CCT [2017/09/21 11:27:46 ET]
Table 'Aludra' 6-max Seat #1 is the button
Seat 1: zainaz ($10.10 in chips) 
Seat 2: GrindIs4Real ($14.96 in chips) 
Seat 3: Flaffel ($10 in chips) 
Seat 4: tehBlub ($11.34 in chips) 
Seat 5: HubertusB ($12.53 in chips) 
Seat 6: bigbillyg111 ($10.96 in chips) 
GrindIs4Real: posts small blind $0.05
Flaffel: posts big blind $0.10
*** HOLE CARDS ***
Dealt to HubertusB [Ad 7s]
tehBlub: folds 
HubertusB: raises $0.20 to $0.30
bigbillyg111: folds 
zainaz: raises $0.60 to $0.90
GrindIs4Real: folds 
Flaffel: folds 
HubertusB: folds 
Uncalled bet ($0.60) returned to zainaz
zainaz collected $0.75 from pot
zainaz: doesn't show hand 
*** SUMMARY ***
Total pot $0.75 | Rake $0 
Seat 1: zainaz (button) collected ($0.75)
Seat 2: GrindIs4Real (small blind) folded before Flop
Seat 3: Flaffel (big blind) folded before Flop
Seat 4: tehBlub folded before Flop (didn't bet)
Seat 5: HubertusB folded before Flop
Seat 6: bigbillyg111 folded before Flop (didn't bet)



PokerStars Zoom Hand #175932767115:  Hold'em No Limit ($0.05/$0.10) - 2017/09/21 23:28:00 CCT [2017/09/21 11:28:00 ET]
Table 'Aludra' 6-max Seat #1 is the button
Seat 1: someji ($5.59 in chips) 
Seat 2: 974028 ($3.63 in chips) 
Seat 3: Leone7307 ($17.77 in chips) 
Seat 4: pstyle111 ($11.15 in chips) 
Seat 5: Bucm ($28.14 in chips) 
Seat 6: HubertusB ($12.23 in chips) 
974028: posts small blind $0.05
Leone7307: posts big blind $0.10
*** HOLE CARDS ***
Dealt to HubertusB [4s As]
pstyle111: raises $0.20 to $0.30
Bucm: folds 
HubertusB: calls $0.30
someji: folds 
974028: folds 
Leone7307: calls $0.20
*** FLOP *** [8c Qs Qd]
Leone7307: checks 
pstyle111: checks 
HubertusB: bets $0.50
Leone7307: calls $0.50
pstyle111: calls $0.50
*** TURN *** [8c Qs Qd] [6d]
Leone7307: checks 
pstyle111: checks 
HubertusB: checks 
*** RIVER *** [8c Qs Qd 6d] [2c]
Leone7307: checks 
pstyle111: checks 
HubertusB: bets $1.30
Leone7307: folds 
pstyle111: folds 
Uncalled bet ($1.30) returned to HubertusB
HubertusB collected $2.34 from pot
HubertusB: doesn't show hand 
*** SUMMARY ***
Total pot $2.45 | Rake $0.11 
Board [8c Qs Qd 6d 2c]
Seat 1: someji (button) folded before Flop (didn't bet)
Seat 2: 974028 (small blind) folded before Flop
Seat 3: Leone7307 (big blind) folded on the River
Seat 4: pstyle111 folded on the River
Seat 5: Bucm folded before Flop (didn't bet)
Seat 6: HubertusB collected ($2.34)



PokerStars Zoom Hand #175932794876:  Hold'em No Limit ($0.05/$0.10) - 2017/09/21 23:28:47 CCT [2017/09/21 11:28:47 ET]
Table 'Aludra' 6-max Seat #1 is the button
Seat 1: sl1n555 ($22.58 in chips) 
Seat 2: HubertusB ($13.77 in chips) 
Seat 3: vadeinpace11 ($10.10 in chips) 
Seat 4: ryota_nyan ($9.83 in chips) 
Seat 5: Acc0-swe ($11.11 in chips) 
Seat 6: albertik ($8.97 in chips) 
HubertusB: posts small blind $0.05
vadeinpace11: posts big blind $0.10
*** HOLE CARDS ***
Dealt to HubertusB [Qd 3h]
ryota_nyan: folds 
Acc0-swe: folds 
albertik: raises $0.20 to $0.30
sl1n555: folds 
HubertusB: folds 
vadeinpace11: raises $0.60 to $0.90
albertik: folds 
Uncalled bet ($0.60) returned to vadeinpace11
vadeinpace11 collected $0.65 from pot
vadeinpace11: doesn't show hand 
*** SUMMARY ***
Total pot $0.65 | Rake $0 
Seat 1: sl1n555 (button) folded before Flop (didn't bet)
Seat 2: HubertusB (small blind) folded before Flop
Seat 3: vadeinpace11 (big blind) collected ($0.65)
Seat 4: ryota_nyan folded before Flop (didn't bet)
Seat 5: Acc0-swe folded before Flop (didn't bet)
Seat 6: albertik folded before Flop



PokerStars Zoom Hand #175932797816:  Hold'em No Limit ($0.05/$0.10) - 2017/09/21 23:28:52 CCT [2017/09/21 11:28:52 ET]
Table 'Aludra' 6-max Seat #1 is the button
Seat 1: sir affena ($4.85 in chips) 
Seat 2: NicoB12345 ($9.90 in chips) 
Seat 3: FranS2Paulo ($4.72 in chips) 
Seat 4: HubertusB ($13.72 in chips) 
Seat 5: wiiildie ($22.84 in chips) 
Seat 6: kucu2014 ($5.87 in chips) 
NicoB12345: posts small blind $0.05
FranS2Paulo: posts big blind $0.10
*** HOLE CARDS ***
Dealt to HubertusB [Qs 6s]
HubertusB: raises $0.10 to $0.20
wiiildie: calls $0.20
kucu2014: calls $0.20
sir affena: calls $0.20
NicoB12345: folds 
FranS2Paulo: folds 
*** FLOP *** [4c 2c 6d]
HubertusB: bets $0.60
wiiildie: folds 
kucu2014: folds 
sir affena: folds 
Uncalled bet ($0.60) returned to HubertusB
HubertusB collected $0.91 from pot
HubertusB: doesn't show hand 
*** SUMMARY ***
Total pot $0.95 | Rake $0.04 
Board [4c 2c 6d]
Seat 1: sir affena (button) folded on the Flop
Seat 2: NicoB12345 (small blind) folded before Flop
Seat 3: FranS2Paulo (big blind) folded before Flop
Seat 4: HubertusB collected ($0.91)
Seat 5: wiiildie folded on the Flop
Seat 6: kucu2014 folded on the Flop



PokerStars Zoom Hand #175932810945:  Hold'em No Limit ($0.05/$0.10) - 2017/09/21 23:29:14 CCT [2017/09/21 11:29:14 ET]
Table 'Aludra' 6-max Seat #1 is the button
Seat 1: Leslav ($12.78 in chips) 
Seat 2: whiksme ($5.53 in chips) 
Seat 3: HubertusB ($14.43 in chips) 
Seat 4: void-AA ($10 in chips) 
Seat 5: murraataajs ($40.55 in chips) 
Seat 6: chaynik876 ($15.51 in chips) 
whiksme: posts small blind $0.05
HubertusB: posts big blind $0.10
*** HOLE CARDS ***
Dealt to HubertusB [Kh 9d]
void-AA: folds 
murraataajs: folds 
chaynik876: folds 
Leslav: folds 
whiksme: folds 
Uncalled bet ($0.05) returned to HubertusB
HubertusB collected $0.10 from pot
HubertusB: doesn't show hand 
*** SUMMARY ***
Total pot $0.10 | Rake $0 
Seat 1: Leslav (button) folded before Flop (didn't bet)
Seat 2: whiksme (small blind) folded before Flop
Seat 3: HubertusB (big blind) collected ($0.10)
Seat 4: void-AA folded before Flop (didn't bet)
Seat 5: murraataajs folded before Flop (didn't bet)
Seat 6: chaynik876 folded before Flop (didn't bet)



PokerStars Zoom Hand #175932817987:  Hold'em No Limit ($0.05/$0.10) - 2017/09/21 23:29:26 CCT [2017/09/21 11:29:26 ET]
Table 'Aludra' 6-max Seat #1 is the button
Seat 1: HubertusB ($14.48 in chips) 
Seat 2: xxxGOTHICxxx ($14.09 in chips) 
Seat 3: R.Filin ($11.71 in chips) 
Seat 4: Kongojo ($8.65 in chips) 
Seat 5: void-AA ($18.45 in chips) 
Seat 6: TryingWinner ($10.56 in chips) 
xxxGOTHICxxx: posts small blind $0.05
R.Filin: posts big blind $0.10
*** HOLE CARDS ***
Dealt to HubertusB [2d 2c]
Kongojo: folds 
void-AA: folds 
TryingWinner: folds 
HubertusB: raises $0.10 to $0.20
xxxGOTHICxxx: folds 
R.Filin: calls $0.10
*** FLOP *** [6d 5d Jd]
R.Filin: checks 
HubertusB: bets $0.30
R.Filin: folds 
Uncalled bet ($0.30) returned to HubertusB
HubertusB collected $0.43 from pot
HubertusB: doesn't show hand 
*** SUMMARY ***
Total pot $0.45 | Rake $0.02 
Board [6d 5d Jd]
Seat 1: HubertusB (button) collected ($0.43)
Seat 2: xxxGOTHICxxx (small blind) folded before Flop
Seat 3: R.Filin (big blind) folded on the Flop
Seat 4: Kongojo folded before Flop (didn't bet)
Seat 5: void-AA folded before Flop (didn't bet)
Seat 6: TryingWinner folded before Flop (didn't bet)



PokerStars Zoom Hand #175932835818:  Hold'em No Limit ($0.05/$0.10) - 2017/09/21 23:29:56 CCT [2017/09/21 11:29:56 ET]
Table 'Aludra' 6-max Seat #1 is the button
Seat 1: Flaffel ($17.87 in chips) 
Seat 2: episthmwn ($12.04 in chips) 
Seat 3: Renatoso ($1.60 in chips) 
Seat 4: CptBluff1988 ($10.78 in chips) 
Seat 5: onegin2 ($9.45 in chips) 
Seat 6: HubertusB ($14.71 in chips) 
episthmwn: posts small blind $0.05
Renatoso: posts big blind $0.10
*** HOLE CARDS ***
Dealt to HubertusB [Kd Tc]
CptBluff1988: folds 
onegin2: folds 
HubertusB: raises $0.10 to $0.20
Flaffel: folds 
episthmwn: raises $0.60 to $0.80
Renatoso: folds 
HubertusB: folds 
Uncalled bet ($0.60) returned to episthmwn
episthmwn collected $0.50 from pot
episthmwn: doesn't show hand 
*** SUMMARY ***
Total pot $0.50 | Rake $0 
Seat 1: Flaffel (button) folded before Flop (didn't bet)
Seat 2: episthmwn (small blind) collected ($0.50)
Seat 3: Renatoso (big blind) folded before Flop
Seat 4: CptBluff1988 folded before Flop (didn't bet)
Seat 5: onegin2 folded before Flop (didn't bet)
Seat 6: HubertusB folded before Flop



PokerStars Zoom Hand #175932846510:  Hold'em No Limit ($0.05/$0.10) - 2017/09/21 23:30:14 CCT [2017/09/21 11:30:14 ET]
Table 'Aludra' 6-max Seat #1 is the button
Seat 1: HubertusB ($14.51 in chips) 
Seat 2: angloirish ($19.53 in chips) 
Seat 3: FranS2Paulo ($4.62 in chips) 
Seat 4: Lanziee ($8.77 in chips) 
Seat 5: acid1975x ($8.75 in chips) 
Seat 6: infmage ($6.05 in chips) 
angloirish: posts small blind $0.05
FranS2Paulo: posts big blind $0.10
*** HOLE CARDS ***
Dealt to HubertusB [4h 9h]
Lanziee: raises $0.20 to $0.30
acid1975x: folds 
infmage: folds 
HubertusB: folds 
angloirish: folds 
FranS2Paulo: folds 
Uncalled bet ($0.20) returned to Lanziee
Lanziee collected $0.25 from pot
Lanziee: doesn't show hand 
*** SUMMARY ***
Total pot $0.25 | Rake $0 
Seat 1: HubertusB (button) folded before Flop (didn't bet)
Seat 2: angloirish (small blind) folded before Flop
Seat 3: FranS2Paulo (big blind) folded before Flop
Seat 4: Lanziee collected ($0.25)
Seat 5: acid1975x folded before Flop (didn't bet)
Seat 6: infmage folded before Flop (didn't bet)



PokerStars Zoom Hand #175932850307:  Hold'em No Limit ($0.05/$0.10) - 2017/09/21 23:30:20 CCT [2017/09/21 11:30:20 ET]
Table 'Aludra' 6-max Seat #1 is the button
Seat 1: Suslikobelka ($10 in chips) 
Seat 2: HubertusB ($14.51 in chips) 
Seat 3: Kummitaja ($10 in chips) 
Seat 4: Flaffel ($12.01 in chips) 
Seat 5: adriano25625 ($12.89 in chips) 
Seat 6: sokoban4ik ($12.72 in chips) 
HubertusB: posts small blind $0.05
Kummitaja: posts big blind $0.10
*** HOLE CARDS ***
Dealt to HubertusB [Qs 2d]
Flaffel: raises $0.20 to $0.30
adriano25625: folds 
sokoban4ik: folds 
Suslikobelka: folds 
HubertusB: folds 
Kummitaja: folds 
Uncalled bet ($0.20) returned to Flaffel
Flaffel collected $0.25 from pot
Flaffel: doesn't show hand 
*** SUMMARY ***
Total pot $0.25 | Rake $0 
Seat 1: Suslikobelka (button) folded before Flop (didn't bet)
Seat 2: HubertusB (small blind) folded before Flop
Seat 3: Kummitaja (big blind) folded before Flop
Seat 4: Flaffel collected ($0.25)
Seat 5: adriano25625 folded before Flop (didn't bet)
Seat 6: sokoban4ik folded before Flop (didn't bet)



PokerStars Zoom Hand #175932843514:  Hold'em No Limit ($0.05/$0.10) - 2017/09/21 23:30:09 CCT [2017/09/21 11:30:09 ET]
Table 'Aludra' 6-max Seat #1 is the button
Seat 1: Afrodita77 ($12.56 in chips) 
Seat 2: M5398 ($10.61 in chips) 
Seat 3: TryingWinner ($10.51 in chips) 
Seat 4: HubertusB ($14.51 in chips) 
Seat 5: jgoda1 ($7.02 in chips) 
Seat 6: JustasTam ($9.98 in chips) 
M5398: posts small blind $0.05
TryingWinner: posts big blind $0.10
*** HOLE CARDS ***
Dealt to HubertusB [6c 3s]
HubertusB: folds 
jgoda1: folds 
JustasTam: folds 
Afrodita77: raises $0.10 to $0.20
M5398: folds 
TryingWinner: raises $0.60 to $0.80
Afrodita77: calls $0.60
*** FLOP *** [3c Kd Qc]
TryingWinner: bets $0.80
Afrodita77: calls $0.80
*** TURN *** [3c Kd Qc] [4d]
TryingWinner: checks 
Afrodita77: bets $2
TryingWinner: folds 
Uncalled bet ($2) returned to Afrodita77
Afrodita77 collected $3.10 from pot
Afrodita77: doesn't show hand 
*** SUMMARY ***
Total pot $3.25 | Rake $0.15 
Board [3c Kd Qc 4d]
Seat 1: Afrodita77 (button) collected ($3.10)
Seat 2: M5398 (small blind) folded before Flop
Seat 3: TryingWinner (big blind) folded on the Turn
Seat 4: HubertusB folded before Flop (didn't bet)
Seat 5: jgoda1 folded before Flop (didn't bet)
Seat 6: JustasTam folded before Flop (didn't bet)



PokerStars Zoom Hand #175932857464:  Hold'em No Limit ($0.05/$0.10) - 2017/09/21 23:30:32 CCT [2017/09/21 11:30:32 ET]
Table 'Aludra' 6-max Seat #1 is the button
Seat 1: R.Filin ($14.63 in chips) 
Seat 2: Migacz89 ($9.90 in chips) 
Seat 3: barlipensa ($10 in chips) 
Seat 4: Basylev$ ($10.36 in chips) 
Seat 5: HubertusB ($14.46 in chips) 
Seat 6: @OLEGON 66 ($7.40 in chips) 
Migacz89: posts small blind $0.05
barlipensa: posts big blind $0.10
*** HOLE CARDS ***
Dealt to HubertusB [7s 7d]
Basylev$: folds 
HubertusB: raises $0.10 to $0.20
@OLEGON 66: calls $0.20
R.Filin: folds 
Migacz89: folds 
barlipensa: folds 
*** FLOP *** [6d Jd 5h]
HubertusB: bets $0.30
@OLEGON 66: folds 
Uncalled bet ($0.30) returned to HubertusB
HubertusB collected $0.53 from pot
HubertusB: doesn't show hand 
*** SUMMARY ***
Total pot $0.55 | Rake $0.02 
Board [6d Jd 5h]
Seat 1: R.Filin (button) folded before Flop (didn't bet)
Seat 2: Migacz89 (small blind) folded before Flop
Seat 3: barlipensa (big blind) folded before Flop
Seat 4: Basylev$ folded before Flop (didn't bet)
Seat 5: HubertusB collected ($0.53)
Seat 6: @OLEGON 66 folded on the Flop



PokerStars Zoom Hand #175932853350:  Hold'em No Limit ($0.05/$0.10) - 2017/09/21 23:30:25 CCT [2017/09/21 11:30:25 ET]
Table 'Aludra' 6-max Seat #1 is the button
Seat 1: kRdKub ($10.61 in chips) 
Seat 2: diesel209950 ($10.04 in chips) 
Seat 3: Ice_Fish1985 ($5.25 in chips) 
Seat 4: dumitrean ($7.05 in chips) 
Seat 5: BancaRota_ar ($8.04 in chips) 
Seat 6: HubertusB ($14.46 in chips) 
diesel209950: posts small blind $0.05
Ice_Fish1985: posts big blind $0.10
*** HOLE CARDS ***
Dealt to HubertusB [8c Jh]
dumitrean: raises $0.20 to $0.30
BancaRota_ar: folds 
HubertusB: folds 
kRdKub: calls $0.30
diesel209950: calls $0.25
Ice_Fish1985: folds 
*** FLOP *** [Ks 3c 5d]
diesel209950: checks 
dumitrean: bets $0.50
kRdKub: folds 
diesel209950: folds 
Uncalled bet ($0.50) returned to dumitrean
dumitrean collected $0.96 from pot
dumitrean: doesn't show hand 
*** SUMMARY ***
Total pot $1 | Rake $0.04 
Board [Ks 3c 5d]
Seat 1: kRdKub (button) folded on the Flop
Seat 2: diesel209950 (small blind) folded on the Flop
Seat 3: Ice_Fish1985 (big blind) folded before Flop
Seat 4: dumitrean collected ($0.96)
Seat 5: BancaRota_ar folded before Flop (didn't bet)
Seat 6: HubertusB folded before Flop (didn't bet)



PokerStars Zoom Hand #175932878302:  Hold'em No Limit ($0.05/$0.10) - 2017/09/21 23:31:07 CCT [2017/09/21 11:31:07 ET]
Table 'Aludra' 6-max Seat #1 is the button
Seat 1: QZ1985 ($10.67 in chips) 
Seat 2: 81denis81 ($10.51 in chips) 
Seat 3: HubertusB ($14.79 in chips) 
Seat 4: Djaxx1989 ($18.41 in chips) 
Seat 5: 2aknikiv3 ($16.36 in chips) 
Seat 6: hamegi900 ($20.87 in chips) 
81denis81: posts small blind $0.05
HubertusB: posts big blind $0.10
*** HOLE CARDS ***
Dealt to HubertusB [2d Kc]
Djaxx1989: raises $0.15 to $0.25
2aknikiv3: calls $0.25
hamegi900: calls $0.25
QZ1985: folds 
81denis81: folds 
HubertusB: folds 
*** FLOP *** [8h 4c 3c]
Djaxx1989: checks 
2aknikiv3: bets $0.43
hamegi900: folds 
Djaxx1989: calls $0.43
*** TURN *** [8h 4c 3c] [5s]
Djaxx1989: checks 
2aknikiv3: checks 
*** RIVER *** [8h 4c 3c 5s] [3s]
Djaxx1989: bets $0.84
2aknikiv3: calls $0.84
*** SHOW DOWN ***
Djaxx1989: shows [4d Ad] (two pair, Fours and Threes)
2aknikiv3: shows [9c 8c] (two pair, Eights and Threes)
2aknikiv3 collected $3.29 from pot
*** SUMMARY ***
Total pot $3.44 | Rake $0.15 
Board [8h 4c 3c 5s 3s]
Seat 1: QZ1985 (button) folded before Flop (didn't bet)
Seat 2: 81denis81 (small blind) folded before Flop
Seat 3: HubertusB (big blind) folded before Flop
Seat 4: Djaxx1989 showed [4d Ad] and lost with two pair, Fours and Threes
Seat 5: 2aknikiv3 showed [9c 8c] and won ($3.29) with two pair, Eights and Threes
Seat 6: hamegi900 folded on the Flop



PokerStars Zoom Hand #175932884325:  Hold'em No Limit ($0.05/$0.10) - 2017/09/21 23:31:17 CCT [2017/09/21 11:31:17 ET]
Table 'Aludra' 6-max Seat #1 is the button
Seat 1: Ice_Fish1985 ($5.10 in chips) 
Seat 2: madelinot111 ($7.95 in chips) 
Seat 3: BOB7bobo ($12.09 in chips) 
Seat 4: HubertusB ($14.69 in chips) 
Seat 5: Whitman2306 ($11.52 in chips) 
Seat 6: adriano25625 ($11.86 in chips) 
madelinot111: posts small blind $0.05
BOB7bobo: posts big blind $0.10
*** HOLE CARDS ***
Dealt to HubertusB [Ah 4h]
HubertusB: raises $0.10 to $0.20
Whitman2306: folds 
adriano25625: folds 
Ice_Fish1985: folds 
madelinot111: calls $0.15
BOB7bobo: calls $0.10
*** FLOP *** [6c Qh 3c]
madelinot111: checks 
BOB7bobo: checks 
HubertusB: bets $0.40
madelinot111: calls $0.40
BOB7bobo: folds 
*** TURN *** [6c Qh 3c] [Jh]
madelinot111: bets $0.10
HubertusB: raises $1.20 to $1.30
madelinot111: calls $1.20
*** RIVER *** [6c Qh 3c Jh] [9d]
madelinot111: bets $1.20
HubertusB: raises $11.59 to $12.79 and is all-in
madelinot111: calls $4.85 and is all-in
Uncalled bet ($6.74) returned to HubertusB
*** SHOW DOWN ***
HubertusB: shows [Ah 4h] (high card Ace)
madelinot111: shows [9h 6h] (two pair, Nines and Sixes)
madelinot111 collected $15.38 from pot
*** SUMMARY ***
Total pot $16.10 | Rake $0.72 
Board [6c Qh 3c Jh 9d]
Seat 1: Ice_Fish1985 (button) folded before Flop (didn't bet)
Seat 2: madelinot111 (small blind) showed [9h 6h] and won ($15.38) with two pair, Nines and Sixes
Seat 3: BOB7bobo (big blind) folded on the Flop
Seat 4: HubertusB showed [Ah 4h] and lost with high card Ace
Seat 5: Whitman2306 folded before Flop (didn't bet)
Seat 6: adriano25625 folded before Flop (didn't bet)



PokerStars Zoom Hand #175932910565:  Hold'em No Limit ($0.05/$0.10) - 2017/09/21 23:32:01 CCT [2017/09/21 11:32:01 ET]
Table 'Aludra' 6-max Seat #1 is the button
Seat 1: 3Rafael3 ($32.74 in chips) 
Seat 2: HubertusB ($6.74 in chips) 
Seat 3: Xius14 ($10.85 in chips) 
Seat 4: nnVinokurov ($10 in chips) 
Seat 5: miduo ($9.46 in chips) 
Seat 6: izveck ($11.39 in chips) 
HubertusB: posts small blind $0.05
Xius14: posts big blind $0.10
*** HOLE CARDS ***
Dealt to HubertusB [3h 2c]
nnVinokurov: folds 
miduo: raises $0.20 to $0.30
izveck: folds 
3Rafael3: folds 
HubertusB: folds 
Xius14: folds 
Uncalled bet ($0.20) returned to miduo
miduo collected $0.25 from pot
miduo: doesn't show hand 
*** SUMMARY ***
Total pot $0.25 | Rake $0 
Seat 1: 3Rafael3 (button) folded before Flop (didn't bet)
Seat 2: HubertusB (small blind) folded before Flop
Seat 3: Xius14 (big blind) folded before Flop
Seat 4: nnVinokurov folded before Flop (didn't bet)
Seat 5: miduo collected ($0.25)
Seat 6: izveck folded before Flop (didn't bet)



PokerStars Zoom Hand #175932923554:  Hold'em No Limit ($0.05/$0.10) - 2017/09/21 23:32:23 CCT [2017/09/21 11:32:23 ET]
Table 'Aludra' 6-max Seat #1 is the button
Seat 1: 1989robin ($10 in chips) 
Seat 2: trash1977 ($10.35 in chips) 
Seat 3: VDK_Ukr ($21.87 in chips) 
Seat 4: Mr.Chipeater ($10 in chips) 
Seat 5: rom4ikderz ($36.79 in chips) 
Seat 6: HubertusB ($6.69 in chips) 
trash1977: posts small blind $0.05
VDK_Ukr: posts big blind $0.10
*** HOLE CARDS ***
Dealt to HubertusB [Js 3h]
Mr.Chipeater: raises $0.20 to $0.30
rom4ikderz: folds 
HubertusB: folds 
1989robin: folds 
trash1977: folds 
VDK_Ukr: folds 
Uncalled bet ($0.20) returned to Mr.Chipeater
Mr.Chipeater collected $0.25 from pot
Mr.Chipeater: doesn't show hand 
*** SUMMARY ***
Total pot $0.25 | Rake $0 
Seat 1: 1989robin (button) folded before Flop (didn't bet)
Seat 2: trash1977 (small blind) folded before Flop
Seat 3: VDK_Ukr (big blind) folded before Flop
Seat 4: Mr.Chipeater collected ($0.25)
Seat 5: rom4ikderz folded before Flop (didn't bet)
Seat 6: HubertusB folded before Flop (didn't bet)



PokerStars Zoom Hand #175932915321:  Hold'em No Limit ($0.05/$0.10) - 2017/09/21 23:32:09 CCT [2017/09/21 11:32:09 ET]
Table 'Aludra' 6-max Seat #1 is the button
Seat 1: HubertusB ($6.69 in chips) 
Seat 2: episthmwn ($17.54 in chips) 
Seat 3: aldinetto ($14.92 in chips) 
Seat 4: kinqtta ($10 in chips) 
Seat 5: vadeinpace11 ($15.99 in chips) 
Seat 6: KEI777956 ($10 in chips) 
episthmwn: posts small blind $0.05
aldinetto: posts big blind $0.10
*** HOLE CARDS ***
Dealt to HubertusB [4h 6c]
kinqtta: folds 
vadeinpace11: folds 
KEI777956: folds 
HubertusB: folds 
episthmwn: raises $0.20 to $0.30
aldinetto: raises $0.60 to $0.90
episthmwn: folds 
Uncalled bet ($0.60) returned to aldinetto
aldinetto collected $0.60 from pot
aldinetto: doesn't show hand 
*** SUMMARY ***
Total pot $0.60 | Rake $0 
Seat 1: HubertusB (button) folded before Flop (didn't bet)
Seat 2: episthmwn (small blind) folded before Flop
Seat 3: aldinetto (big blind) collected ($0.60)
Seat 4: kinqtta folded before Flop (didn't bet)
Seat 5: vadeinpace11 folded before Flop (didn't bet)
Seat 6: KEI777956 folded before Flop (didn't bet)



PokerStars Zoom Hand #175932925970:  Hold'em No Limit ($0.05/$0.10) - 2017/09/21 23:32:27 CCT [2017/09/21 11:32:27 ET]
Table 'Aludra' 6-max Seat #1 is the button
Seat 1: serbalst ($14.08 in chips) 
Seat 2: Vander Shot ($13.74 in chips) 
Seat 3: HubertusB ($6.69 in chips) 
Seat 4: jensen0910 ($23 in chips) 
Seat 5: vy7mnm ($9.34 in chips) 
Seat 6: Afrodita77 ($12.52 in chips) 
Vander Shot: posts small blind $0.05
HubertusB: posts big blind $0.10
*** HOLE CARDS ***
Dealt to HubertusB [9d 9s]
jensen0910: folds 
vy7mnm: folds 
Afrodita77: folds 
serbalst: folds 
Vander Shot: raises $0.12 to $0.22
HubertusB: calls $0.12
*** FLOP *** [5h 9h 4d]
Vander Shot: checks 
HubertusB: bets $0.40
Vander Shot: folds 
Uncalled bet ($0.40) returned to HubertusB
HubertusB collected $0.42 from pot
HubertusB: doesn't show hand 
*** SUMMARY ***
Total pot $0.44 | Rake $0.02 
Board [5h 9h 4d]
Seat 1: serbalst (button) folded before Flop (didn't bet)
Seat 2: Vander Shot (small blind) folded on the Flop
Seat 3: HubertusB (big blind) collected ($0.42)
Seat 4: jensen0910 folded before Flop (didn't bet)
Seat 5: vy7mnm folded before Flop (didn't bet)
Seat 6: Afrodita77 folded before Flop (didn't bet)



PokerStars Zoom Hand #175932921208:  Hold'em No Limit ($0.05/$0.10) - 2017/09/21 23:32:19 CCT [2017/09/21 11:32:19 ET]
Table 'Aludra' 6-max Seat #1 is the button
Seat 1: 2aknikiv3 ($10.15 in chips) 
Seat 2: KAK BOG PLAY ($12.12 in chips) 
Seat 3: udon1989 ($10.61 in chips) 
Seat 4: Rorazan ($16.39 in chips) 
Seat 5: HubertusB ($6.69 in chips) 
Seat 6: 81denis81 ($10.13 in chips) 
KAK BOG PLAY: posts small blind $0.05
udon1989: posts big blind $0.10
*** HOLE CARDS ***
Dealt to HubertusB [Kd 2c]
Rorazan: raises $0.10 to $0.20
HubertusB: folds 
81denis81: folds 
2aknikiv3: calls $0.20
KAK BOG PLAY: folds 
udon1989: folds 
*** FLOP *** [5d Ah Jc]
Rorazan: bets $0.20
2aknikiv3: calls $0.20
*** TURN *** [5d Ah Jc] [3d]
Rorazan: bets $0.40
2aknikiv3: raises $0.90 to $1.30
Rorazan: calls $0.90
*** RIVER *** [5d Ah Jc 3d] [4h]
Rorazan: checks 
2aknikiv3: bets $1.50
Rorazan: calls $1.50
*** SHOW DOWN ***
2aknikiv3: shows [5c 5s] (three of a kind, Fives)
Rorazan: mucks hand 
2aknikiv3 collected $6.26 from pot
*** SUMMARY ***
Total pot $6.55 | Rake $0.29 
Board [5d Ah Jc 3d 4h]
Seat 1: 2aknikiv3 (button) showed [5c 5s] and won ($6.26) with three of a kind, Fives
Seat 2: KAK BOG PLAY (small blind) folded before Flop
Seat 3: udon1989 (big blind) folded before Flop
Seat 4: Rorazan mucked [7h Ac]
Seat 5: HubertusB folded before Flop (didn't bet)
Seat 6: 81denis81 folded before Flop (didn't bet)



PokerStars Zoom Hand #175932950872:  Hold'em No Limit ($0.05/$0.10) - 2017/09/21 23:33:09 CCT [2017/09/21 11:33:09 ET]
Table 'Aludra' 6-max Seat #1 is the button
Seat 1: xulfster ($10 in chips) 
Seat 2: AngelBear82 ($10 in chips) 
Seat 3: guessvip ($11.96 in chips) 
Seat 4: nnVinokurov ($10.10 in chips) 
Seat 5: Push41out ($12.67 in chips) 
Seat 6: HubertusB ($6.84 in chips) 
AngelBear82: posts small blind $0.05
guessvip: posts big blind $0.10
*** HOLE CARDS ***
Dealt to HubertusB [Qc 4d]
nnVinokurov: folds 
Push41out: folds 
HubertusB: folds 
xulfster: raises $0.15 to $0.25
AngelBear82: folds 
guessvip: folds 
Uncalled bet ($0.15) returned to xulfster
xulfster collected $0.25 from pot
xulfster: doesn't show hand 
*** SUMMARY ***
Total pot $0.25 | Rake $0 
Seat 1: xulfster (button) collected ($0.25)
Seat 2: AngelBear82 (small blind) folded before Flop
Seat 3: guessvip (big blind) folded before Flop
Seat 4: nnVinokurov folded before Flop (didn't bet)
Seat 5: Push41out folded before Flop (didn't bet)
Seat 6: HubertusB folded before Flop (didn't bet)



PokerStars Zoom Hand #175932943121:  Hold'em No Limit ($0.05/$0.10) - 2017/09/21 23:32:56 CCT [2017/09/21 11:32:56 ET]
Table 'Aludra' 6-max Seat #1 is the button
Seat 1: Ytowo ($24.27 in chips) 
Seat 2: HubertusB ($6.89 in chips) 
Seat 3: jojo44ii ($22.27 in chips) 
Seat 4: wtf1mWoN ($9.85 in chips) 
Seat 5: udon1989 ($24.19 in chips) 
Seat 6: prata2008 ($10 in chips) 
HubertusB: posts small blind $0.05
jojo44ii: posts big blind $0.10
*** HOLE CARDS ***
Dealt to HubertusB [Td 3h]
wtf1mWoN: folds 
udon1989: folds 
prata2008: folds 
Ytowo: raises $0.20 to $0.30
HubertusB: folds 
jojo44ii: calls $0.20
*** FLOP *** [8c 2d 7d]
jojo44ii: checks 
Ytowo: checks 
*** TURN *** [8c 2d 7d] [4s]
jojo44ii: checks 
Ytowo: bets $0.37
jojo44ii: folds 
Uncalled bet ($0.37) returned to Ytowo
Ytowo collected $0.62 from pot
Ytowo: doesn't show hand 
*** SUMMARY ***
Total pot $0.65 | Rake $0.03 
Board [8c 2d 7d 4s]
Seat 1: Ytowo (button) collected ($0.62)
Seat 2: HubertusB (small blind) folded before Flop
Seat 3: jojo44ii (big blind) folded on the Turn
Seat 4: wtf1mWoN folded before Flop (didn't bet)
Seat 5: udon1989 folded before Flop (didn't bet)
Seat 6: prata2008 folded before Flop (didn't bet)



PokerStars Zoom Hand #175932956810:  Hold'em No Limit ($0.05/$0.10) - 2017/09/21 23:33:19 CCT [2017/09/21 11:33:19 ET]
Table 'Aludra' 6-max Seat #1 is the button
Seat 1: INKOGNITO69 ($11.51 in chips) 
Seat 2: serbalst ($15.51 in chips) 
Seat 3: acid1975x ($8.20 in chips) 
Seat 4: HubertusB ($6.84 in chips) 
Seat 5: zainaz ($11.06 in chips) 
Seat 6: AngelBear82 ($10 in chips) 
serbalst: posts small blind $0.05
acid1975x: posts big blind $0.10
*** HOLE CARDS ***
Dealt to HubertusB [4c 8s]
HubertusB: folds 
zainaz: folds 
AngelBear82: raises $0.20 to $0.30
INKOGNITO69: folds 
serbalst: folds 
acid1975x: folds 
Uncalled bet ($0.20) returned to AngelBear82
AngelBear82 collected $0.25 from pot
AngelBear82: doesn't show hand 
*** SUMMARY ***
Total pot $0.25 | Rake $0 
Seat 1: INKOGNITO69 (button) folded before Flop (didn't bet)
Seat 2: serbalst (small blind) folded before Flop
Seat 3: acid1975x (big blind) folded before Flop
Seat 4: HubertusB folded before Flop (didn't bet)
Seat 5: zainaz folded before Flop (didn't bet)
Seat 6: AngelBear82 collected ($0.25)



PokerStars Zoom Hand #175932959247:  Hold'em No Limit ($0.05/$0.10) - 2017/09/21 23:33:23 CCT [2017/09/21 11:33:23 ET]
Table 'Aludra' 6-max Seat #1 is the button
Seat 1: HubertusB ($6.84 in chips) 
Seat 2: angloirish ($18.93 in chips) 
Seat 3: br1ghtt ($10.11 in chips) 
Seat 4: gosleep88 ($14.19 in chips) 
Seat 5: Dimarik858 ($6.78 in chips) 
Seat 6: ryota_nyan ($10 in chips) 
angloirish: posts small blind $0.05
br1ghtt: posts big blind $0.10
*** HOLE CARDS ***
Dealt to HubertusB [7s 6c]
gosleep88: folds 
Dimarik858: folds 
ryota_nyan: folds 
HubertusB: folds 
angloirish: folds 
Uncalled bet ($0.05) returned to br1ghtt
br1ghtt collected $0.10 from pot
br1ghtt: doesn't show hand 
*** SUMMARY ***
Total pot $0.10 | Rake $0 
Seat 1: HubertusB (button) folded before Flop (didn't bet)
Seat 2: angloirish (small blind) folded before Flop
Seat 3: br1ghtt (big blind) collected ($0.10)
Seat 4: gosleep88 folded before Flop (didn't bet)
Seat 5: Dimarik858 folded before Flop (didn't bet)
Seat 6: ryota_nyan folded before Flop (didn't bet)



PokerStars Zoom Hand #175932946108:  Hold'em No Limit ($0.05/$0.10) - 2017/09/21 23:33:01 CCT [2017/09/21 11:33:01 ET]
Table 'Aludra' 6-max Seat #1 is the button
Seat 1: HubertusB ($6.84 in chips) 
Seat 2: INKOGNITO69 ($10 in chips) 
Seat 3: G.Buhgalter ($10.60 in chips) 
Seat 4: udon1989 ($24.19 in chips) 
Seat 5: myself10 ($13.27 in chips) 
Seat 6: Migacz89 ($9.55 in chips) 
INKOGNITO69: posts small blind $0.05
G.Buhgalter: posts big blind $0.10
*** HOLE CARDS ***
Dealt to HubertusB [Ks Jd]
udon1989: raises $0.20 to $0.30
myself10: raises $0.60 to $0.90
Migacz89: calls $0.90
HubertusB: folds 
INKOGNITO69: folds 
G.Buhgalter: folds 
udon1989: calls $0.60
*** FLOP *** [6d Qh 7d]
udon1989: checks 
myself10: bets $1.52
Migacz89: calls $1.52
udon1989: folds 
*** TURN *** [6d Qh 7d] [9s]
myself10: bets $4.22
Migacz89: raises $2.91 to $7.13 and is all-in
myself10: calls $2.91
*** RIVER *** [6d Qh 7d 9s] [9h]
*** SHOW DOWN ***
myself10: shows [Ac As] (two pair, Aces and Nines)
Migacz89: shows [7h 7s] (a full house, Sevens full of Nines)
Migacz89 collected $19.24 from pot
*** SUMMARY ***
Total pot $20.15 | Rake $0.91 
Board [6d Qh 7d 9s 9h]
Seat 1: HubertusB (button) folded before Flop (didn't bet)
Seat 2: INKOGNITO69 (small blind) folded before Flop
Seat 3: G.Buhgalter (big blind) folded before Flop
Seat 4: udon1989 folded on the Flop
Seat 5: myself10 showed [Ac As] and lost with two pair, Aces and Nines
Seat 6: Migacz89 showed [7h 7s] and won ($19.24) with a full house, Sevens full of Nines



PokerStars Zoom Hand #175932953806:  Hold'em No Limit ($0.05/$0.10) - 2017/09/21 23:33:14 CCT [2017/09/21 11:33:14 ET]
Table 'Aludra' 6-max Seat #1 is the button
Seat 1: R.Filin ($15.27 in chips) 
Seat 2: Ytowo ($12.70 in chips) 
Seat 3: mkt1105 ($10.15 in chips) 
Seat 4: KAK BOG PLAY ($10 in chips) 
Seat 5: HubertusB ($6.84 in chips) 
Seat 6: jojo44ii ($10.80 in chips) 
Ytowo: posts small blind $0.05
mkt1105: posts big blind $0.10
*** HOLE CARDS ***
Dealt to HubertusB [6h Ac]
KAK BOG PLAY: folds 
HubertusB: folds 
jojo44ii: folds 
R.Filin: folds 
Ytowo: raises $0.10 to $0.20
mkt1105: calls $0.10
*** FLOP *** [Th Jd 4d]
Ytowo: checks 
mkt1105: checks 
*** TURN *** [Th Jd 4d] [Qh]
Ytowo: checks 
mkt1105: checks 
*** RIVER *** [Th Jd 4d Qh] [7s]
Ytowo: checks 
mkt1105: checks 
*** SHOW DOWN ***
Ytowo: shows [2s Ah] (high card Ace)
mkt1105: shows [4h As] (a pair of Fours)
mkt1105 collected $0.38 from pot
*** SUMMARY ***
Total pot $0.40 | Rake $0.02 
Board [Th Jd 4d Qh 7s]
Seat 1: R.Filin (button) folded before Flop (didn't bet)
Seat 2: Ytowo (small blind) showed [2s Ah] and lost with high card Ace
Seat 3: mkt1105 (big blind) showed [4h As] and won ($0.38) with a pair of Fours
Seat 4: KAK BOG PLAY folded before Flop (didn't bet)
Seat 5: HubertusB folded before Flop (didn't bet)
Seat 6: jojo44ii folded before Flop (didn't bet)



PokerStars Zoom Hand #175932967508:  Hold'em No Limit ($0.05/$0.10) - 2017/09/21 23:33:37 CCT [2017/09/21 11:33:37 ET]
Table 'Aludra' 6-max Seat #1 is the button
Seat 1: pkgdzen ($29.53 in chips) 
Seat 2: HubertusB ($6.74 in chips) 
Seat 3: G.Buhgalter ($9.95 in chips) 
Seat 4: symkalaila ($25.15 in chips) 
Seat 5: DLegenda ($10.58 in chips) 
Seat 6: episthmwn ($10.10 in chips) 
HubertusB: posts small blind $0.05
G.Buhgalter: posts big blind $0.10
*** HOLE CARDS ***
Dealt to HubertusB [Ks Jh]
symkalaila: folds 
DLegenda: folds 
episthmwn: raises $0.14 to $0.24
pkgdzen: folds 
HubertusB: calls $0.19
G.Buhgalter: raises $1.06 to $1.30
episthmwn: folds 
HubertusB: folds 
Uncalled bet ($1.06) returned to G.Buhgalter
G.Buhgalter collected $0.72 from pot
G.Buhgalter: doesn't show hand 
*** SUMMARY ***
Total pot $0.72 | Rake $0 
Seat 1: pkgdzen (button) folded before Flop (didn't bet)
Seat 2: HubertusB (small blind) folded before Flop
Seat 3: G.Buhgalter (big blind) collected ($0.72)
Seat 4: symkalaila folded before Flop (didn't bet)
Seat 5: DLegenda folded before Flop (didn't bet)
Seat 6: episthmwn folded before Flop



PokerStars Zoom Hand #175932962206:  Hold'em No Limit ($0.05/$0.10) - 2017/09/21 23:33:28 CCT [2017/09/21 11:33:28 ET]
Table 'Aludra' 6-max Seat #1 is the button
Seat 1: QuocTuong ($35.43 in chips) 
Seat 2: Barburas17 ($12.37 in chips) 
Seat 3: HubertusB ($6.84 in chips) 
Seat 4: QZ1985 ($10.32 in chips) 
Seat 5: headileet ($11.42 in chips) 
Seat 6: devil1337 ($10 in chips) 
Barburas17: posts small blind $0.05
HubertusB: posts big blind $0.10
*** HOLE CARDS ***
Dealt to HubertusB [As 2h]
QZ1985: folds 
headileet: raises $0.20 to $0.30
devil1337: folds 
QuocTuong: calls $0.30
Barburas17: folds 
HubertusB: folds 
*** FLOP *** [2d 4d 7h]
headileet: checks 
QuocTuong: checks 
*** TURN *** [2d 4d 7h] [Ts]
headileet: checks 
QuocTuong: checks 
*** RIVER *** [2d 4d 7h Ts] [6h]
headileet: checks 
QuocTuong: checks 
*** SHOW DOWN ***
headileet: shows [Ks Jc] (high card King)
QuocTuong: shows [Ac 5c] (high card Ace)
QuocTuong collected $0.72 from pot
*** SUMMARY ***
Total pot $0.75 | Rake $0.03 
Board [2d 4d 7h Ts 6h]
Seat 1: QuocTuong (button) showed [Ac 5c] and won ($0.72) with high card Ace
Seat 2: Barburas17 (small blind) folded before Flop
Seat 3: HubertusB (big blind) folded before Flop
Seat 4: QZ1985 folded before Flop (didn't bet)
Seat 5: headileet showed [Ks Jc] and lost with high card King
Seat 6: devil1337 folded before Flop (didn't bet)



PokerStars Zoom Hand #175932983149:  Hold'em No Limit ($0.05/$0.10) - 2017/09/21 23:34:03 CCT [2017/09/21 11:34:03 ET]
Table 'Aludra' 6-max Seat #1 is the button
Seat 1: gbilst ($11.17 in chips) 
Seat 2: 10Horus ($9.75 in chips) 
Seat 3: jgoda1 ($6.24 in chips) 
Seat 4: barlipensa ($11.98 in chips) 
Seat 5: HubertusB ($6.50 in chips) 
Seat 6: makodao ($11.71 in chips) 
10Horus: posts small blind $0.05
jgoda1: posts big blind $0.10
*** HOLE CARDS ***
Dealt to HubertusB [9c 6d]
barlipensa: folds 
HubertusB: folds 
makodao: folds 
gbilst: raises $0.20 to $0.30
10Horus: folds 
jgoda1: folds 
Uncalled bet ($0.20) returned to gbilst
gbilst collected $0.25 from pot
gbilst: doesn't show hand 
*** SUMMARY ***
Total pot $0.25 | Rake $0 
Seat 1: gbilst (button) collected ($0.25)
Seat 2: 10Horus (small blind) folded before Flop
Seat 3: jgoda1 (big blind) folded before Flop
Seat 4: barlipensa folded before Flop (didn't bet)
Seat 5: HubertusB folded before Flop (didn't bet)
Seat 6: makodao folded before Flop (didn't bet)



PokerStars Zoom Hand #175932989165:  Hold'em No Limit ($0.05/$0.10) - 2017/09/21 23:34:13 CCT [2017/09/21 11:34:13 ET]
Table 'Aludra' 6-max Seat #1 is the button
Seat 1: Basylev$ ($11.20 in chips) 
Seat 2: sokoban4ik ($10 in chips) 
Seat 3: DLegenda ($10.27 in chips) 
Seat 4: HubertusB ($6.50 in chips) 
Seat 5: mafinis ($3.16 in chips) 
Seat 6: lty429 ($13.88 in chips) 
sokoban4ik: posts small blind $0.05
DLegenda: posts big blind $0.10
*** HOLE CARDS ***
Dealt to HubertusB [Ah 3d]
HubertusB: folds 
mafinis: folds 
lty429: folds 
Basylev$: folds 
sokoban4ik: folds 
Uncalled bet ($0.05) returned to DLegenda
DLegenda collected $0.10 from pot
DLegenda: doesn't show hand 
*** SUMMARY ***
Total pot $0.10 | Rake $0 
Seat 1: Basylev$ (button) folded before Flop (didn't bet)
Seat 2: sokoban4ik (small blind) folded before Flop
Seat 3: DLegenda (big blind) collected ($0.10)
Seat 4: HubertusB folded before Flop (didn't bet)
Seat 5: mafinis folded before Flop (didn't bet)
Seat 6: lty429 folded before Flop (didn't bet)



PokerStars Zoom Hand #175932992174:  Hold'em No Limit ($0.05/$0.10) - 2017/09/21 23:34:18 CCT [2017/09/21 11:34:18 ET]
Table 'Aludra' 6-max Seat #1 is the button
Seat 1: G.Buhgalter ($9.50 in chips) 
Seat 2: N00B2007 ($10 in chips) 
Seat 3: HubertusB ($6.50 in chips) 
Seat 4: i.andrei89 ($13.37 in chips) 
Seat 5: StefanFatime ($10.20 in chips) 
Seat 6: goldenhayl ($7.46 in chips) 
N00B2007: posts small blind $0.05
HubertusB: posts big blind $0.10
*** HOLE CARDS ***
Dealt to HubertusB [9s 5c]
i.andrei89: folds 
StefanFatime: folds 
goldenhayl: raises $0.20 to $0.30
G.Buhgalter: folds 
N00B2007: folds 
HubertusB: folds 
Uncalled bet ($0.20) returned to goldenhayl
goldenhayl collected $0.25 from pot
goldenhayl: doesn't show hand 
*** SUMMARY ***
Total pot $0.25 | Rake $0 
Seat 1: G.Buhgalter (button) folded before Flop (didn't bet)
Seat 2: N00B2007 (small blind) folded before Flop
Seat 3: HubertusB (big blind) folded before Flop
Seat 4: i.andrei89 folded before Flop (didn't bet)
Seat 5: StefanFatime folded before Flop (didn't bet)
Seat 6: goldenhayl collected ($0.25)



PokerStars Zoom Hand #175932995809:  Hold'em No Limit ($0.05/$0.10) - 2017/09/21 23:34:24 CCT [2017/09/21 11:34:24 ET]
Table 'Aludra' 6-max Seat #1 is the button
Seat 1: xandrrro ($12.34 in chips) 
Seat 2: NeinZebruhen ($11.56 in chips) 
Seat 3: Wieselich ($31.34 in chips) 
Seat 4: ken500uk ($10 in chips) 
Seat 5: INKOGNITO69 ($10.15 in chips) 
Seat 6: HubertusB ($6.40 in chips) 
NeinZebruhen: posts small blind $0.05
Wieselich: posts big blind $0.10
*** HOLE CARDS ***
Dealt to HubertusB [Qh Qs]
ken500uk: folds 
INKOGNITO69: folds 
HubertusB: raises $0.20 to $0.30
xandrrro: folds 
NeinZebruhen: folds 
Wieselich: folds 
Uncalled bet ($0.20) returned to HubertusB
HubertusB collected $0.25 from pot
HubertusB: doesn't show hand 
*** SUMMARY ***
Total pot $0.25 | Rake $0 
Seat 1: xandrrro (button) folded before Flop (didn't bet)
Seat 2: NeinZebruhen (small blind) folded before Flop
Seat 3: Wieselich (big blind) folded before Flop
Seat 4: ken500uk folded before Flop (didn't bet)
Seat 5: INKOGNITO69 folded before Flop (didn't bet)
Seat 6: HubertusB collected ($0.25)



PokerStars Zoom Hand #175932986096:  Hold'em No Limit ($0.05/$0.10) - 2017/09/21 23:34:08 CCT [2017/09/21 11:34:08 ET]
Table 'Aludra' 6-max Seat #1 is the button
Seat 1: razil_999 ($9.85 in chips) 
Seat 2: lealko14 ($12.12 in chips) 
Seat 3: Memusik ($14.67 in chips) 
Seat 4: LyrixManiac ($8.53 in chips) 
Seat 5: Seleneious ($17.08 in chips) 
Seat 6: HubertusB ($6.50 in chips) 
lealko14: posts small blind $0.05
Memusik: posts big blind $0.10
*** HOLE CARDS ***
Dealt to HubertusB [4h 2c]
LyrixManiac: folds 
Seleneious: raises $0.20 to $0.30
HubertusB: folds 
razil_999: raises $0.20 to $0.50
lealko14: folds 
Memusik: folds 
Seleneious: calls $0.20
*** FLOP *** [As 7c Jh]
Seleneious: checks 
razil_999: bets $0.50
Seleneious: calls $0.50
*** TURN *** [As 7c Jh] [Tc]
Seleneious: checks 
razil_999: checks 
*** RIVER *** [As 7c Jh Tc] [9h]
Seleneious: bets $1.30
razil_999: calls $1.30
*** SHOW DOWN ***
Seleneious: shows [9c Jc] (two pair, Jacks and Nines)
razil_999: shows [8h 8c] (a straight, Seven to Jack)
razil_999 collected $4.54 from pot
*** SUMMARY ***
Total pot $4.75 | Rake $0.21 
Board [As 7c Jh Tc 9h]
Seat 1: razil_999 (button) showed [8h 8c] and won ($4.54) with a straight, Seven to Jack
Seat 2: lealko14 (small blind) folded before Flop
Seat 3: Memusik (big blind) folded before Flop
Seat 4: LyrixManiac folded before Flop (didn't bet)
Seat 5: Seleneious showed [9c Jc] and lost with two pair, Jacks and Nines
Seat 6: HubertusB folded before Flop (didn't bet)



PokerStars Zoom Hand #175933003132:  Hold'em No Limit ($0.05/$0.10) - 2017/09/21 23:34:36 CCT [2017/09/21 11:34:36 ET]
Table 'Aludra' 6-max Seat #1 is the button
Seat 1: Ice_Fish1985 ($4.95 in chips) 
Seat 2: HubertusB ($6.55 in chips) 
Seat 3: lty429 ($14.03 in chips) 
Seat 4: onegin2 ($11.09 in chips) 
Seat 5: xxxGOTHICxxx ($15.58 in chips) 
Seat 6: Jensemann 88 ($10.22 in chips) 
HubertusB: posts small blind $0.05
lty429: posts big blind $0.10
*** HOLE CARDS ***
Dealt to HubertusB [Qh 3h]
onegin2: folds 
xxxGOTHICxxx: folds 
Jensemann 88: raises $0.20 to $0.30
Ice_Fish1985: folds 
HubertusB: raises $0.70 to $1
lty429: folds 
Jensemann 88: calls $0.70
*** FLOP *** [9h 5d 8h]
HubertusB: bets $1.20
Jensemann 88: folds 
Uncalled bet ($1.20) returned to HubertusB
HubertusB collected $2.01 from pot
HubertusB: doesn't show hand 
*** SUMMARY ***
Total pot $2.10 | Rake $0.09 
Board [9h 5d 8h]
Seat 1: Ice_Fish1985 (button) folded before Flop (didn't bet)
Seat 2: HubertusB (small blind) collected ($2.01)
Seat 3: lty429 (big blind) folded before Flop
Seat 4: onegin2 folded before Flop (didn't bet)
Seat 5: xxxGOTHICxxx folded before Flop (didn't bet)
Seat 6: Jensemann 88 folded on the Flop



PokerStars Zoom Hand #175933034904:  Hold'em No Limit ($0.05/$0.10) - 2017/09/21 23:35:29 CCT [2017/09/21 11:35:29 ET]
Table 'Aludra' 6-max Seat #1 is the button
Seat 1: HubertusB ($7.56 in chips) 
Seat 2: Kummitaja ($11.31 in chips) 
Seat 3: MaNok23 ($10.46 in chips) 
Seat 4: QuocTuong ($36.48 in chips) 
Seat 5: 81denis81 ($10.27 in chips) 
Seat 6: dmitry393 ($5.85 in chips) 
Kummitaja: posts small blind $0.05
MaNok23: posts big blind $0.10
*** HOLE CARDS ***
Dealt to HubertusB [Tc Td]
QuocTuong: folds 
81denis81: raises $0.20 to $0.30
dmitry393: calls $0.30
HubertusB: raises $0.80 to $1.10
Kummitaja: folds 
MaNok23: folds 
81denis81: folds 
dmitry393: folds 
Uncalled bet ($0.80) returned to HubertusB
HubertusB collected $1.05 from pot
HubertusB: doesn't show hand 
*** SUMMARY ***
Total pot $1.05 | Rake $0 
Seat 1: HubertusB (button) collected ($1.05)
Seat 2: Kummitaja (small blind) folded before Flop
Seat 3: MaNok23 (big blind) folded before Flop
Seat 4: QuocTuong folded before Flop (didn't bet)
Seat 5: 81denis81 folded before Flop
Seat 6: dmitry393 folded before Flop



PokerStars Zoom Hand #175933050384:  Hold'em No Limit ($0.05/$0.10) - 2017/09/21 23:35:55 CCT [2017/09/21 11:35:55 ET]
Table 'Aludra' 6-max Seat #1 is the button
Seat 1: JustasTam ($12.92 in chips) 
Seat 2: DLegenda ($10 in chips) 
Seat 3: attempt_coup ($10 in chips) 
Seat 4: HubertusB ($8.31 in chips) 
Seat 5: udon1989 ($22.66 in chips) 
Seat 6: Kohan669 ($10.70 in chips) 
DLegenda: posts small blind $0.05
attempt_coup: posts big blind $0.10
*** HOLE CARDS ***
Dealt to HubertusB [Js 6h]
HubertusB: folds 
udon1989: folds 
Kohan669: folds 
JustasTam: folds 
DLegenda: folds 
Uncalled bet ($0.05) returned to attempt_coup
attempt_coup collected $0.10 from pot
attempt_coup: doesn't show hand 
*** SUMMARY ***
Total pot $0.10 | Rake $0 
Seat 1: JustasTam (button) folded before Flop (didn't bet)
Seat 2: DLegenda (small blind) folded before Flop
Seat 3: attempt_coup (big blind) collected ($0.10)
Seat 4: HubertusB folded before Flop (didn't bet)
Seat 5: udon1989 folded before Flop (didn't bet)
Seat 6: Kohan669 folded before Flop (didn't bet)



PokerStars Zoom Hand #175933056500:  Hold'em No Limit ($0.05/$0.10) - 2017/09/21 23:36:05 CCT [2017/09/21 11:36:05 ET]
Table 'Aludra' 6-max Seat #1 is the button
Seat 1: G.Buhgalter ($10.30 in chips) 
Seat 2: AngelBear82 ($10.15 in chips) 
Seat 3: DevJamming ($11.04 in chips) 
Seat 4: mkt1105 ($10.15 in chips) 
Seat 5: HubertusB ($8.31 in chips) 
Seat 6: SHTYK27 ($10 in chips) 
AngelBear82: posts small blind $0.05
DevJamming: posts big blind $0.10
*** HOLE CARDS ***
Dealt to HubertusB [Qc 6s]
mkt1105: folds 
HubertusB: folds 
SHTYK27: folds 
G.Buhgalter: folds 
AngelBear82: folds 
Uncalled bet ($0.05) returned to DevJamming
DevJamming collected $0.10 from pot
DevJamming: doesn't show hand 
*** SUMMARY ***
Total pot $0.10 | Rake $0 
Seat 1: G.Buhgalter (button) folded before Flop (didn't bet)
Seat 2: AngelBear82 (small blind) folded before Flop
Seat 3: DevJamming (big blind) collected ($0.10)
Seat 4: mkt1105 folded before Flop (didn't bet)
Seat 5: HubertusB folded before Flop (didn't bet)
Seat 6: SHTYK27 folded before Flop (didn't bet)



PokerStars Zoom Hand #175933054031:  Hold'em No Limit ($0.05/$0.10) - 2017/09/21 23:36:01 CCT [2017/09/21 11:36:01 ET]
Table 'Aludra' 6-max Seat #1 is the button
Seat 1: ZloiGromila ($44.77 in chips) 
Seat 2: ryota_nyan ($16.52 in chips) 
Seat 3: ALF48 ($10.30 in chips) 
Seat 4: i.andrei89 ($12.50 in chips) 
Seat 5: HubertusB ($8.31 in chips) 
Seat 6: rastayes420 ($10.01 in chips) 
ryota_nyan: posts small blind $0.05
ALF48: posts big blind $0.10
*** HOLE CARDS ***
Dealt to HubertusB [5d Ts]
i.andrei89: raises $0.25 to $0.35
HubertusB: folds 
rastayes420: folds 
ZloiGromila: folds 
ryota_nyan: folds 
ALF48: folds 
Uncalled bet ($0.25) returned to i.andrei89
i.andrei89 collected $0.25 from pot
i.andrei89: doesn't show hand 
*** SUMMARY ***
Total pot $0.25 | Rake $0 
Seat 1: ZloiGromila (button) folded before Flop (didn't bet)
Seat 2: ryota_nyan (small blind) folded before Flop
Seat 3: ALF48 (big blind) folded before Flop
Seat 4: i.andrei89 collected ($0.25)
Seat 5: HubertusB folded before Flop (didn't bet)
Seat 6: rastayes420 folded before Flop (didn't bet)



PokerStars Zoom Hand #175933073406:  Hold'em No Limit ($0.05/$0.10) - 2017/09/21 23:36:33 CCT [2017/09/21 11:36:33 ET]
Table 'Aludra' 6-max Seat #1 is the button
Seat 1: BURAIV ($10.42 in chips) 
Seat 2: HubertusB ($8.21 in chips) 
Seat 3: nnVinokurov ($10.48 in chips) 
Seat 4: Piqzer ($15.53 in chips) 
Seat 5: xxxGOTHICxxx ($42.27 in chips) 
Seat 6: tol"@lfar ($13.55 in chips) 
HubertusB: posts small blind $0.05
nnVinokurov: posts big blind $0.10
*** HOLE CARDS ***
Dealt to HubertusB [2s Ad]
Piqzer: folds 
xxxGOTHICxxx: folds 
tol"@lfar: raises $0.20 to $0.30
BURAIV: folds 
HubertusB: folds 
nnVinokurov: folds 
Uncalled bet ($0.20) returned to tol"@lfar
tol"@lfar collected $0.25 from pot
tol"@lfar: doesn't show hand 
*** SUMMARY ***
Total pot $0.25 | Rake $0 
Seat 1: BURAIV (button) folded before Flop (didn't bet)
Seat 2: HubertusB (small blind) folded before Flop
Seat 3: nnVinokurov (big blind) folded before Flop
Seat 4: Piqzer folded before Flop (didn't bet)
Seat 5: xxxGOTHICxxx folded before Flop (didn't bet)
Seat 6: tol"@lfar collected ($0.25)



PokerStars Zoom Hand #175933060114:  Hold'em No Limit ($0.05/$0.10) - 2017/09/21 23:36:11 CCT [2017/09/21 11:36:11 ET]
Table 'Aludra' 6-max Seat #1 is the button
Seat 1: EffOrt100% ($15.28 in chips) 
Seat 2: attempt_coup ($9.90 in chips) 
Seat 3: HubertusB ($8.31 in chips) 
Seat 4: sassy_sue29 ($5.29 in chips) 
Seat 5: aldinetto ($19.13 in chips) 
Seat 6: BankerL ($10.86 in chips) 
attempt_coup: posts small blind $0.05
HubertusB: posts big blind $0.10
*** HOLE CARDS ***
Dealt to HubertusB [8h 7c]
sassy_sue29: folds 
aldinetto: raises $0.15 to $0.25
BankerL: raises $0.65 to $0.90
EffOrt100%: folds 
attempt_coup: folds 
HubertusB: folds 
aldinetto: raises $1.95 to $2.85
BankerL: raises $8.01 to $10.86 and is all-in
aldinetto: calls $8.01
*** FLOP *** [5d 7h Jc]
*** TURN *** [5d 7h Jc] [7s]
*** RIVER *** [5d 7h Jc 7s] [6c]
*** SHOW DOWN ***
aldinetto: shows [Jh Js] (a full house, Jacks full of Sevens)
BankerL: shows [Kc Ad] (a pair of Sevens)
aldinetto collected $20.89 from pot
*** SUMMARY ***
Total pot $21.87 | Rake $0.98 
Board [5d 7h Jc 7s 6c]
Seat 1: EffOrt100% (button) folded before Flop (didn't bet)
Seat 2: attempt_coup (small blind) folded before Flop
Seat 3: HubertusB (big blind) folded before Flop
Seat 4: sassy_sue29 folded before Flop (didn't bet)
Seat 5: aldinetto showed [Jh Js] and won ($20.89) with a full house, Jacks full of Sevens
Seat 6: BankerL showed [Kc Ad] and lost with a pair of Sevens



PokerStars Zoom Hand #175933077080:  Hold'em No Limit ($0.05/$0.10) - 2017/09/21 23:36:39 CCT [2017/09/21 11:36:39 ET]
Table 'Aludra' 6-max Seat #1 is the button
Seat 1: andruxakirov ($5.72 in chips) 
Seat 2: Juggalo78 ($11.29 in chips) 
Seat 3: xxxGOTHICxxx ($14.81 in chips) 
Seat 4: pstyle111 ($11.64 in chips) 
Seat 5: kairòs ($13.68 in chips) 
Seat 6: HubertusB ($8.16 in chips) 
Juggalo78: posts small blind $0.05
xxxGOTHICxxx: posts big blind $0.10
*** HOLE CARDS ***
Dealt to HubertusB [Jh 2h]
pstyle111: raises $0.20 to $0.30
kairòs: folds 
HubertusB: folds 
andruxakirov: folds 
Juggalo78: folds 
xxxGOTHICxxx: folds 
Uncalled bet ($0.20) returned to pstyle111
pstyle111 collected $0.25 from pot
pstyle111: doesn't show hand 
*** SUMMARY ***
Total pot $0.25 | Rake $0 
Seat 1: andruxakirov (button) folded before Flop (didn't bet)
Seat 2: Juggalo78 (small blind) folded before Flop
Seat 3: xxxGOTHICxxx (big blind) folded before Flop
Seat 4: pstyle111 collected ($0.25)
Seat 5: kairòs folded before Flop (didn't bet)
Seat 6: HubertusB folded before Flop (didn't bet)



PokerStars Zoom Hand #175933070386:  Hold'em No Limit ($0.05/$0.10) - 2017/09/21 23:36:28 CCT [2017/09/21 11:36:28 ET]
Table 'Aludra' 6-max Seat #1 is the button
Seat 1: Linkoln220 ($9.69 in chips) 
Seat 2: gord_4 ($13.93 in chips) 
Seat 3: steinfix ($6.45 in chips) 
Seat 4: HubertusB ($8.21 in chips) 
Seat 5: krikzom ($24.96 in chips) 
Seat 6: Nelle46 ($2.66 in chips) 
gord_4: posts small blind $0.05
steinfix: posts big blind $0.10
*** HOLE CARDS ***
Dealt to HubertusB [2h 5c]
HubertusB: folds 
krikzom: folds 
Nelle46: calls $0.10
Linkoln220: folds 
gord_4: raises $0.20 to $0.30
steinfix: folds 
Nelle46: calls $0.20
*** FLOP *** [Ah Qc 8s]
gord_4: checks 
Nelle46: checks 
*** TURN *** [Ah Qc 8s] [3h]
gord_4: checks 
Nelle46: checks 
*** RIVER *** [Ah Qc 8s 3h] [5h]
gord_4: checks 
Nelle46: checks 
*** SHOW DOWN ***
gord_4: shows [Kh Tc] (high card Ace)
Nelle46: shows [Kd Js] (high card Ace - King+Queen+Jack kicker)
Nelle46 collected $0.67 from pot
*** SUMMARY ***
Total pot $0.70 | Rake $0.03 
Board [Ah Qc 8s 3h 5h]
Seat 1: Linkoln220 (button) folded before Flop (didn't bet)
Seat 2: gord_4 (small blind) showed [Kh Tc] and lost with high card Ace
Seat 3: steinfix (big blind) folded before Flop
Seat 4: HubertusB folded before Flop (didn't bet)
Seat 5: krikzom folded before Flop (didn't bet)
Seat 6: Nelle46 showed [Kd Js] and won ($0.67) with high card Ace



PokerStars Zoom Hand #175933081920:  Hold'em No Limit ($0.05/$0.10) - 2017/09/21 23:36:47 CCT [2017/09/21 11:36:47 ET]
Table 'Aludra' 6-max Seat #1 is the button
Seat 1: lealko14 ($12.59 in chips) 
Seat 2: zainaz ($12.04 in chips) 
Seat 3: joaocorre231 ($8 in chips) 
Seat 4: HubertusB ($8.16 in chips) 
Seat 5: DenDy Er ($11.41 in chips) 
Seat 6: fdazcky01 ($10.15 in chips) 
zainaz: posts small blind $0.05
joaocorre231: posts big blind $0.10
*** HOLE CARDS ***
Dealt to HubertusB [Kc 3d]
HubertusB: folds 
DenDy Er: folds 
fdazcky01: raises $0.17 to $0.27
lealko14: folds 
zainaz: folds 
joaocorre231: folds 
Uncalled bet ($0.17) returned to fdazcky01
fdazcky01 collected $0.25 from pot
fdazcky01: doesn't show hand 
*** SUMMARY ***
Total pot $0.25 | Rake $0 
Seat 1: lealko14 (button) folded before Flop (didn't bet)
Seat 2: zainaz (small blind) folded before Flop
Seat 3: joaocorre231 (big blind) folded before Flop
Seat 4: HubertusB folded before Flop (didn't bet)
Seat 5: DenDy Er folded before Flop (didn't bet)
Seat 6: fdazcky01 collected ($0.25)



PokerStars Zoom Hand #175933066179:  Hold'em No Limit ($0.05/$0.10) - 2017/09/21 23:36:21 CCT [2017/09/21 11:36:21 ET]
Table 'Aludra' 6-max Seat #1 is the button
Seat 1: HubertusB ($8.21 in chips) 
Seat 2: KAK BOG PLAY ($21.07 in chips) 
Seat 3: myself10 ($10.33 in chips) 
Seat 4: void-AA ($35.70 in chips) 
Seat 5: AngelBear82 ($10.13 in chips) 
Seat 6: anekFT ($6.81 in chips) 
KAK BOG PLAY: posts small blind $0.05
myself10: posts big blind $0.10
*** HOLE CARDS ***
Dealt to HubertusB [5s 8c]
void-AA: folds 
AngelBear82: raises $0.20 to $0.30
anekFT: calls $0.30
HubertusB: folds 
KAK BOG PLAY: raises $1 to $1.30
myself10: folds 
AngelBear82: raises $1.70 to $3
anekFT: folds 
KAK BOG PLAY: raises $18.07 to $21.07 and is all-in
AngelBear82: folds 
Uncalled bet ($18.07) returned to KAK BOG PLAY
KAK BOG PLAY collected $6.40 from pot
KAK BOG PLAY: doesn't show hand 
*** SUMMARY ***
Total pot $6.40 | Rake $0 
Seat 1: HubertusB (button) folded before Flop (didn't bet)
Seat 2: KAK BOG PLAY (small blind) collected ($6.40)
Seat 3: myself10 (big blind) folded before Flop
Seat 4: void-AA folded before Flop (didn't bet)
Seat 5: AngelBear82 folded before Flop
Seat 6: anekFT folded before Flop



PokerStars Zoom Hand #175933087951:  Hold'em No Limit ($0.05/$0.10) - 2017/09/21 23:36:57 CCT [2017/09/21 11:36:57 ET]
Table 'Aludra' 6-max Seat #1 is the button
Seat 1: lealko14 ($10 in chips) 
Seat 2: LilanKabus ($4.14 in chips) 
Seat 3: HubertusB ($8.16 in chips) 
Seat 4: luda225 ($16.57 in chips) 
Seat 5: kedfort ($10.04 in chips) 
Seat 6: Bartduy ($10.65 in chips) 
LilanKabus: posts small blind $0.05
HubertusB: posts big blind $0.10
*** HOLE CARDS ***
Dealt to HubertusB [6d 7d]
luda225: folds 
kedfort: folds 
Bartduy: folds 
lealko14: raises $0.15 to $0.25
LilanKabus: folds 
HubertusB: calls $0.15
*** FLOP *** [Tc Td Jd]
HubertusB: checks 
lealko14: bets $0.36
HubertusB: raises $0.64 to $1
lealko14: folds 
Uncalled bet ($0.64) returned to HubertusB
HubertusB collected $1.21 from pot
HubertusB: doesn't show hand 
*** SUMMARY ***
Total pot $1.27 | Rake $0.06 
Board [Tc Td Jd]
Seat 1: lealko14 (button) folded on the Flop
Seat 2: LilanKabus (small blind) folded before Flop
Seat 3: HubertusB (big blind) collected ($1.21)
Seat 4: luda225 folded before Flop (didn't bet)
Seat 5: kedfort folded before Flop (didn't bet)
Seat 6: Bartduy folded before Flop (didn't bet)



PokerStars Zoom Hand #175933084902:  Hold'em No Limit ($0.05/$0.10) - 2017/09/21 23:36:52 CCT [2017/09/21 11:36:52 ET]
Table 'Aludra' 6-max Seat #1 is the button
Seat 1: HubertusB ($8.16 in chips) 
Seat 2: acid1975x ($10.28 in chips) 
Seat 3: vadeinpace11 ($10 in chips) 
Seat 4: pstyle111 ($11.79 in chips) 
Seat 5: emarian88 ($11.64 in chips) 
Seat 6: bigbillyg111 ($10 in chips) 
acid1975x: posts small blind $0.05
vadeinpace11: posts big blind $0.10
*** HOLE CARDS ***
Dealt to HubertusB [Kd Tc]
pstyle111: raises $0.20 to $0.30
emarian88: raises $0.60 to $0.90
bigbillyg111: folds 
HubertusB: folds 
acid1975x: folds 
vadeinpace11: folds 
pstyle111: raises $1.21 to $2.11
emarian88: calls $1.21
*** FLOP *** [Ac 5s Jh]
pstyle111: bets $2.09
emarian88: raises $2.09 to $4.18
pstyle111: raises $5.50 to $9.68 and is all-in
emarian88: calls $5.35 and is all-in
Uncalled bet ($0.15) returned to pstyle111
*** TURN *** [Ac 5s Jh] [7d]
*** RIVER *** [Ac 5s Jh 7d] [Th]
*** SHOW DOWN ***
pstyle111: shows [Kc Ah] (a pair of Aces)
emarian88: shows [Kh As] (a pair of Aces)
pstyle111 collected $11.19 from pot
emarian88 collected $11.19 from pot
*** SUMMARY ***
Total pot $23.43 | Rake $1.05 
Board [Ac 5s Jh 7d Th]
Seat 1: HubertusB (button) folded before Flop (didn't bet)
Seat 2: acid1975x (small blind) folded before Flop
Seat 3: vadeinpace11 (big blind) folded before Flop
Seat 4: pstyle111 showed [Kc Ah] and won ($11.19) with a pair of Aces
Seat 5: emarian88 showed [Kh As] and won ($11.19) with a pair of Aces
Seat 6: bigbillyg111 folded before Flop (didn't bet)



PokerStars Zoom Hand #175933108504:  Hold'em No Limit ($0.05/$0.10) - 2017/09/21 23:37:31 CCT [2017/09/21 11:37:31 ET]
Table 'Aludra' 6-max Seat #1 is the button
Seat 1: AllIKnowIs0 ($10 in chips) 
Seat 2: HubertusB ($8.76 in chips) 
Seat 3: 33pedro ($13.31 in chips) 
Seat 4: TPHGarrido ($10 in chips) 
Seat 5: rastayes420 ($16.52 in chips) 
Seat 6: igor65546651 ($25.91 in chips) 
HubertusB: posts small blind $0.05
33pedro: posts big blind $0.10
*** HOLE CARDS ***
Dealt to HubertusB [7s 4h]
TPHGarrido: folds 
rastayes420: folds 
igor65546651: raises $0.20 to $0.30
AllIKnowIs0: folds 
HubertusB: folds 
33pedro: folds 
Uncalled bet ($0.20) returned to igor65546651
igor65546651 collected $0.25 from pot
igor65546651: doesn't show hand 
*** SUMMARY ***
Total pot $0.25 | Rake $0 
Seat 1: AllIKnowIs0 (button) folded before Flop (didn't bet)
Seat 2: HubertusB (small blind) folded before Flop
Seat 3: 33pedro (big blind) folded before Flop
Seat 4: TPHGarrido folded before Flop (didn't bet)
Seat 5: rastayes420 folded before Flop (didn't bet)
Seat 6: igor65546651 collected ($0.25)



PokerStars Zoom Hand #175933112692:  Hold'em No Limit ($0.05/$0.10) - 2017/09/21 23:37:38 CCT [2017/09/21 11:37:38 ET]
Table 'Aludra' 6-max Seat #1 is the button
Seat 1: BOSCOBOT ($10.30 in chips) 
Seat 2: R.Filin ($10.56 in chips) 
Seat 3: Evgenij1977 ($10.78 in chips) 
Seat 4: HubertusB ($8.71 in chips) 
Seat 5: mafinis ($6.98 in chips) 
Seat 6: PAUSOF ($11.13 in chips) 
R.Filin: posts small blind $0.05
Evgenij1977: posts big blind $0.10
*** HOLE CARDS ***
Dealt to HubertusB [Th 5s]
HubertusB: folds 
mafinis: folds 
PAUSOF: folds 
BOSCOBOT: folds 
R.Filin: raises $0.19 to $0.29
Evgenij1977: folds 
Uncalled bet ($0.19) returned to R.Filin
R.Filin collected $0.20 from pot
R.Filin: doesn't show hand 
*** SUMMARY ***
Total pot $0.20 | Rake $0 
Seat 1: BOSCOBOT (button) folded before Flop (didn't bet)
Seat 2: R.Filin (small blind) collected ($0.20)
Seat 3: Evgenij1977 (big blind) folded before Flop
Seat 4: HubertusB folded before Flop (didn't bet)
Seat 5: mafinis folded before Flop (didn't bet)
Seat 6: PAUSOF folded before Flop (didn't bet)



PokerStars Zoom Hand #175933116295:  Hold'em No Limit ($0.05/$0.10) - 2017/09/21 23:37:44 CCT [2017/09/21 11:37:44 ET]
Table 'Aludra' 6-max Seat #1 is the button
Seat 1: carl548 ($3.63 in chips) 
Seat 2: wtf1mWoN ($8.83 in chips) 
Seat 3: marugari ($11.48 in chips) 
Seat 4: Linkoln220 ($10 in chips) 
Seat 5: HubertusB ($8.71 in chips) 
Seat 6: ¡No pasarán! ($13.36 in chips) 
wtf1mWoN: posts small blind $0.05
marugari: posts big blind $0.10
*** HOLE CARDS ***
Dealt to HubertusB [3h 9c]
Linkoln220: folds 
HubertusB: folds 
¡No pasarán!: raises $0.20 to $0.30
carl548: folds 
wtf1mWoN: folds 
marugari: folds 
Uncalled bet ($0.20) returned to ¡No pasarán!
¡No pasarán! collected $0.25 from pot
¡No pasarán!: doesn't show hand 
*** SUMMARY ***
Total pot $0.25 | Rake $0 
Seat 1: carl548 (button) folded before Flop (didn't bet)
Seat 2: wtf1mWoN (small blind) folded before Flop
Seat 3: marugari (big blind) folded before Flop
Seat 4: Linkoln220 folded before Flop (didn't bet)
Seat 5: HubertusB folded before Flop (didn't bet)
Seat 6: ¡No pasarán! collected ($0.25)



PokerStars Zoom Hand #175933119933:  Hold'em No Limit ($0.05/$0.10) - 2017/09/21 23:37:50 CCT [2017/09/21 11:37:50 ET]
Table 'Aludra' 6-max Seat #1 is the button
Seat 1: fdazcky01 ($10 in chips) 
Seat 2: xxxGOTHICxxx ($42.37 in chips) 
Seat 3: sl1n555 ($12.23 in chips) 
Seat 4: Sim649 ($7.44 in chips) 
Seat 5: gbilst ($10.02 in chips) 
Seat 6: HubertusB ($8.71 in chips) 
xxxGOTHICxxx: posts small blind $0.05
sl1n555: posts big blind $0.10
*** HOLE CARDS ***
Dealt to HubertusB [3s Qd]
Sim649: raises $0.20 to $0.30
gbilst: folds 
HubertusB: folds 
fdazcky01: folds 
xxxGOTHICxxx: raises $0.75 to $1.05
sl1n555: folds 
Sim649: folds 
Uncalled bet ($0.75) returned to xxxGOTHICxxx
xxxGOTHICxxx collected $0.70 from pot
xxxGOTHICxxx: doesn't show hand 
*** SUMMARY ***
Total pot $0.70 | Rake $0 
Seat 1: fdazcky01 (button) folded before Flop (didn't bet)
Seat 2: xxxGOTHICxxx (small blind) collected ($0.70)
Seat 3: sl1n555 (big blind) folded before Flop
Seat 4: Sim649 folded before Flop
Seat 5: gbilst folded before Flop (didn't bet)
Seat 6: HubertusB folded before Flop (didn't bet)



PokerStars Zoom Hand #175933122978:  Hold'em No Limit ($0.05/$0.10) - 2017/09/21 23:37:55 CCT [2017/09/21 11:37:55 ET]
Table 'Aludra' 6-max Seat #1 is the button
Seat 1: antinik1972 ($9.02 in chips) 
Seat 2: HubertusB ($8.71 in chips) 
Seat 3: Kirikulu ($10 in chips) 
Seat 4: vezthecobra56 ($4.63 in chips) 
Seat 5: Xius14 ($10 in chips) 
Seat 6: julehjuleh ($10.56 in chips) 
HubertusB: posts small blind $0.05
Kirikulu: posts big blind $0.10
*** HOLE CARDS ***
Dealt to HubertusB [5s 5d]
vezthecobra56: raises $0.10 to $0.20
Xius14: folds 
julehjuleh: folds 
antinik1972: calls $0.20
HubertusB: calls $0.15
Kirikulu: calls $0.10
*** FLOP *** [6h 2d 2h]
HubertusB: bets $0.50
Kirikulu: folds 
vezthecobra56: folds 
antinik1972: folds 
Uncalled bet ($0.50) returned to HubertusB
HubertusB collected $0.76 from pot
HubertusB: doesn't show hand 
*** SUMMARY ***
Total pot $0.80 | Rake $0.04 
Board [6h 2d 2h]
Seat 1: antinik1972 (button) folded on the Flop
Seat 2: HubertusB (small blind) collected ($0.76)
Seat 3: Kirikulu (big blind) folded on the Flop
Seat 4: vezthecobra56 folded on the Flop
Seat 5: Xius14 folded before Flop (didn't bet)
Seat 6: julehjuleh folded before Flop (didn't bet)



PokerStars Zoom Hand #175933147714:  Hold'em No Limit ($0.05/$0.10) - 2017/09/21 23:38:36 CCT [2017/09/21 11:38:36 ET]
Table 'Aludra' 6-max Seat #1 is the button
Seat 1: wtf1mWoN ($10.51 in chips) 
Seat 2: KAK BOG PLAY ($20.04 in chips) 
Seat 3: HubertusB ($9.27 in chips) 
Seat 4: StefanFatime ($9.03 in chips) 
Seat 5: carset ($10 in chips) 
Seat 6: 19MJJ21 ($5.65 in chips) 
KAK BOG PLAY: posts small blind $0.05
HubertusB: posts big blind $0.10
*** HOLE CARDS ***
Dealt to HubertusB [Jc 7h]
StefanFatime: folds 
carset: folds 
19MJJ21: folds 
wtf1mWoN: folds 
KAK BOG PLAY: folds 
Uncalled bet ($0.05) returned to HubertusB
HubertusB collected $0.10 from pot
HubertusB: doesn't show hand 
*** SUMMARY ***
Total pot $0.10 | Rake $0 
Seat 1: wtf1mWoN (button) folded before Flop (didn't bet)
Seat 2: KAK BOG PLAY (small blind) folded before Flop
Seat 3: HubertusB (big blind) collected ($0.10)
Seat 4: StefanFatime folded before Flop (didn't bet)
Seat 5: carset folded before Flop (didn't bet)
Seat 6: 19MJJ21 folded before Flop (didn't bet)



PokerStars Zoom Hand #175933162709:  Hold'em No Limit ($0.05/$0.10) - 2017/09/21 23:39:01 CCT [2017/09/21 11:39:01 ET]
Table 'Aludra' 6-max Seat #1 is the button
Seat 1: propper111 ($23 in chips) 
Seat 2: lealko14 ($11.61 in chips) 
Seat 3: HubertusB ($9.32 in chips) 
Seat 4: tomo1226 ($48.15 in chips) 
Seat 5: cro_bishop ($13.97 in chips) 
Seat 6: LzNKaoTiK927 ($17.40 in chips) 
lealko14: posts small blind $0.05
HubertusB: posts big blind $0.10
*** HOLE CARDS ***
Dealt to HubertusB [6d Qd]
tomo1226: folds 
cro_bishop: folds 
LzNKaoTiK927: raises $0.20 to $0.30
propper111: folds 
lealko14: folds 
HubertusB: folds 
Uncalled bet ($0.20) returned to LzNKaoTiK927
LzNKaoTiK927 collected $0.25 from pot
LzNKaoTiK927: doesn't show hand 
*** SUMMARY ***
Total pot $0.25 | Rake $0 
Seat 1: propper111 (button) folded before Flop (didn't bet)
Seat 2: lealko14 (small blind) folded before Flop
Seat 3: HubertusB (big blind) folded before Flop
Seat 4: tomo1226 folded before Flop (didn't bet)
Seat 5: cro_bishop folded before Flop (didn't bet)
Seat 6: LzNKaoTiK927 collected ($0.25)



PokerStars Zoom Hand #175933156696:  Hold'em No Limit ($0.05/$0.10) - 2017/09/21 23:38:51 CCT [2017/09/21 11:38:51 ET]
Table 'Aludra' 6-max Seat #1 is the button
Seat 1: HubertusB ($9.32 in chips) 
Seat 2: R.Filin ($11.62 in chips) 
Seat 3: Armani163 ($26.77 in chips) 
Seat 4: Sim649 ($11.42 in chips) 
Seat 5: grossyapro ($23.83 in chips) 
Seat 6: gbilst ($9.67 in chips) 
R.Filin: posts small blind $0.05
Armani163: posts big blind $0.10
*** HOLE CARDS ***
Dealt to HubertusB [2h 3s]
Sim649: folds 
grossyapro: folds 
gbilst: raises $0.20 to $0.30
HubertusB: folds 
R.Filin: folds 
Armani163: folds 
Uncalled bet ($0.20) returned to gbilst
gbilst collected $0.25 from pot
gbilst: doesn't show hand 
*** SUMMARY ***
Total pot $0.25 | Rake $0 
Seat 1: HubertusB (button) folded before Flop (didn't bet)
Seat 2: R.Filin (small blind) folded before Flop
Seat 3: Armani163 (big blind) folded before Flop
Seat 4: Sim649 folded before Flop (didn't bet)
Seat 5: grossyapro folded before Flop (didn't bet)
Seat 6: gbilst collected ($0.25)



PokerStars Zoom Hand #175933159691:  Hold'em No Limit ($0.05/$0.10) - 2017/09/21 23:38:56 CCT [2017/09/21 11:38:56 ET]
Table 'Aludra' 6-max Seat #1 is the button
Seat 1: episthmwn ($12.88 in chips) 
Seat 2: ALF48 ($10.05 in chips) 
Seat 3: AppleMillion ($4.70 in chips) 
Seat 4: andruxakirov ($3.95 in chips) 
Seat 5: HubertusB ($9.32 in chips) 
Seat 6: xandrrro ($10.15 in chips) 
ALF48: posts small blind $0.05
AppleMillion: posts big blind $0.10
*** HOLE CARDS ***
Dealt to HubertusB [6h 2h]
andruxakirov: folds 
HubertusB: folds 
xandrrro: folds 
episthmwn: raises $0.12 to $0.22
ALF48: folds 
AppleMillion: raises $4.48 to $4.70 and is all-in
episthmwn: folds 
Uncalled bet ($4.48) returned to AppleMillion
AppleMillion collected $0.49 from pot
AppleMillion: doesn't show hand 
*** SUMMARY ***
Total pot $0.49 | Rake $0 
Seat 1: episthmwn (button) folded before Flop
Seat 2: ALF48 (small blind) folded before Flop
Seat 3: AppleMillion (big blind) collected ($0.49)
Seat 4: andruxakirov folded before Flop (didn't bet)
Seat 5: HubertusB folded before Flop (didn't bet)
Seat 6: xandrrro folded before Flop (didn't bet)



PokerStars Zoom Hand #175933170467:  Hold'em No Limit ($0.05/$0.10) - 2017/09/21 23:39:14 CCT [2017/09/21 11:39:14 ET]
Table 'Aludra' 6-max Seat #1 is the button
Seat 1: Gambler(CM)9 ($13.62 in chips) 
Seat 2: Suslikobelka ($10.06 in chips) 
Seat 3: Renatoso ($4.64 in chips) 
Seat 4: N42390J ($5.56 in chips) 
Seat 5: Piqzer ($21.52 in chips) 
Seat 6: HubertusB ($9.22 in chips) 
Suslikobelka: posts small blind $0.05
Renatoso: posts big blind $0.10
*** HOLE CARDS ***
Dealt to HubertusB [6h Qh]
N42390J: raises $0.10 to $0.20
Piqzer: folds 
HubertusB: folds 
Gambler(CM)9: folds 
Suslikobelka: folds 
Renatoso: folds 
Uncalled bet ($0.10) returned to N42390J
N42390J collected $0.25 from pot
N42390J: doesn't show hand 
*** SUMMARY ***
Total pot $0.25 | Rake $0 
Seat 1: Gambler(CM)9 (button) folded before Flop (didn't bet)
Seat 2: Suslikobelka (small blind) folded before Flop
Seat 3: Renatoso (big blind) folded before Flop
Seat 4: N42390J collected ($0.25)
Seat 5: Piqzer folded before Flop (didn't bet)
Seat 6: HubertusB folded before Flop (didn't bet)



PokerStars Zoom Hand #175933178872:  Hold'em No Limit ($0.05/$0.10) - 2017/09/21 23:39:28 CCT [2017/09/21 11:39:28 ET]
Table 'Aludra' 6-max Seat #1 is the button
Seat 1: BOSCOBOT ($11.32 in chips) 
Seat 2: HubertusB ($9.22 in chips) 
Seat 3: crushwa ($2.64 in chips) 
Seat 4: N42390J ($5.71 in chips) 
Seat 5: death1198 ($6.54 in chips) 
Seat 6: Xius14 ($10.45 in chips) 
HubertusB: posts small blind $0.05
crushwa: posts big blind $0.10
*** HOLE CARDS ***
Dealt to HubertusB [3h 6h]
N42390J: folds 
death1198: folds 
Xius14: folds 
BOSCOBOT: folds 
HubertusB: folds 
Uncalled bet ($0.05) returned to crushwa
crushwa collected $0.10 from pot
crushwa: doesn't show hand 
*** SUMMARY ***
Total pot $0.10 | Rake $0 
Seat 1: BOSCOBOT (button) folded before Flop (didn't bet)
Seat 2: HubertusB (small blind) folded before Flop
Seat 3: crushwa (big blind) collected ($0.10)
Seat 4: N42390J folded before Flop (didn't bet)
Seat 5: death1198 folded before Flop (didn't bet)
Seat 6: Xius14 folded before Flop (didn't bet)



PokerStars Zoom Hand #175933181915:  Hold'em No Limit ($0.05/$0.10) - 2017/09/21 23:39:33 CCT [2017/09/21 11:39:33 ET]
Table 'Aludra' 6-max Seat #1 is the button
Seat 1: 81denis81 ($10 in chips) 
Seat 2: focxovi ($12.72 in chips) 
Seat 3: pstyle111 ($11.05 in chips) 
Seat 4: grossyapro ($10.23 in chips) 
Seat 5: HubertusB ($9.17 in chips) 
Seat 6: bazy228 ($9.17 in chips) 
focxovi: posts small blind $0.05
pstyle111: posts big blind $0.10
*** HOLE CARDS ***
Dealt to HubertusB [4h As]
grossyapro: folds 
HubertusB: folds 
bazy228: folds 
81denis81: raises $0.15 to $0.25
focxovi: folds 
pstyle111: calls $0.15
*** FLOP *** [5c 8h Td]
pstyle111: checks 
81denis81: checks 
*** TURN *** [5c 8h Td] [7h]
pstyle111: bets $0.40
81denis81: folds 
Uncalled bet ($0.40) returned to pstyle111
pstyle111 collected $0.53 from pot
pstyle111: doesn't show hand 
*** SUMMARY ***
Total pot $0.55 | Rake $0.02 
Board [5c 8h Td 7h]
Seat 1: 81denis81 (button) folded on the Turn
Seat 2: focxovi (small blind) folded before Flop
Seat 3: pstyle111 (big blind) collected ($0.53)
Seat 4: grossyapro folded before Flop (didn't bet)
Seat 5: HubertusB folded before Flop (didn't bet)
Seat 6: bazy228 folded before Flop (didn't bet)



PokerStars Zoom Hand #175933184878:  Hold'em No Limit ($0.05/$0.10) - 2017/09/21 23:39:38 CCT [2017/09/21 11:39:38 ET]
Table 'Aludra' 6-max Seat #1 is the button
Seat 1: HubertusB ($9.17 in chips) 
Seat 2: 2205tas ($5.35 in chips) 
Seat 3: arctur17 ($10.10 in chips) 
Seat 4: Afrodita77 ($10.64 in chips) 
Seat 5: vvk22 ($14.57 in chips) 
Seat 6: makodao ($11.51 in chips) 
2205tas: posts small blind $0.05
arctur17: posts big blind $0.10
*** HOLE CARDS ***
Dealt to HubertusB [7d Ts]
Afrodita77: folds 
vvk22: folds 
makodao: folds 
HubertusB: folds 
2205tas: calls $0.05
arctur17: checks 
*** FLOP *** [6s Jd 5s]
2205tas: bets $0.10
arctur17: folds 
Uncalled bet ($0.10) returned to 2205tas
2205tas collected $0.19 from pot
2205tas: doesn't show hand 
*** SUMMARY ***
Total pot $0.20 | Rake $0.01 
Board [6s Jd 5s]
Seat 1: HubertusB (button) folded before Flop (didn't bet)
Seat 2: 2205tas (small blind) collected ($0.19)
Seat 3: arctur17 (big blind) folded on the Flop
Seat 4: Afrodita77 folded before Flop (didn't bet)
Seat 5: vvk22 folded before Flop (didn't bet)
Seat 6: makodao folded before Flop (didn't bet)



PokerStars Zoom Hand #175933175900:  Hold'em No Limit ($0.05/$0.10) - 2017/09/21 23:39:23 CCT [2017/09/21 11:39:23 ET]
Table 'Aludra' 6-max Seat #1 is the button
Seat 1: Merlin IXX ($9.10 in chips) 
Seat 2: angloirish ($13.21 in chips) 
Seat 3: vadeinpace11 ($12.47 in chips) 
Seat 4: HubertusB ($9.22 in chips) 
Seat 5: grossyapro ($10.23 in chips) 
Seat 6: -himin-26 ($4.66 in chips) 
angloirish: posts small blind $0.05
vadeinpace11: posts big blind $0.10
*** HOLE CARDS ***
Dealt to HubertusB [8c 4s]
HubertusB: folds 
grossyapro: folds 
-himin-26: raises $0.20 to $0.30
Merlin IXX: folds 
angloirish: calls $0.25
vadeinpace11: calls $0.20
*** FLOP *** [Kc Tc 5h]
angloirish: checks 
vadeinpace11: checks 
-himin-26: bets $0.60
angloirish: raises $1.03 to $1.63
vadeinpace11: folds 
-himin-26: folds 
Uncalled bet ($1.03) returned to angloirish
angloirish collected $2.01 from pot
angloirish: doesn't show hand 
*** SUMMARY ***
Total pot $2.10 | Rake $0.09 
Board [Kc Tc 5h]
Seat 1: Merlin IXX (button) folded before Flop (didn't bet)
Seat 2: angloirish (small blind) collected ($2.01)
Seat 3: vadeinpace11 (big blind) folded on the Flop
Seat 4: HubertusB folded before Flop (didn't bet)
Seat 5: grossyapro folded before Flop (didn't bet)
Seat 6: -himin-26 folded on the Flop



PokerStars Zoom Hand #175933187877:  Hold'em No Limit ($0.05/$0.10) - 2017/09/21 23:39:43 CCT [2017/09/21 11:39:43 ET]
Table 'Aludra' 6-max Seat #1 is the button
Seat 1: pstyle111 ($12.36 in chips) 
Seat 2: Zweiglein161 ($14.81 in chips) 
Seat 3: ManiakHaze ($14 in chips) 
Seat 4: jojo44ii ($15.61 in chips) 
Seat 5: HubertusB ($9.17 in chips) 
Seat 6: howtoplay78 ($11.45 in chips) 
Zweiglein161: posts small blind $0.05
ManiakHaze: posts big blind $0.10
*** HOLE CARDS ***
Dealt to HubertusB [Ts 5s]
jojo44ii: folds 
HubertusB: raises $0.20 to $0.30
howtoplay78: folds 
pstyle111: folds 
Zweiglein161: folds 
ManiakHaze: calls $0.20
*** FLOP *** [Th Ks 9d]
ManiakHaze: checks 
HubertusB: checks 
*** TURN *** [Th Ks 9d] [2s]
ManiakHaze: checks 
HubertusB: bets $0.40
ManiakHaze: folds 
Uncalled bet ($0.40) returned to HubertusB
HubertusB collected $0.62 from pot
HubertusB: doesn't show hand 
*** SUMMARY ***
Total pot $0.65 | Rake $0.03 
Board [Th Ks 9d 2s]
Seat 1: pstyle111 (button) folded before Flop (didn't bet)
Seat 2: Zweiglein161 (small blind) folded before Flop
Seat 3: ManiakHaze (big blind) folded on the Turn
Seat 4: jojo44ii folded before Flop (didn't bet)
Seat 5: HubertusB collected ($0.62)
Seat 6: howtoplay78 folded before Flop (didn't bet)



PokerStars Zoom Hand #175933229119:  Hold'em No Limit ($0.05/$0.10) - 2017/09/21 23:40:51 CCT [2017/09/21 11:40:51 ET]
Table 'Aludra' 6-max Seat #1 is the button
Seat 1: Nelle46 ($1.56 in chips) 
Seat 2: kRdKub ($11.52 in chips) 
Seat 3: arctur17 ($11.27 in chips) 
Seat 4: Kohan669 ($10.61 in chips) 
Seat 5: Suslikobelka ($10 in chips) 
Seat 6: HubertusB ($9.49 in chips) 
kRdKub: posts small blind $0.05
arctur17: posts big blind $0.10
*** HOLE CARDS ***
Dealt to HubertusB [Qs 8s]
Kohan669: folds 
Suslikobelka: folds 
HubertusB: raises $0.10 to $0.20
Nelle46: folds 
kRdKub: folds 
arctur17: calls $0.10
*** FLOP *** [Qc Kd Tc]
arctur17: checks 
HubertusB: checks 
*** TURN *** [Qc Kd Tc] [5d]
arctur17: checks 
HubertusB: checks 
*** RIVER *** [Qc Kd Tc 5d] [6s]
arctur17: checks 
HubertusB: bets $0.30
arctur17: calls $0.30
*** SHOW DOWN ***
HubertusB: shows [Qs 8s] (a pair of Queens)
arctur17: mucks hand 
HubertusB collected $1 from pot
*** SUMMARY ***
Total pot $1.05 | Rake $0.05 
Board [Qc Kd Tc 5d 6s]
Seat 1: Nelle46 (button) folded before Flop (didn't bet)
Seat 2: kRdKub (small blind) folded before Flop
Seat 3: arctur17 (big blind) mucked [Js Jh]
Seat 4: Kohan669 folded before Flop (didn't bet)
Seat 5: Suslikobelka folded before Flop (didn't bet)
Seat 6: HubertusB showed [Qs 8s] and won ($1) with a pair of Queens



PokerStars Zoom Hand #175933247811:  Hold'em No Limit ($0.05/$0.10) - 2017/09/21 23:41:22 CCT [2017/09/21 11:41:22 ET]
Table 'Aludra' 6-max Seat #1 is the button
Seat 1: Sim649 ($11.79 in chips) 
Seat 2: attempt_coup ($10.58 in chips) 
Seat 3: HubertusB ($9.99 in chips) 
Seat 4: SweatHorse ($10.86 in chips) 
Seat 5: Vladimir55OF ($9.29 in chips) 
Seat 6: guessvip ($12.20 in chips) 
attempt_coup: posts small blind $0.05
HubertusB: posts big blind $0.10
*** HOLE CARDS ***
Dealt to HubertusB [9d 4s]
SweatHorse: folds 
Vladimir55OF: folds 
guessvip: folds 
Sim649: raises $0.20 to $0.30
attempt_coup: folds 
HubertusB: folds 
Uncalled bet ($0.20) returned to Sim649
Sim649 collected $0.25 from pot
Sim649: doesn't show hand 
*** SUMMARY ***
Total pot $0.25 | Rake $0 
Seat 1: Sim649 (button) collected ($0.25)
Seat 2: attempt_coup (small blind) folded before Flop
Seat 3: HubertusB (big blind) folded before Flop
Seat 4: SweatHorse folded before Flop (didn't bet)
Seat 5: Vladimir55OF folded before Flop (didn't bet)
Seat 6: guessvip folded before Flop (didn't bet)



PokerStars Zoom Hand #175933253911:  Hold'em No Limit ($0.05/$0.10) - 2017/09/21 23:41:32 CCT [2017/09/21 11:41:32 ET]
Table 'Aludra' 6-max Seat #1 is the button
Seat 1: Cauchy10 ($4.50 in chips) 
Seat 2: WhiteDeath55 ($10.04 in chips) 
Seat 3: Ytowo ($26.34 in chips) 
Seat 4: HubertusB ($9.89 in chips) 
Seat 5: krizh1985 ($19.08 in chips) 
Seat 6: piiizzaaa ($10 in chips) 
WhiteDeath55: posts small blind $0.05
Ytowo: posts big blind $0.10
*** HOLE CARDS ***
Dealt to HubertusB [3d 8s]
HubertusB: folds 
krizh1985: folds 
piiizzaaa: folds 
Cauchy10: raises $0.10 to $0.20
WhiteDeath55: folds 
Ytowo: folds 
Uncalled bet ($0.10) returned to Cauchy10
Cauchy10 collected $0.25 from pot
Cauchy10: doesn't show hand 
*** SUMMARY ***
Total pot $0.25 | Rake $0 
Seat 1: Cauchy10 (button) collected ($0.25)
Seat 2: WhiteDeath55 (small blind) folded before Flop
Seat 3: Ytowo (big blind) folded before Flop
Seat 4: HubertusB folded before Flop (didn't bet)
Seat 5: krizh1985 folded before Flop (didn't bet)
Seat 6: piiizzaaa folded before Flop (didn't bet)



PokerStars Zoom Hand #175933256949:  Hold'em No Limit ($0.05/$0.10) - 2017/09/21 23:41:37 CCT [2017/09/21 11:41:37 ET]
Table 'Aludra' 6-max Seat #1 is the button
Seat 1: StefanFatime ($21.37 in chips) 
Seat 2: HubertusB ($9.89 in chips) 
Seat 3: lealko14 ($38.22 in chips) 
Seat 4: Sim649 ($7.33 in chips) 
Seat 5: wtf1mWoN ($8.96 in chips) 
Seat 6: scl63 ($4.70 in chips) 
HubertusB: posts small blind $0.05
lealko14: posts big blind $0.10
*** HOLE CARDS ***
Dealt to HubertusB [Th 7d]
Sim649: folds 
wtf1mWoN: raises $0.20 to $0.30
scl63: calls $0.30
StefanFatime: calls $0.30
HubertusB: raises $1 to $1.30
lealko14: folds 
wtf1mWoN: folds 
scl63: calls $1
StefanFatime: calls $1
*** FLOP *** [2d 8s 4s]
HubertusB: bets $2.10
scl63: folds 
StefanFatime: calls $2.10
*** TURN *** [2d 8s 4s] [8h]
HubertusB: bets $6.49 and is all-in
StefanFatime: calls $6.49
*** RIVER *** [2d 8s 4s 8h] [9d]
*** SHOW DOWN ***
HubertusB: shows [Th 7d] (a pair of Eights)
StefanFatime: shows [Jd Js] (two pair, Jacks and Eights)
StefanFatime collected $20.51 from pot
*** SUMMARY ***
Total pot $21.48 | Rake $0.97 
Board [2d 8s 4s 8h 9d]
Seat 1: StefanFatime (button) showed [Jd Js] and won ($20.51) with two pair, Jacks and Eights
Seat 2: HubertusB (small blind) showed [Th 7d] and lost with a pair of Eights
Seat 3: lealko14 (big blind) folded before Flop
Seat 4: Sim649 folded before Flop (didn't bet)
Seat 5: wtf1mWoN folded before Flop
Seat 6: scl63 folded on the Flop



PokerStars Zoom Hand #175933312302:  Hold'em No Limit ($0.05/$0.10) - 2017/09/21 23:43:08 CCT [2017/09/21 11:43:08 ET]
Table 'Aludra' 6-max Seat #1 is the button
Seat 1: EffOrt100% ($11.16 in chips) 
Seat 2: west green88 ($30.25 in chips) 
Seat 3: acid1975x ($16.28 in chips) 
Seat 4: jojo44ii ($10.96 in chips) 
Seat 5: HubertusB ($9.70 in chips) 
Seat 6: sirkai1980 ($3.70 in chips) 
west green88: posts small blind $0.05
acid1975x: posts big blind $0.10
*** HOLE CARDS ***
Dealt to HubertusB [7d Td]
jojo44ii: folds 
HubertusB has timed out
HubertusB: folds 
sirkai1980: raises $0.10 to $0.20
EffOrt100%: folds 
west green88: folds 
acid1975x: folds 
Uncalled bet ($0.10) returned to sirkai1980
sirkai1980 collected $0.25 from pot
sirkai1980: doesn't show hand 
*** SUMMARY ***
Total pot $0.25 | Rake $0 
Seat 1: EffOrt100% (button) folded before Flop (didn't bet)
Seat 2: west green88 (small blind) folded before Flop
Seat 3: acid1975x (big blind) folded before Flop
Seat 4: jojo44ii folded before Flop (didn't bet)
Seat 5: HubertusB folded before Flop (didn't bet)
Seat 6: sirkai1980 collected ($0.25)



