PokerStars Zoom Hand #177281115266:  Hold'em No Limit ($0.02/$0.05) - 2017/10/23 23:18:57 CCT [2017/10/23 11:18:57 ET]
Table 'Donati' 6-max Seat #1 is the button
Seat 1: X ROCK POP X ($4.79 in chips) 
Seat 2: b1tman ($3.01 in chips) 
Seat 3: HubertusB ($5 in chips) 
Seat 4: Dimba31 ($5 in chips) 
Seat 5: Thanator84 ($11.34 in chips) 
Seat 6: X.MatuS ($7.45 in chips) 
b1tman: posts small blind $0.02
HubertusB: posts big blind $0.05
*** HOLE CARDS ***
Dealt to HubertusB [7h Td]
Dimba31: folds 
Thanator84: raises $0.10 to $0.15
X.MatuS: folds 
X ROCK POP X: folds 
b1tman: folds 
HubertusB: folds 
Uncalled bet ($0.10) returned to Thanator84
Thanator84 collected $0.12 from pot
Thanator84: doesn't show hand 
*** SUMMARY ***
Total pot $0.12 | Rake $0 
Seat 1: X ROCK POP X (button) folded before Flop (didn't bet)
Seat 2: b1tman (small blind) folded before Flop
Seat 3: HubertusB (big blind) folded before Flop
Seat 4: Dimba31 folded before Flop (didn't bet)
Seat 5: Thanator84 collected ($0.12)
Seat 6: X.MatuS folded before Flop (didn't bet)



PokerStars Zoom Hand #177281128658:  Hold'em No Limit ($0.02/$0.05) - 2017/10/23 23:19:19 CCT [2017/10/23 11:19:19 ET]
Table 'Donati' 6-max Seat #1 is the button
Seat 1: denpv ($7.82 in chips) 
Seat 2: HubertusB ($4.95 in chips) 
Seat 3: SardonicusM ($6.67 in chips) 
Seat 4: MustJokker ($5.13 in chips) 
Seat 5: ODIN-23-ua ($5.81 in chips) 
Seat 6: samoha1984 ($2.31 in chips) 
HubertusB: posts small blind $0.02
SardonicusM: posts big blind $0.05
*** HOLE CARDS ***
Dealt to HubertusB [4h 4s]
MustJokker: folds 
ODIN-23-ua: folds 
samoha1984: raises $0.05 to $0.10
denpv: folds 
HubertusB: folds 
SardonicusM: folds 
Uncalled bet ($0.05) returned to samoha1984
samoha1984 collected $0.12 from pot
samoha1984: doesn't show hand 
*** SUMMARY ***
Total pot $0.12 | Rake $0 
Seat 1: denpv (button) folded before Flop (didn't bet)
Seat 2: HubertusB (small blind) folded before Flop
Seat 3: SardonicusM (big blind) folded before Flop
Seat 4: MustJokker folded before Flop (didn't bet)
Seat 5: ODIN-23-ua folded before Flop (didn't bet)
Seat 6: samoha1984 collected ($0.12)



PokerStars Zoom Hand #177281134931:  Hold'em No Limit ($0.02/$0.05) - 2017/10/23 23:19:29 CCT [2017/10/23 11:19:29 ET]
Table 'Donati' 6-max Seat #1 is the button
Seat 1: HubertusB ($4.93 in chips) 
Seat 2: prochy1909 ($5 in chips) 
Seat 3: HiddenPool19 ($3.72 in chips) 
Seat 4: V_abogados_S ($8.09 in chips) 
Seat 5: $eichfuch$ ($9.67 in chips) 
Seat 6: bantatsu ($5.29 in chips) 
prochy1909: posts small blind $0.02
HiddenPool19: posts big blind $0.05
*** HOLE CARDS ***
Dealt to HubertusB [3s 2h]
V_abogados_S: folds 
$eichfuch$: folds 
bantatsu: folds 
HubertusB: folds 
prochy1909: folds 
Uncalled bet ($0.03) returned to HiddenPool19
HiddenPool19 collected $0.04 from pot
HiddenPool19: doesn't show hand 
*** SUMMARY ***
Total pot $0.04 | Rake $0 
Seat 1: HubertusB (button) folded before Flop (didn't bet)
Seat 2: prochy1909 (small blind) folded before Flop
Seat 3: HiddenPool19 (big blind) collected ($0.04)
Seat 4: V_abogados_S folded before Flop (didn't bet)
Seat 5: $eichfuch$ folded before Flop (didn't bet)
Seat 6: bantatsu folded before Flop (didn't bet)



PokerStars Zoom Hand #177281138487:  Hold'em No Limit ($0.02/$0.05) - 2017/10/23 23:19:35 CCT [2017/10/23 11:19:35 ET]
Table 'Donati' 6-max Seat #1 is the button
Seat 1: couchmichel ($5.02 in chips) 
Seat 2: EasyGamerrr ($5 in chips) 
Seat 3: matanPS ($5.02 in chips) 
Seat 4: danjmekeru ($5 in chips) 
Seat 5: HubertusB ($4.93 in chips) 
Seat 6: Limbo777 ($5 in chips) 
EasyGamerrr: posts small blind $0.02
matanPS: posts big blind $0.05
*** HOLE CARDS ***
Dealt to HubertusB [2h Tc]
danjmekeru: folds 
HubertusB: folds 
Limbo777: folds 
couchmichel: folds 
EasyGamerrr: folds 
Uncalled bet ($0.03) returned to matanPS
matanPS collected $0.04 from pot
matanPS: doesn't show hand 
*** SUMMARY ***
Total pot $0.04 | Rake $0 
Seat 1: couchmichel (button) folded before Flop (didn't bet)
Seat 2: EasyGamerrr (small blind) folded before Flop
Seat 3: matanPS (big blind) collected ($0.04)
Seat 4: danjmekeru folded before Flop (didn't bet)
Seat 5: HubertusB folded before Flop (didn't bet)
Seat 6: Limbo777 folded before Flop (didn't bet)



PokerStars Zoom Hand #177281152959:  Hold'em No Limit ($0.02/$0.05) - 2017/10/23 23:19:59 CCT [2017/10/23 11:19:59 ET]
Table 'Donati' 6-max Seat #1 is the button
Seat 1: HumsiHulahub ($5.99 in chips) 
Seat 2: Marcicheku ($10.63 in chips) 
Seat 3: HubertusB ($4.91 in chips) 
Seat 4: 76d4 ($5.32 in chips) 
Seat 5: timurilla7 ($5.46 in chips) 
Seat 6: boomkoz ($13.47 in chips) 
Marcicheku: posts small blind $0.02
HubertusB: posts big blind $0.05
*** HOLE CARDS ***
Dealt to HubertusB [Jc 4c]
76d4: folds 
timurilla7: folds 
boomkoz: folds 
HumsiHulahub: folds 
Marcicheku: folds 
Uncalled bet ($0.03) returned to HubertusB
HubertusB collected $0.04 from pot
HubertusB: doesn't show hand 
*** SUMMARY ***
Total pot $0.04 | Rake $0 
Seat 1: HumsiHulahub (button) folded before Flop (didn't bet)
Seat 2: Marcicheku (small blind) folded before Flop
Seat 3: HubertusB (big blind) collected ($0.04)
Seat 4: 76d4 folded before Flop (didn't bet)
Seat 5: timurilla7 folded before Flop (didn't bet)
Seat 6: boomkoz folded before Flop (didn't bet)



PokerStars Zoom Hand #177281141459:  Hold'em No Limit ($0.02/$0.05) - 2017/10/23 23:19:40 CCT [2017/10/23 11:19:40 ET]
Table 'Donati' 6-max Seat #1 is the button
Seat 1: X.MatuS ($5.56 in chips) 
Seat 2: Balu199005 ($4.23 in chips) 
Seat 3: GuardCorp ($5.43 in chips) 
Seat 4: Draber06 ($5.95 in chips) 
Seat 5: padde886 ($5 in chips) 
Seat 6: HubertusB ($4.93 in chips) 
Balu199005: posts small blind $0.02
GuardCorp: posts big blind $0.05
*** HOLE CARDS ***
Dealt to HubertusB [3d 9h]
Draber06: raises $0.09 to $0.14
padde886: folds 
HubertusB: folds 
X.MatuS: folds 
Balu199005: calls $0.12
GuardCorp: folds 
*** FLOP *** [Ac Jh 2s]
Balu199005: bets $0.15
Draber06: calls $0.15
*** TURN *** [Ac Jh 2s] [4h]
Balu199005: bets $0.30
Draber06: calls $0.30
*** RIVER *** [Ac Jh 2s 4h] [9c]
Balu199005: bets $0.60
Draber06: calls $0.60
*** SHOW DOWN ***
Balu199005: shows [8c Qc] (high card Ace)
Draber06: shows [5s As] (a pair of Aces)
Draber06 collected $2.33 from pot
*** SUMMARY ***
Total pot $2.43 | Rake $0.10 
Board [Ac Jh 2s 4h 9c]
Seat 1: X.MatuS (button) folded before Flop (didn't bet)
Seat 2: Balu199005 (small blind) showed [8c Qc] and lost with high card Ace
Seat 3: GuardCorp (big blind) folded before Flop
Seat 4: Draber06 showed [5s As] and won ($2.33) with a pair of Aces
Seat 5: padde886 folded before Flop (didn't bet)
Seat 6: HubertusB folded before Flop (didn't bet)



PokerStars Zoom Hand #177281148056:  Hold'em No Limit ($0.02/$0.05) - 2017/10/23 23:19:51 CCT [2017/10/23 11:19:51 ET]
Table 'Donati' 6-max Seat #1 is the button
Seat 1: WisherBG ($5.11 in chips) 
Seat 2: HubertusB ($4.93 in chips) 
Seat 3: jIMMY123487 ($7.57 in chips) 
Seat 4: Justus1909 ($6.03 in chips) 
Seat 5: RinkoYamada ($6.93 in chips) 
Seat 6: Mistylia ($5.61 in chips) 
HubertusB: posts small blind $0.02
jIMMY123487: posts big blind $0.05
*** HOLE CARDS ***
Dealt to HubertusB [7d 9c]
Justus1909: folds 
RinkoYamada: folds 
Mistylia: folds 
WisherBG: raises $0.05 to $0.10
HubertusB: folds 
jIMMY123487: calls $0.05
*** FLOP *** [9s 5d 6c]
jIMMY123487: bets $0.11
WisherBG: calls $0.11
*** TURN *** [9s 5d 6c] [8s]
jIMMY123487: checks 
WisherBG: checks 
*** RIVER *** [9s 5d 6c 8s] [Td]
jIMMY123487: bets $0.31
WisherBG: folds 
Uncalled bet ($0.31) returned to jIMMY123487
jIMMY123487 collected $0.42 from pot
jIMMY123487: doesn't show hand 
*** SUMMARY ***
Total pot $0.44 | Rake $0.02 
Board [9s 5d 6c 8s Td]
Seat 1: WisherBG (button) folded on the River
Seat 2: HubertusB (small blind) folded before Flop
Seat 3: jIMMY123487 (big blind) collected ($0.42)
Seat 4: Justus1909 folded before Flop (didn't bet)
Seat 5: RinkoYamada folded before Flop (didn't bet)
Seat 6: Mistylia folded before Flop (didn't bet)



PokerStars Zoom Hand #177281145065:  Hold'em No Limit ($0.02/$0.05) - 2017/10/23 23:19:46 CCT [2017/10/23 11:19:46 ET]
Table 'Donati' 6-max Seat #1 is the button
Seat 1: Mac_Bys ($3.88 in chips) 
Seat 2: Morgot339 ($5.89 in chips) 
Seat 3: wilburdodd ($5.35 in chips) 
Seat 4: Boobslap ($8.16 in chips) 
Seat 5: HubertusB ($4.93 in chips) 
Seat 6: 2cesCracked ($5.10 in chips) 
Morgot339: posts small blind $0.02
wilburdodd: posts big blind $0.05
*** HOLE CARDS ***
Dealt to HubertusB [2d 9h]
Boobslap: folds 
HubertusB: folds 
2cesCracked: raises $0.12 to $0.17
Mac_Bys: calls $0.17
Morgot339: folds 
wilburdodd: folds 
*** FLOP *** [7s 4h Qs]
2cesCracked: checks 
Mac_Bys: checks 
*** TURN *** [7s 4h Qs] [8h]
2cesCracked: bets $0.25
Mac_Bys: calls $0.25
*** RIVER *** [7s 4h Qs 8h] [5h]
2cesCracked: checks 
Mac_Bys: checks 
*** SHOW DOWN ***
2cesCracked: shows [9d Qd] (a pair of Queens)
Mac_Bys: mucks hand 
2cesCracked collected $0.87 from pot
*** SUMMARY ***
Total pot $0.91 | Rake $0.04 
Board [7s 4h Qs 8h 5h]
Seat 1: Mac_Bys (button) mucked [8c Ac]
Seat 2: Morgot339 (small blind) folded before Flop
Seat 3: wilburdodd (big blind) folded before Flop
Seat 4: Boobslap folded before Flop (didn't bet)
Seat 5: HubertusB folded before Flop (didn't bet)
Seat 6: 2cesCracked showed [9d Qd] and won ($0.87) with a pair of Queens



PokerStars Zoom Hand #177281159767:  Hold'em No Limit ($0.02/$0.05) - 2017/10/23 23:20:10 CCT [2017/10/23 11:20:10 ET]
Table 'Donati' 6-max Seat #1 is the button
Seat 1: HubertusB ($4.93 in chips) 
Seat 2: BigggieCalls ($5.36 in chips) 
Seat 3: polybomy ($7.08 in chips) 
Seat 4: yochi29 ($5 in chips) 
Seat 5: coalman1981 ($11.60 in chips) 
Seat 6: flomacter646 ($4.95 in chips) 
BigggieCalls: posts small blind $0.02
polybomy: posts big blind $0.05
*** HOLE CARDS ***
Dealt to HubertusB [3s 3h]
yochi29: folds 
coalman1981: raises $0.05 to $0.10
flomacter646: folds 
HubertusB: calls $0.10
BigggieCalls: folds 
polybomy: calls $0.05
*** FLOP *** [7s Ks Kc]
polybomy: checks 
coalman1981: bets $0.16
HubertusB: folds 
polybomy: folds 
Uncalled bet ($0.16) returned to coalman1981
coalman1981 collected $0.31 from pot
coalman1981: doesn't show hand 
*** SUMMARY ***
Total pot $0.32 | Rake $0.01 
Board [7s Ks Kc]
Seat 1: HubertusB (button) folded on the Flop
Seat 2: BigggieCalls (small blind) folded before Flop
Seat 3: polybomy (big blind) folded on the Flop
Seat 4: yochi29 folded before Flop (didn't bet)
Seat 5: coalman1981 collected ($0.31)
Seat 6: flomacter646 folded before Flop (didn't bet)



PokerStars Zoom Hand #177281175422:  Hold'em No Limit ($0.02/$0.05) - 2017/10/23 23:20:36 CCT [2017/10/23 11:20:36 ET]
Table 'Donati' 6-max Seat #1 is the button
Seat 1: Hyd SK ($8.17 in chips) 
Seat 2: prochy1909 ($5.09 in chips) 
Seat 3: flomacter646 ($4.93 in chips) 
Seat 4: HubertusB ($4.83 in chips) 
Seat 5: borntamer ($5 in chips) 
Seat 6: snapA$AP ($7.29 in chips) 
prochy1909: posts small blind $0.02
flomacter646: posts big blind $0.05
*** HOLE CARDS ***
Dealt to HubertusB [6d 3c]
HubertusB: folds 
borntamer: folds 
snapA$AP: folds 
Hyd SK: folds 
prochy1909: raises $0.10 to $0.15
flomacter646: folds 
Uncalled bet ($0.10) returned to prochy1909
prochy1909 collected $0.10 from pot
prochy1909: doesn't show hand 
*** SUMMARY ***
Total pot $0.10 | Rake $0 
Seat 1: Hyd SK (button) folded before Flop (didn't bet)
Seat 2: prochy1909 (small blind) collected ($0.10)
Seat 3: flomacter646 (big blind) folded before Flop
Seat 4: HubertusB folded before Flop (didn't bet)
Seat 5: borntamer folded before Flop (didn't bet)
Seat 6: snapA$AP folded before Flop (didn't bet)



PokerStars Zoom Hand #177281177796:  Hold'em No Limit ($0.02/$0.05) - 2017/10/23 23:20:40 CCT [2017/10/23 11:20:40 ET]
Table 'Donati' 6-max Seat #1 is the button
Seat 1: Mooney821 ($6.39 in chips) 
Seat 2: numelen ($6.97 in chips) 
Seat 3: Scoobady ($4.63 in chips) 
Seat 4: neverajd ($7.97 in chips) 
Seat 5: darlika774 ($6.14 in chips) 
Seat 6: HubertusB ($4.83 in chips) 
numelen: posts small blind $0.02
Scoobady: posts big blind $0.05
*** HOLE CARDS ***
Dealt to HubertusB [7d Ad]
neverajd: raises $0.05 to $0.10
darlika774: folds 
HubertusB: calls $0.10
Mooney821: calls $0.10
numelen: folds 
Scoobady: folds 
*** FLOP *** [5h 4s 6h]
neverajd: bets $0.10
HubertusB: calls $0.10
Mooney821: folds 
*** TURN *** [5h 4s 6h] [3s]
neverajd: bets $0.25
HubertusB: raises $0.70 to $0.95
neverajd: folds 
Uncalled bet ($0.70) returned to HubertusB
HubertusB collected $1.03 from pot
HubertusB: doesn't show hand 
*** SUMMARY ***
Total pot $1.07 | Rake $0.04 
Board [5h 4s 6h 3s]
Seat 1: Mooney821 (button) folded on the Flop
Seat 2: numelen (small blind) folded before Flop
Seat 3: Scoobady (big blind) folded before Flop
Seat 4: neverajd folded on the Turn
Seat 5: darlika774 folded before Flop (didn't bet)
Seat 6: HubertusB collected ($1.03)



PokerStars Zoom Hand #177281207441:  Hold'em No Limit ($0.02/$0.05) - 2017/10/23 23:21:29 CCT [2017/10/23 11:21:29 ET]
Table 'Donati' 6-max Seat #1 is the button
Seat 1: make my d938 ($4.62 in chips) 
Seat 2: HubertusB ($5.41 in chips) 
Seat 3: xun222 ($9.96 in chips) 
Seat 4: boomkoz ($13.38 in chips) 
Seat 5: paradiseg174 ($6.30 in chips) 
Seat 6: qk rodriguez ($6.55 in chips) 
HubertusB: posts small blind $0.02
xun222: posts big blind $0.05
*** HOLE CARDS ***
Dealt to HubertusB [5c 7c]
boomkoz: folds 
paradiseg174: folds 
qk rodriguez: folds 
make my d938: raises $0.10 to $0.15
HubertusB: folds 
xun222: folds 
Uncalled bet ($0.10) returned to make my d938
make my d938 collected $0.12 from pot
make my d938: doesn't show hand 
*** SUMMARY ***
Total pot $0.12 | Rake $0 
Seat 1: make my d938 (button) collected ($0.12)
Seat 2: HubertusB (small blind) folded before Flop
Seat 3: xun222 (big blind) folded before Flop
Seat 4: boomkoz folded before Flop (didn't bet)
Seat 5: paradiseg174 folded before Flop (didn't bet)
Seat 6: qk rodriguez folded before Flop (didn't bet)



PokerStars Zoom Hand #177281210387:  Hold'em No Limit ($0.02/$0.05) - 2017/10/23 23:21:34 CCT [2017/10/23 11:21:34 ET]
Table 'Donati' 6-max Seat #1 is the button
Seat 1: hlaek ($5 in chips) 
Seat 2: afraq ($4.92 in chips) 
Seat 3: Friisbak ($5 in chips) 
Seat 4: Marvelous19 ($5 in chips) 
Seat 5: HubertusB ($5.39 in chips) 
Seat 6: 2cesCracked ($5 in chips) 
afraq: posts small blind $0.02
Friisbak: posts big blind $0.05
*** HOLE CARDS ***
Dealt to HubertusB [7h Th]
Marvelous19: folds 
HubertusB: raises $0.05 to $0.10
2cesCracked: folds 
hlaek: folds 
afraq: folds 
Friisbak: calls $0.05
*** FLOP *** [Jc Kh 9d]
Friisbak: bets $0.10
HubertusB: folds 
Uncalled bet ($0.10) returned to Friisbak
Friisbak collected $0.21 from pot
Friisbak: doesn't show hand 
*** SUMMARY ***
Total pot $0.22 | Rake $0.01 
Board [Jc Kh 9d]
Seat 1: hlaek (button) folded before Flop (didn't bet)
Seat 2: afraq (small blind) folded before Flop
Seat 3: Friisbak (big blind) collected ($0.21)
Seat 4: Marvelous19 folded before Flop (didn't bet)
Seat 5: HubertusB folded on the Flop
Seat 6: 2cesCracked folded before Flop (didn't bet)



PokerStars Zoom Hand #177281221178:  Hold'em No Limit ($0.02/$0.05) - 2017/10/23 23:21:52 CCT [2017/10/23 11:21:52 ET]
Table 'Donati' 6-max Seat #1 is the button
Seat 1: 76d4 ($5.42 in chips) 
Seat 2: yaroslav932 ($1.19 in chips) 
Seat 3: HubertusB ($5.29 in chips) 
Seat 4: X.MatuS ($5.27 in chips) 
Seat 5: Dennybm ($6.57 in chips) 
Seat 6: Akutagawa ($5.40 in chips) 
yaroslav932: posts small blind $0.02
HubertusB: posts big blind $0.05
*** HOLE CARDS ***
Dealt to HubertusB [Kc 6h]
X.MatuS: folds 
Dennybm: folds 
Akutagawa: folds 
76d4: folds 
yaroslav932: calls $0.03
HubertusB: checks 
*** FLOP *** [8d 9c Ts]
yaroslav932: bets $0.05
HubertusB: folds 
Uncalled bet ($0.05) returned to yaroslav932
yaroslav932 collected $0.10 from pot
yaroslav932: doesn't show hand 
*** SUMMARY ***
Total pot $0.10 | Rake $0 
Board [8d 9c Ts]
Seat 1: 76d4 (button) folded before Flop (didn't bet)
Seat 2: yaroslav932 (small blind) collected ($0.10)
Seat 3: HubertusB (big blind) folded on the Flop
Seat 4: X.MatuS folded before Flop (didn't bet)
Seat 5: Dennybm folded before Flop (didn't bet)
Seat 6: Akutagawa folded before Flop (didn't bet)



PokerStars Zoom Hand #177281234963:  Hold'em No Limit ($0.02/$0.05) - 2017/10/23 23:22:15 CCT [2017/10/23 11:22:15 ET]
Table 'Donati' 6-max Seat #1 is the button
Seat 1: HubertusB ($5.24 in chips) 
Seat 2: Lim.Edition ($8.75 in chips) 
Seat 3: docent3366 ($10.11 in chips) 
Seat 4: phoenix2sun ($4.67 in chips) 
Seat 5: Alarmaz ($9.74 in chips) 
Seat 6: Draggastoi ($6.47 in chips) 
Lim.Edition: posts small blind $0.02
docent3366: posts big blind $0.05
*** HOLE CARDS ***
Dealt to HubertusB [As 7s]
phoenix2sun: folds 
Alarmaz: folds 
Draggastoi: folds 
HubertusB: raises $0.05 to $0.10
Lim.Edition: folds 
docent3366: folds 
Uncalled bet ($0.05) returned to HubertusB
HubertusB collected $0.12 from pot
HubertusB: doesn't show hand 
*** SUMMARY ***
Total pot $0.12 | Rake $0 
Seat 1: HubertusB (button) collected ($0.12)
Seat 2: Lim.Edition (small blind) folded before Flop
Seat 3: docent3366 (big blind) folded before Flop
Seat 4: phoenix2sun folded before Flop (didn't bet)
Seat 5: Alarmaz folded before Flop (didn't bet)
Seat 6: Draggastoi folded before Flop (didn't bet)



PokerStars Zoom Hand #177281245199:  Hold'em No Limit ($0.02/$0.05) - 2017/10/23 23:22:32 CCT [2017/10/23 11:22:32 ET]
Table 'Donati' 6-max Seat #1 is the button
Seat 1: 27JokerV ($6.75 in chips) 
Seat 2: howugodonk ($5.19 in chips) 
Seat 3: rzeszow17 ($5 in chips) 
Seat 4: HubertusB ($5.31 in chips) 
Seat 5: prochy1909 ($17.43 in chips) 
Seat 6: padde886 ($5.52 in chips) 
howugodonk: posts small blind $0.02
rzeszow17: posts big blind $0.05
*** HOLE CARDS ***
Dealt to HubertusB [3s Qd]
HubertusB: folds 
prochy1909: folds 
padde886: folds 
27JokerV: folds 
howugodonk: raises $0.10 to $0.15
rzeszow17: folds 
Uncalled bet ($0.10) returned to howugodonk
howugodonk collected $0.10 from pot
howugodonk: doesn't show hand 
*** SUMMARY ***
Total pot $0.10 | Rake $0 
Seat 1: 27JokerV (button) folded before Flop (didn't bet)
Seat 2: howugodonk (small blind) collected ($0.10)
Seat 3: rzeszow17 (big blind) folded before Flop
Seat 4: HubertusB folded before Flop (didn't bet)
Seat 5: prochy1909 folded before Flop (didn't bet)
Seat 6: padde886 folded before Flop (didn't bet)



PokerStars Zoom Hand #177281251256:  Hold'em No Limit ($0.02/$0.05) - 2017/10/23 23:22:42 CCT [2017/10/23 11:22:42 ET]
Table 'Donati' 6-max Seat #1 is the button
Seat 1: LUST!942 ($8.45 in chips) 
Seat 2: FantomAsasin ($5.23 in chips) 
Seat 3: HubertusB ($5.31 in chips) 
Seat 4: MrSuperior ($4 in chips) 
Seat 5: krzmis ($6.69 in chips) 
Seat 6: Morgot339 ($6.15 in chips) 
FantomAsasin: posts small blind $0.02
HubertusB: posts big blind $0.05
*** HOLE CARDS ***
Dealt to HubertusB [7s 6h]
MrSuperior: folds 
krzmis: folds 
Morgot339: raises $0.10 to $0.15
LUST!942: folds 
FantomAsasin: calls $0.13
HubertusB: folds 
*** FLOP *** [Th Jc 7d]
FantomAsasin: checks 
Morgot339: bets $0.23
FantomAsasin: folds 
Uncalled bet ($0.23) returned to Morgot339
Morgot339 collected $0.34 from pot
Morgot339: doesn't show hand 
*** SUMMARY ***
Total pot $0.35 | Rake $0.01 
Board [Th Jc 7d]
Seat 1: LUST!942 (button) folded before Flop (didn't bet)
Seat 2: FantomAsasin (small blind) folded on the Flop
Seat 3: HubertusB (big blind) folded before Flop
Seat 4: MrSuperior folded before Flop (didn't bet)
Seat 5: krzmis folded before Flop (didn't bet)
Seat 6: Morgot339 collected ($0.34)



PokerStars Zoom Hand #177281262157:  Hold'em No Limit ($0.02/$0.05) - 2017/10/23 23:23:00 CCT [2017/10/23 11:23:00 ET]
Table 'Donati' 6-max Seat #1 is the button
Seat 1: dardiman ($3.78 in chips) 
Seat 2: HubertusB ($5.26 in chips) 
Seat 3: MustJokker ($5.47 in chips) 
Seat 4: nastya_gerl ($2.13 in chips) 
Seat 5: Oliana88 ($5.17 in chips) 
Seat 6: Htufty ($5.81 in chips) 
HubertusB: posts small blind $0.02
MustJokker: posts big blind $0.05
*** HOLE CARDS ***
Dealt to HubertusB [3h 9s]
nastya_gerl: folds 
Oliana88: folds 
Htufty: folds 
dardiman: calls $0.05
HubertusB: folds 
MustJokker: checks 
*** FLOP *** [Qd 2c 3s]
MustJokker: checks 
dardiman: checks 
*** TURN *** [Qd 2c 3s] [6c]
MustJokker: checks 
dardiman: checks 
*** RIVER *** [Qd 2c 3s 6c] [Jh]
MustJokker: checks 
dardiman: checks 
*** SHOW DOWN ***
MustJokker: shows [3d 7d] (a pair of Threes)
dardiman: mucks hand 
MustJokker collected $0.12 from pot
*** SUMMARY ***
Total pot $0.12 | Rake $0 
Board [Qd 2c 3s 6c Jh]
Seat 1: dardiman (button) mucked [7s As]
Seat 2: HubertusB (small blind) folded before Flop
Seat 3: MustJokker (big blind) showed [3d 7d] and won ($0.12) with a pair of Threes
Seat 4: nastya_gerl folded before Flop (didn't bet)
Seat 5: Oliana88 folded before Flop (didn't bet)
Seat 6: Htufty folded before Flop (didn't bet)



PokerStars Zoom Hand #177281248264:  Hold'em No Limit ($0.02/$0.05) - 2017/10/23 23:22:37 CCT [2017/10/23 11:22:37 ET]
Table 'Donati' 6-max Seat #1 is the button
Seat 1: matanPS ($5.62 in chips) 
Seat 2: Mooney821 ($6.71 in chips) 
Seat 3: Hyd SK ($6.01 in chips) 
Seat 4: borntamer ($5.18 in chips) 
Seat 5: danjmekeru ($5.10 in chips) 
Seat 6: HubertusB ($5.31 in chips) 
Mooney821: posts small blind $0.02
Hyd SK: posts big blind $0.05
*** HOLE CARDS ***
Dealt to HubertusB [8c 9d]
borntamer: raises $0.07 to $0.12
danjmekeru: folds 
HubertusB: folds 
matanPS: folds 
Mooney821: calls $0.10
Hyd SK: folds 
*** FLOP *** [4d Jh Kc]
Mooney821: checks 
borntamer: checks 
*** TURN *** [4d Jh Kc] [3c]
Mooney821: bets $0.18
borntamer: folds 
Uncalled bet ($0.18) returned to Mooney821
Mooney821 collected $0.28 from pot
Mooney821: doesn't show hand 
*** SUMMARY ***
Total pot $0.29 | Rake $0.01 
Board [4d Jh Kc 3c]
Seat 1: matanPS (button) folded before Flop (didn't bet)
Seat 2: Mooney821 (small blind) collected ($0.28)
Seat 3: Hyd SK (big blind) folded before Flop
Seat 4: borntamer folded on the Turn
Seat 5: danjmekeru folded before Flop (didn't bet)
Seat 6: HubertusB folded before Flop (didn't bet)



PokerStars Zoom Hand #177281257285:  Hold'em No Limit ($0.02/$0.05) - 2017/10/23 23:22:52 CCT [2017/10/23 11:22:52 ET]
Table 'Donati' 6-max Seat #1 is the button
Seat 1: Fikcyjny ($22.68 in chips) 
Seat 2: justchill198 ($5.85 in chips) 
Seat 3: HumsiHulahub ($5 in chips) 
Seat 4: ooiaooao ($6.20 in chips) 
Seat 5: HubertusB ($5.26 in chips) 
Seat 6: xxJesseGxx ($6.80 in chips) 
justchill198: posts small blind $0.02
HumsiHulahub: posts big blind $0.05
*** HOLE CARDS ***
Dealt to HubertusB [Js 6c]
ooiaooao: folds 
HubertusB: folds 
xxJesseGxx: folds 
Fikcyjny: folds 
justchill198: raises $0.10 to $0.15
HumsiHulahub: calls $0.10
*** FLOP *** [6d 8h Jh]
justchill198: bets $0.16
HumsiHulahub: folds 
Uncalled bet ($0.16) returned to justchill198
justchill198 collected $0.29 from pot
justchill198: doesn't show hand 
*** SUMMARY ***
Total pot $0.30 | Rake $0.01 
Board [6d 8h Jh]
Seat 1: Fikcyjny (button) folded before Flop (didn't bet)
Seat 2: justchill198 (small blind) collected ($0.29)
Seat 3: HumsiHulahub (big blind) folded on the Flop
Seat 4: ooiaooao folded before Flop (didn't bet)
Seat 5: HubertusB folded before Flop (didn't bet)
Seat 6: xxJesseGxx folded before Flop (didn't bet)



PokerStars Zoom Hand #177281273754:  Hold'em No Limit ($0.02/$0.05) - 2017/10/23 23:23:19 CCT [2017/10/23 11:23:19 ET]
Table 'Donati' 6-max Seat #1 is the button
Seat 1: Toxa512 ($5.84 in chips) 
Seat 2: Deariska ($4.71 in chips) 
Seat 3: 2cesCracked ($10.50 in chips) 
Seat 4: HubertusB ($5.24 in chips) 
Seat 5: Thanator84 ($12.66 in chips) 
Seat 6: semarg1 ($1.79 in chips) 
Deariska: posts small blind $0.02
2cesCracked: posts big blind $0.05
*** HOLE CARDS ***
Dealt to HubertusB [Jd Kd]
HubertusB: raises $0.05 to $0.10
Thanator84: raises $0.30 to $0.40
semarg1: folds 
Toxa512: folds 
Deariska: folds 
2cesCracked: folds 
HubertusB: folds 
Uncalled bet ($0.30) returned to Thanator84
Thanator84 collected $0.27 from pot
Thanator84: doesn't show hand 
*** SUMMARY ***
Total pot $0.27 | Rake $0 
Seat 1: Toxa512 (button) folded before Flop (didn't bet)
Seat 2: Deariska (small blind) folded before Flop
Seat 3: 2cesCracked (big blind) folded before Flop
Seat 4: HubertusB folded before Flop
Seat 5: Thanator84 collected ($0.27)
Seat 6: semarg1 folded before Flop (didn't bet)



PokerStars Zoom Hand #177281266526:  Hold'em No Limit ($0.02/$0.05) - 2017/10/23 23:23:07 CCT [2017/10/23 11:23:07 ET]
Table 'Donati' 6-max Seat #1 is the button
Seat 1: HubertusB ($5.24 in chips) 
Seat 2: Justus1909 ($7.24 in chips) 
Seat 3: lll1112 ($16.45 in chips) 
Seat 4: Hyd SK ($5.65 in chips) 
Seat 5: Friisbak ($5.64 in chips) 
Seat 6: dörk411 ($5.55 in chips) 
Justus1909: posts small blind $0.02
lll1112: posts big blind $0.05
*** HOLE CARDS ***
Dealt to HubertusB [Th 3s]
Hyd SK: raises $0.07 to $0.12
Friisbak: folds 
dörk411: folds 
HubertusB: folds 
Justus1909: folds 
lll1112: calls $0.07
*** FLOP *** [7c Tc 6h]
lll1112: checks 
Hyd SK: checks 
*** TURN *** [7c Tc 6h] [6d]
lll1112: bets $0.13
Hyd SK: calls $0.13
*** RIVER *** [7c Tc 6h 6d] [Td]
lll1112: checks 
Hyd SK: checks 
*** SHOW DOWN ***
lll1112: shows [8d 8s] (two pair, Tens and Eights)
Hyd SK: shows [9s 9c] (two pair, Tens and Nines)
Hyd SK collected $0.50 from pot
*** SUMMARY ***
Total pot $0.52 | Rake $0.02 
Board [7c Tc 6h 6d Td]
Seat 1: HubertusB (button) folded before Flop (didn't bet)
Seat 2: Justus1909 (small blind) folded before Flop
Seat 3: lll1112 (big blind) showed [8d 8s] and lost with two pair, Tens and Eights
Seat 4: Hyd SK showed [9s 9c] and won ($0.50) with two pair, Tens and Nines
Seat 5: Friisbak folded before Flop (didn't bet)
Seat 6: dörk411 folded before Flop (didn't bet)



PokerStars Zoom Hand #177281283564:  Hold'em No Limit ($0.02/$0.05) - 2017/10/23 23:23:35 CCT [2017/10/23 11:23:35 ET]
Table 'Donati' 6-max Seat #1 is the button
Seat 1: justchill198 ($5.99 in chips) 
Seat 2: csebonite ($8.13 in chips) 
Seat 3: qk rodriguez ($17.57 in chips) 
Seat 4: Morgot339 ($6.36 in chips) 
Seat 5: Kerberus94 ($4.79 in chips) 
Seat 6: HubertusB ($5.14 in chips) 
csebonite: posts small blind $0.02
qk rodriguez: posts big blind $0.05
*** HOLE CARDS ***
Dealt to HubertusB [6h 7h]
Morgot339: folds 
Kerberus94: raises $0.10 to $0.15
HubertusB: folds 
justchill198: folds 
csebonite: folds 
qk rodriguez: folds 
Uncalled bet ($0.10) returned to Kerberus94
Kerberus94 collected $0.12 from pot
Kerberus94: doesn't show hand 
*** SUMMARY ***
Total pot $0.12 | Rake $0 
Seat 1: justchill198 (button) folded before Flop (didn't bet)
Seat 2: csebonite (small blind) folded before Flop
Seat 3: qk rodriguez (big blind) folded before Flop
Seat 4: Morgot339 folded before Flop (didn't bet)
Seat 5: Kerberus94 collected ($0.12)
Seat 6: HubertusB folded before Flop (didn't bet)



PokerStars Zoom Hand #177281288349:  Hold'em No Limit ($0.02/$0.05) - 2017/10/23 23:23:43 CCT [2017/10/23 11:23:43 ET]
Table 'Donati' 6-max Seat #1 is the button
Seat 1: Leonx98 ($5 in chips) 
Seat 2: qk rodriguez ($11.80 in chips) 
Seat 3: anasanto ($10.15 in chips) 
Seat 4: HubertusB ($5.14 in chips) 
Seat 5: 2hady7 ($6.97 in chips) 
Seat 6: lll1112 ($16.18 in chips) 
qk rodriguez: posts small blind $0.02
anasanto: posts big blind $0.05
*** HOLE CARDS ***
Dealt to HubertusB [Th Kc]
HubertusB: folds 
2hady7: folds 
lll1112: folds 
Leonx98: raises $0.07 to $0.12
qk rodriguez: folds 
anasanto: raises $0.28 to $0.40
Leonx98: folds 
Uncalled bet ($0.28) returned to anasanto
anasanto collected $0.26 from pot
anasanto: doesn't show hand 
*** SUMMARY ***
Total pot $0.26 | Rake $0 
Seat 1: Leonx98 (button) folded before Flop
Seat 2: qk rodriguez (small blind) folded before Flop
Seat 3: anasanto (big blind) collected ($0.26)
Seat 4: HubertusB folded before Flop (didn't bet)
Seat 5: 2hady7 folded before Flop (didn't bet)
Seat 6: lll1112 folded before Flop (didn't bet)



PokerStars Zoom Hand #177281291391:  Hold'em No Limit ($0.02/$0.05) - 2017/10/23 23:23:48 CCT [2017/10/23 11:23:48 ET]
Table 'Donati' 6-max Seat #1 is the button
Seat 1: schiebo0109 ($8.64 in chips) 
Seat 2: Htufty ($11.18 in chips) 
Seat 3: HubertusB ($5.14 in chips) 
Seat 4: Raux17 ($26.89 in chips) 
Seat 5: totojkee ($5.57 in chips) 
Seat 6: 777vitaliy777 ($4.93 in chips) 
Htufty: posts small blind $0.02
HubertusB: posts big blind $0.05
*** HOLE CARDS ***
Dealt to HubertusB [7h 7s]
Raux17: folds 
totojkee: folds 
777vitaliy777: folds 
schiebo0109: raises $0.07 to $0.12
Htufty: folds 
HubertusB: raises $0.28 to $0.40
schiebo0109: folds 
Uncalled bet ($0.28) returned to HubertusB
HubertusB collected $0.26 from pot
HubertusB: doesn't show hand 
*** SUMMARY ***
Total pot $0.26 | Rake $0 
Seat 1: schiebo0109 (button) folded before Flop
Seat 2: Htufty (small blind) folded before Flop
Seat 3: HubertusB (big blind) collected ($0.26)
Seat 4: Raux17 folded before Flop (didn't bet)
Seat 5: totojkee folded before Flop (didn't bet)
Seat 6: 777vitaliy777 folded before Flop (didn't bet)



PokerStars Zoom Hand #177281306416:  Hold'em No Limit ($0.02/$0.05) - 2017/10/23 23:24:13 CCT [2017/10/23 11:24:13 ET]
Table 'Donati' 6-max Seat #1 is the button
Seat 1: magabas ($5 in chips) 
Seat 2: HubertusB ($5.28 in chips) 
Seat 3: ParfenKing ($4.23 in chips) 
Seat 4: SardonicusM ($6.71 in chips) 
Seat 5: PonasAurimas ($5.88 in chips) 
Seat 6: anthony19719 ($25.83 in chips) 
HubertusB: posts small blind $0.02
ParfenKing: posts big blind $0.05
*** HOLE CARDS ***
Dealt to HubertusB [9h 4h]
SardonicusM: folds 
PonasAurimas: folds 
anthony19719: folds 
magabas: folds 
HubertusB: folds 
Uncalled bet ($0.03) returned to ParfenKing
ParfenKing collected $0.04 from pot
ParfenKing: doesn't show hand 
*** SUMMARY ***
Total pot $0.04 | Rake $0 
Seat 1: magabas (button) folded before Flop (didn't bet)
Seat 2: HubertusB (small blind) folded before Flop
Seat 3: ParfenKing (big blind) collected ($0.04)
Seat 4: SardonicusM folded before Flop (didn't bet)
Seat 5: PonasAurimas folded before Flop (didn't bet)
Seat 6: anthony19719 folded before Flop (didn't bet)



PokerStars Zoom Hand #177281309353:  Hold'em No Limit ($0.02/$0.05) - 2017/10/23 23:24:18 CCT [2017/10/23 11:24:18 ET]
Table 'Donati' 6-max Seat #1 is the button
Seat 1: cadexuu ($31.59 in chips) 
Seat 2: maniek6767 ($5.87 in chips) 
Seat 3: YraSevernyi ($1.75 in chips) 
Seat 4: Gakisnupster ($5.51 in chips) 
Seat 5: HubertusB ($5.26 in chips) 
Seat 6: deeepstack ($17.73 in chips) 
maniek6767: posts small blind $0.02
YraSevernyi: posts big blind $0.05
*** HOLE CARDS ***
Dealt to HubertusB [Ah 2d]
Gakisnupster: folds 
HubertusB: folds 
deeepstack: folds 
cadexuu: folds 
maniek6767: raises $0.10 to $0.15
YraSevernyi: folds 
Uncalled bet ($0.10) returned to maniek6767
maniek6767 collected $0.10 from pot
maniek6767: doesn't show hand 
*** SUMMARY ***
Total pot $0.10 | Rake $0 
Seat 1: cadexuu (button) folded before Flop (didn't bet)
Seat 2: maniek6767 (small blind) collected ($0.10)
Seat 3: YraSevernyi (big blind) folded before Flop
Seat 4: Gakisnupster folded before Flop (didn't bet)
Seat 5: HubertusB folded before Flop (didn't bet)
Seat 6: deeepstack folded before Flop (didn't bet)



PokerStars Zoom Hand #177281317896:  Hold'em No Limit ($0.02/$0.05) - 2017/10/23 23:24:32 CCT [2017/10/23 11:24:32 ET]
Table 'Donati' 6-max Seat #1 is the button
Seat 1: berlinsw ($5.06 in chips) 
Seat 2: Piotru$Pan24 ($9.05 in chips) 
Seat 3: nicob32 ($1.37 in chips) 
Seat 4: MrSuperior ($36.88 in chips) 
Seat 5: eraser242 ($9.25 in chips) 
Seat 6: HubertusB ($5.26 in chips) 
Piotru$Pan24: posts small blind $0.02
nicob32: posts big blind $0.05
*** HOLE CARDS ***
Dealt to HubertusB [9c 9d]
MrSuperior: folds 
eraser242: folds 
HubertusB: raises $0.05 to $0.10
berlinsw: folds 
Piotru$Pan24: folds 
nicob32: folds 
Uncalled bet ($0.05) returned to HubertusB
HubertusB collected $0.12 from pot
HubertusB: doesn't show hand 
*** SUMMARY ***
Total pot $0.12 | Rake $0 
Seat 1: berlinsw (button) folded before Flop (didn't bet)
Seat 2: Piotru$Pan24 (small blind) folded before Flop
Seat 3: nicob32 (big blind) folded before Flop
Seat 4: MrSuperior folded before Flop (didn't bet)
Seat 5: eraser242 folded before Flop (didn't bet)
Seat 6: HubertusB collected ($0.12)



PokerStars Zoom Hand #177281327542:  Hold'em No Limit ($0.02/$0.05) - 2017/10/23 23:24:48 CCT [2017/10/23 11:24:48 ET]
Table 'Donati' 6-max Seat #1 is the button
Seat 1: qk rodriguez ($17.50 in chips) 
Seat 2: ineket ($5.76 in chips) 
Seat 3: 27JokerV ($10.99 in chips) 
Seat 4: HubertusB ($5.33 in chips) 
Seat 5: owtwilldo ($5.28 in chips) 
Seat 6: rekoj504 ($8.95 in chips) 
ineket: posts small blind $0.02
27JokerV: posts big blind $0.05
*** HOLE CARDS ***
Dealt to HubertusB [5c 6d]
HubertusB: folds 
owtwilldo: folds 
rekoj504: folds 
qk rodriguez: folds 
ineket: raises $0.05 to $0.10
27JokerV: folds 
Uncalled bet ($0.05) returned to ineket
ineket collected $0.10 from pot
ineket: doesn't show hand 
*** SUMMARY ***
Total pot $0.10 | Rake $0 
Seat 1: qk rodriguez (button) folded before Flop (didn't bet)
Seat 2: ineket (small blind) collected ($0.10)
Seat 3: 27JokerV (big blind) folded before Flop
Seat 4: HubertusB folded before Flop (didn't bet)
Seat 5: owtwilldo folded before Flop (didn't bet)
Seat 6: rekoj504 folded before Flop (didn't bet)



PokerStars Zoom Hand #177281312395:  Hold'em No Limit ($0.02/$0.05) - 2017/10/23 23:24:23 CCT [2017/10/23 11:24:23 ET]
Table 'Donati' 6-max Seat #1 is the button
Seat 1: HubertusB ($5.26 in chips) 
Seat 2: Bondvsta ($2.75 in chips) 
Seat 3: peladonk ($12.19 in chips) 
Seat 4: T.LUCENA09 ($0.88 in chips) 
Seat 5: XHerrTUMNUSX ($15.60 in chips) 
Seat 6: 2hady7 ($6.90 in chips) 
Bondvsta: posts small blind $0.02
peladonk: posts big blind $0.05
*** HOLE CARDS ***
Dealt to HubertusB [2h 8h]
T.LUCENA09: raises $0.05 to $0.10
XHerrTUMNUSX: folds 
2hady7: folds 
HubertusB: folds 
Bondvsta: folds 
peladonk: calls $0.05
*** FLOP *** [4h Qs 7d]
peladonk: checks 
T.LUCENA09: bets $0.15
peladonk: raises $11.94 to $12.09 and is all-in
T.LUCENA09: calls $0.63 and is all-in
Uncalled bet ($11.31) returned to peladonk
*** TURN *** [4h Qs 7d] [3c]
*** RIVER *** [4h Qs 7d 3c] [5s]
*** SHOW DOWN ***
peladonk: shows [Jd Qh] (a pair of Queens)
T.LUCENA09: shows [Th 7h] (a pair of Sevens)
peladonk collected $1.71 from pot
*** SUMMARY ***
Total pot $1.78 | Rake $0.07 
Board [4h Qs 7d 3c 5s]
Seat 1: HubertusB (button) folded before Flop (didn't bet)
Seat 2: Bondvsta (small blind) folded before Flop
Seat 3: peladonk (big blind) showed [Jd Qh] and won ($1.71) with a pair of Queens
Seat 4: T.LUCENA09 showed [Th 7h] and lost with a pair of Sevens
Seat 5: XHerrTUMNUSX folded before Flop (didn't bet)
Seat 6: 2hady7 folded before Flop (didn't bet)



PokerStars Zoom Hand #177281330598:  Hold'em No Limit ($0.02/$0.05) - 2017/10/23 23:24:53 CCT [2017/10/23 11:24:53 ET]
Table 'Donati' 6-max Seat #1 is the button
Seat 1: csebonite ($4.99 in chips) 
Seat 2: Bjeujeuler ($10.23 in chips) 
Seat 3: HubertusB ($5.33 in chips) 
Seat 4: sarabskaya ($5 in chips) 
Seat 5: thx_donkey ($5 in chips) 
Seat 6: Akutagawa ($5.63 in chips) 
Bjeujeuler: posts small blind $0.02
HubertusB: posts big blind $0.05
*** HOLE CARDS ***
Dealt to HubertusB [9d 2s]
sarabskaya: folds 
thx_donkey: folds 
Akutagawa: raises $0.07 to $0.12
csebonite: folds 
Bjeujeuler: folds 
HubertusB: folds 
Uncalled bet ($0.07) returned to Akutagawa
Akutagawa collected $0.12 from pot
Akutagawa: doesn't show hand 
*** SUMMARY ***
Total pot $0.12 | Rake $0 
Seat 1: csebonite (button) folded before Flop (didn't bet)
Seat 2: Bjeujeuler (small blind) folded before Flop
Seat 3: HubertusB (big blind) folded before Flop
Seat 4: sarabskaya folded before Flop (didn't bet)
Seat 5: thx_donkey folded before Flop (didn't bet)
Seat 6: Akutagawa collected ($0.12)



PokerStars Zoom Hand #177281337415:  Hold'em No Limit ($0.02/$0.05) - 2017/10/23 23:25:04 CCT [2017/10/23 11:25:04 ET]
Table 'Donati' 6-max Seat #1 is the button
Seat 1: Dennybm ($5.51 in chips) 
Seat 2: HubertusB ($5.28 in chips) 
Seat 3: TexTheZombie ($6.03 in chips) 
Seat 4: DrD.Phoenix ($6.86 in chips) 
Seat 5: YraSevernyi ($1.63 in chips) 
Seat 6: k1v0k ($10.99 in chips) 
HubertusB: posts small blind $0.02
TexTheZombie: posts big blind $0.05
*** HOLE CARDS ***
Dealt to HubertusB [5s Jc]
DrD.Phoenix: folds 
YraSevernyi: folds 
k1v0k: folds 
Dennybm: folds 
HubertusB: folds 
Uncalled bet ($0.03) returned to TexTheZombie
TexTheZombie collected $0.04 from pot
TexTheZombie: doesn't show hand 
*** SUMMARY ***
Total pot $0.04 | Rake $0 
Seat 1: Dennybm (button) folded before Flop (didn't bet)
Seat 2: HubertusB (small blind) folded before Flop
Seat 3: TexTheZombie (big blind) collected ($0.04)
Seat 4: DrD.Phoenix folded before Flop (didn't bet)
Seat 5: YraSevernyi folded before Flop (didn't bet)
Seat 6: k1v0k folded before Flop (didn't bet)



PokerStars Zoom Hand #177281334295:  Hold'em No Limit ($0.02/$0.05) - 2017/10/23 23:24:59 CCT [2017/10/23 11:24:59 ET]
Table 'Donati' 6-max Seat #1 is the button
Seat 1: qk rodriguez ($11.85 in chips) 
Seat 2: SardonicusM ($9.59 in chips) 
Seat 3: Phadrigh ($6.08 in chips) 
Seat 4: HubertusB ($5.28 in chips) 
Seat 5: Naaby208 ($5.16 in chips) 
Seat 6: RinkoYamada ($9.85 in chips) 
SardonicusM: posts small blind $0.02
Phadrigh: posts big blind $0.05
*** HOLE CARDS ***
Dealt to HubertusB [7s Qc]
HubertusB: folds 
Naaby208: folds 
RinkoYamada: folds 
qk rodriguez: folds 
SardonicusM: raises $0.10 to $0.15
Phadrigh: folds 
Uncalled bet ($0.10) returned to SardonicusM
SardonicusM collected $0.10 from pot
SardonicusM: doesn't show hand 
*** SUMMARY ***
Total pot $0.10 | Rake $0 
Seat 1: qk rodriguez (button) folded before Flop (didn't bet)
Seat 2: SardonicusM (small blind) collected ($0.10)
Seat 3: Phadrigh (big blind) folded before Flop
Seat 4: HubertusB folded before Flop (didn't bet)
Seat 5: Naaby208 folded before Flop (didn't bet)
Seat 6: RinkoYamada folded before Flop (didn't bet)



PokerStars Zoom Hand #177281340443:  Hold'em No Limit ($0.02/$0.05) - 2017/10/23 23:25:09 CCT [2017/10/23 11:25:09 ET]
Table 'Donati' 6-max Seat #1 is the button
Seat 1: svansong ($8.71 in chips) 
Seat 2: numelen ($5.20 in chips) 
Seat 3: Gakisnupster ($9.96 in chips) 
Seat 4: rekoj504 ($7.09 in chips) 
Seat 5: xinjin669 ($5.64 in chips) 
Seat 6: HubertusB ($5.26 in chips) 
numelen: posts small blind $0.02
Gakisnupster: posts big blind $0.05
*** HOLE CARDS ***
Dealt to HubertusB [7c As]
rekoj504: folds 
xinjin669: raises $0.08 to $0.13
HubertusB: folds 
svansong: folds 
numelen: folds 
Gakisnupster: calls $0.08
*** FLOP *** [7s 2s 5d]
Gakisnupster: checks 
xinjin669: bets $0.20
Gakisnupster: calls $0.20
*** TURN *** [7s 2s 5d] [Js]
Gakisnupster: checks 
xinjin669: bets $0.49
Gakisnupster: folds 
Uncalled bet ($0.49) returned to xinjin669
xinjin669 collected $0.65 from pot
xinjin669: doesn't show hand 
*** SUMMARY ***
Total pot $0.68 | Rake $0.03 
Board [7s 2s 5d Js]
Seat 1: svansong (button) folded before Flop (didn't bet)
Seat 2: numelen (small blind) folded before Flop
Seat 3: Gakisnupster (big blind) folded on the Turn
Seat 4: rekoj504 folded before Flop (didn't bet)
Seat 5: xinjin669 collected ($0.65)
Seat 6: HubertusB folded before Flop (didn't bet)



PokerStars Zoom Hand #177281345873:  Hold'em No Limit ($0.02/$0.05) - 2017/10/23 23:25:18 CCT [2017/10/23 11:25:18 ET]
Table 'Donati' 6-max Seat #1 is the button
Seat 1: HubertusB ($5.26 in chips) 
Seat 2: Kniten ($5 in chips) 
Seat 3: SAVA231 ($7.99 in chips) 
Seat 4: Teflonmemory ($5 in chips) 
Seat 5: norrisio2009 ($5.66 in chips) 
Seat 6: qk rodriguez ($7.48 in chips) 
Kniten: posts small blind $0.02
SAVA231: posts big blind $0.05
*** HOLE CARDS ***
Dealt to HubertusB [8c Ac]
Teflonmemory: folds 
norrisio2009: folds 
qk rodriguez: raises $0.07 to $0.12
HubertusB: raises $0.33 to $0.45
Kniten: folds 
SAVA231: folds 
qk rodriguez: folds 
Uncalled bet ($0.33) returned to HubertusB
HubertusB collected $0.31 from pot
HubertusB: doesn't show hand 
*** SUMMARY ***
Total pot $0.31 | Rake $0 
Seat 1: HubertusB (button) collected ($0.31)
Seat 2: Kniten (small blind) folded before Flop
Seat 3: SAVA231 (big blind) folded before Flop
Seat 4: Teflonmemory folded before Flop (didn't bet)
Seat 5: norrisio2009 folded before Flop (didn't bet)
Seat 6: qk rodriguez folded before Flop



PokerStars Zoom Hand #177281366691:  Hold'em No Limit ($0.02/$0.05) - 2017/10/23 23:25:52 CCT [2017/10/23 11:25:52 ET]
Table 'Donati' 6-max Seat #1 is the button
Seat 1: thx_donkey ($5 in chips) 
Seat 2: semarg1 ($2.43 in chips) 
Seat 3: HubertusB ($5.45 in chips) 
Seat 4: traveltyz ($9.86 in chips) 
Seat 5: LiveFreeNow ($3.04 in chips) 
Seat 6: hlaek ($6.48 in chips) 
semarg1: posts small blind $0.02
HubertusB: posts big blind $0.05
*** HOLE CARDS ***
Dealt to HubertusB [3h 8c]
traveltyz: raises $0.10 to $0.15
LiveFreeNow: folds 
hlaek: folds 
thx_donkey: folds 
semarg1: folds 
HubertusB: folds 
Uncalled bet ($0.10) returned to traveltyz
traveltyz collected $0.12 from pot
traveltyz: doesn't show hand 
*** SUMMARY ***
Total pot $0.12 | Rake $0 
Seat 1: thx_donkey (button) folded before Flop (didn't bet)
Seat 2: semarg1 (small blind) folded before Flop
Seat 3: HubertusB (big blind) folded before Flop
Seat 4: traveltyz collected ($0.12)
Seat 5: LiveFreeNow folded before Flop (didn't bet)
Seat 6: hlaek folded before Flop (didn't bet)



PokerStars Zoom Hand #177281369806:  Hold'em No Limit ($0.02/$0.05) - 2017/10/23 23:25:57 CCT [2017/10/23 11:25:57 ET]
Table 'Donati' 6-max Seat #1 is the button
Seat 1: Kimovich 14 ($6.69 in chips) 
Seat 2: HubertusB ($5.40 in chips) 
Seat 3: 2cesCracked ($8.73 in chips) 
Seat 4: georgiodoc ($5.35 in chips) 
Seat 5: peladonk ($9.94 in chips) 
Seat 6: waitwalter ($5 in chips) 
HubertusB: posts small blind $0.02
2cesCracked: posts big blind $0.05
*** HOLE CARDS ***
Dealt to HubertusB [4h 7d]
georgiodoc: folds 
peladonk: folds 
waitwalter: folds 
Kimovich 14: folds 
HubertusB: folds 
Uncalled bet ($0.03) returned to 2cesCracked
2cesCracked collected $0.04 from pot
2cesCracked: doesn't show hand 
*** SUMMARY ***
Total pot $0.04 | Rake $0 
Seat 1: Kimovich 14 (button) folded before Flop (didn't bet)
Seat 2: HubertusB (small blind) folded before Flop
Seat 3: 2cesCracked (big blind) collected ($0.04)
Seat 4: georgiodoc folded before Flop (didn't bet)
Seat 5: peladonk folded before Flop (didn't bet)
Seat 6: waitwalter folded before Flop (didn't bet)



PokerStars Zoom Hand #177281372831:  Hold'em No Limit ($0.02/$0.05) - 2017/10/23 23:26:02 CCT [2017/10/23 11:26:02 ET]
Table 'Donati' 6-max Seat #1 is the button
Seat 1: HubertusB ($5.38 in chips) 
Seat 2: Limbo777 ($5.59 in chips) 
Seat 3: SkatePug ($5.07 in chips) 
Seat 4: Dariev ($8.21 in chips) 
Seat 5: Piotru$Pan24 ($8.93 in chips) 
Seat 6: anikolaev54 ($10.22 in chips) 
Limbo777: posts small blind $0.02
SkatePug: posts big blind $0.05
*** HOLE CARDS ***
Dealt to HubertusB [Js 4h]
Dariev: folds 
Piotru$Pan24: folds 
anikolaev54: folds 
HubertusB: folds 
Limbo777: folds 
Uncalled bet ($0.03) returned to SkatePug
SkatePug collected $0.04 from pot
SkatePug: doesn't show hand 
*** SUMMARY ***
Total pot $0.04 | Rake $0 
Seat 1: HubertusB (button) folded before Flop (didn't bet)
Seat 2: Limbo777 (small blind) folded before Flop
Seat 3: SkatePug (big blind) collected ($0.04)
Seat 4: Dariev folded before Flop (didn't bet)
Seat 5: Piotru$Pan24 folded before Flop (didn't bet)
Seat 6: anikolaev54 folded before Flop (didn't bet)



PokerStars Zoom Hand #177281363576:  Hold'em No Limit ($0.02/$0.05) - 2017/10/23 23:25:47 CCT [2017/10/23 11:25:47 ET]
Table 'Donati' 6-max Seat #1 is the button
Seat 1: Luckerly ($5.64 in chips) 
Seat 2: mattu_srecm ($4.41 in chips) 
Seat 3: GuardCorp ($10.32 in chips) 
Seat 4: Friisbak ($5 in chips) 
Seat 5: HubertusB ($5.45 in chips) 
Seat 6: Kimovich 14 ($6.69 in chips) 
mattu_srecm: posts small blind $0.02
GuardCorp: posts big blind $0.05
*** HOLE CARDS ***
Dealt to HubertusB [Qd 6c]
Friisbak: folds 
HubertusB: folds 
Kimovich 14: folds 
Luckerly: folds 
mattu_srecm: raises $0.10 to $0.15
GuardCorp: folds 
Uncalled bet ($0.10) returned to mattu_srecm
mattu_srecm collected $0.10 from pot
mattu_srecm: doesn't show hand 
*** SUMMARY ***
Total pot $0.10 | Rake $0 
Seat 1: Luckerly (button) folded before Flop (didn't bet)
Seat 2: mattu_srecm (small blind) collected ($0.10)
Seat 3: GuardCorp (big blind) folded before Flop
Seat 4: Friisbak folded before Flop (didn't bet)
Seat 5: HubertusB folded before Flop (didn't bet)
Seat 6: Kimovich 14 folded before Flop (didn't bet)



PokerStars Zoom Hand #177281375921:  Hold'em No Limit ($0.02/$0.05) - 2017/10/23 23:26:07 CCT [2017/10/23 11:26:07 ET]
Table 'Donati' 6-max Seat #1 is the button
Seat 1: $eichfuch$ ($14.25 in chips) 
Seat 2: paradiseg174 ($5 in chips) 
Seat 3: snapA$AP ($7.37 in chips) 
Seat 4: indfnte! ($6.31 in chips) 
Seat 5: Dmitry20279 ($5.48 in chips) 
Seat 6: HubertusB ($5.38 in chips) 
paradiseg174: posts small blind $0.02
snapA$AP: posts big blind $0.05
*** HOLE CARDS ***
Dealt to HubertusB [As 6s]
indfnte!: folds 
Dmitry20279: folds 
HubertusB: raises $0.05 to $0.10
$eichfuch$: folds 
paradiseg174: folds 
snapA$AP: folds 
Uncalled bet ($0.05) returned to HubertusB
HubertusB collected $0.12 from pot
HubertusB: doesn't show hand 
*** SUMMARY ***
Total pot $0.12 | Rake $0 
Seat 1: $eichfuch$ (button) folded before Flop (didn't bet)
Seat 2: paradiseg174 (small blind) folded before Flop
Seat 3: snapA$AP (big blind) folded before Flop
Seat 4: indfnte! folded before Flop (didn't bet)
Seat 5: Dmitry20279 folded before Flop (didn't bet)
Seat 6: HubertusB collected ($0.12)



PokerStars Zoom Hand #177281385131:  Hold'em No Limit ($0.02/$0.05) - 2017/10/23 23:26:22 CCT [2017/10/23 11:26:22 ET]
Table 'Donati' 6-max Seat #1 is the button
Seat 1: vinni1964 ($6.20 in chips) 
Seat 2: purpbueno ($13.47 in chips) 
Seat 3: flomacter646 ($4.98 in chips) 
Seat 4: WisherBG ($5.18 in chips) 
Seat 5: HubertusB ($5.45 in chips) 
Seat 6: Leonx98 ($5 in chips) 
purpbueno: posts small blind $0.02
flomacter646: posts big blind $0.05
*** HOLE CARDS ***
Dealt to HubertusB [Ah Td]
WisherBG: folds 
HubertusB: raises $0.06 to $0.11
Leonx98: raises $0.24 to $0.35
vinni1964: folds 
purpbueno: folds 
flomacter646: folds 
HubertusB: folds 
Uncalled bet ($0.24) returned to Leonx98
Leonx98 collected $0.29 from pot
Leonx98: doesn't show hand 
*** SUMMARY ***
Total pot $0.29 | Rake $0 
Seat 1: vinni1964 (button) folded before Flop (didn't bet)
Seat 2: purpbueno (small blind) folded before Flop
Seat 3: flomacter646 (big blind) folded before Flop
Seat 4: WisherBG folded before Flop (didn't bet)
Seat 5: HubertusB folded before Flop
Seat 6: Leonx98 collected ($0.29)



PokerStars Zoom Hand #177281393637:  Hold'em No Limit ($0.02/$0.05) - 2017/10/23 23:26:36 CCT [2017/10/23 11:26:36 ET]
Table 'Donati' 6-max Seat #1 is the button
Seat 1: koyuki0823 ($5.02 in chips) 
Seat 2: georgiodoc ($5.28 in chips) 
Seat 3: HubertusB ($5.34 in chips) 
Seat 4: lususfortuna ($3.47 in chips) 
Seat 5: xxJesseGxx ($9.69 in chips) 
Seat 6: Leonx98 ($5.16 in chips) 
georgiodoc: posts small blind $0.02
HubertusB: posts big blind $0.05
*** HOLE CARDS ***
Dealt to HubertusB [Ac 4s]
lususfortuna: folds 
xxJesseGxx: folds 
Leonx98: folds 
koyuki0823: raises $0.10 to $0.15
georgiodoc: calls $0.13
HubertusB: folds 
*** FLOP *** [Tc 7h 8h]
georgiodoc: bets $0.23
koyuki0823: calls $0.23
*** TURN *** [Tc 7h 8h] [5c]
georgiodoc: bets $0.52
koyuki0823: calls $0.52
*** RIVER *** [Tc 7h 8h 5c] [Qs]
georgiodoc: checks 
koyuki0823: checks 
*** SHOW DOWN ***
georgiodoc: shows [Ah Ts] (a pair of Tens)
koyuki0823: shows [Qc Jc] (a pair of Queens)
koyuki0823 collected $1.77 from pot
*** SUMMARY ***
Total pot $1.85 | Rake $0.08 
Board [Tc 7h 8h 5c Qs]
Seat 1: koyuki0823 (button) showed [Qc Jc] and won ($1.77) with a pair of Queens
Seat 2: georgiodoc (small blind) showed [Ah Ts] and lost with a pair of Tens
Seat 3: HubertusB (big blind) folded before Flop
Seat 4: lususfortuna folded before Flop (didn't bet)
Seat 5: xxJesseGxx folded before Flop (didn't bet)
Seat 6: Leonx98 folded before Flop (didn't bet)



PokerStars Zoom Hand #177281406326:  Hold'em No Limit ($0.02/$0.05) - 2017/10/23 23:26:57 CCT [2017/10/23 11:26:57 ET]
Table 'Donati' 6-max Seat #1 is the button
Seat 1: Bjeujeuler ($6.34 in chips) 
Seat 2: docent3366 ($7.78 in chips) 
Seat 3: justchill198 ($5.71 in chips) 
Seat 4: Kniten ($6.86 in chips) 
Seat 5: HubertusB ($5.29 in chips) 
Seat 6: Jacobson1688 ($11.34 in chips) 
docent3366: posts small blind $0.02
justchill198: posts big blind $0.05
*** HOLE CARDS ***
Dealt to HubertusB [Th 4s]
Kniten: folds 
HubertusB: folds 
Jacobson1688: folds 
Bjeujeuler: raises $0.07 to $0.12
docent3366: folds 
justchill198: folds 
Uncalled bet ($0.07) returned to Bjeujeuler
Bjeujeuler collected $0.12 from pot
Bjeujeuler: doesn't show hand 
*** SUMMARY ***
Total pot $0.12 | Rake $0 
Seat 1: Bjeujeuler (button) collected ($0.12)
Seat 2: docent3366 (small blind) folded before Flop
Seat 3: justchill198 (big blind) folded before Flop
Seat 4: Kniten folded before Flop (didn't bet)
Seat 5: HubertusB folded before Flop (didn't bet)
Seat 6: Jacobson1688 folded before Flop (didn't bet)



PokerStars Zoom Hand #177281409429:  Hold'em No Limit ($0.02/$0.05) - 2017/10/23 23:27:02 CCT [2017/10/23 11:27:02 ET]
Table 'Donati' 6-max Seat #1 is the button
Seat 1: HubertusB ($5.29 in chips) 
Seat 2: paradiseg174 ($7.27 in chips) 
Seat 3: Justus1909 ($8.33 in chips) 
Seat 4: ViaraPL ($3.96 in chips) 
Seat 5: Luckerly ($5.52 in chips) 
Seat 6: Dimks46 ($5 in chips) 
paradiseg174: posts small blind $0.02
Justus1909: posts big blind $0.05
*** HOLE CARDS ***
Dealt to HubertusB [2c 2s]
ViaraPL: folds 
Luckerly: folds 
Dimks46: folds 
HubertusB: raises $0.05 to $0.10
paradiseg174: folds 
Justus1909: calls $0.05
*** FLOP *** [Th 9c 7h]
Justus1909: checks 
HubertusB: bets $0.13
Justus1909: calls $0.13
*** TURN *** [Th 9c 7h] [Kc]
Justus1909: checks 
HubertusB: checks 
*** RIVER *** [Th 9c 7h Kc] [7c]
Justus1909: bets $0.32
HubertusB: folds 
Uncalled bet ($0.32) returned to Justus1909
Justus1909 collected $0.46 from pot
Justus1909: doesn't show hand 
*** SUMMARY ***
Total pot $0.48 | Rake $0.02 
Board [Th 9c 7h Kc 7c]
Seat 1: HubertusB (button) folded on the River
Seat 2: paradiseg174 (small blind) folded before Flop
Seat 3: Justus1909 (big blind) collected ($0.46)
Seat 4: ViaraPL folded before Flop (didn't bet)
Seat 5: Luckerly folded before Flop (didn't bet)
Seat 6: Dimks46 folded before Flop (didn't bet)



PokerStars Zoom Hand #177281435080:  Hold'em No Limit ($0.02/$0.05) - 2017/10/23 23:27:44 CCT [2017/10/23 11:27:44 ET]
Table 'Donati' 6-max Seat #1 is the button
Seat 1: 777vitaliy777 ($5.43 in chips) 
Seat 2: TheDreamBaby ($7.29 in chips) 
Seat 3: barbetta 200 ($5 in chips) 
Seat 4: HubertusB ($5.06 in chips) 
Seat 5: dörk411 ($5.02 in chips) 
Seat 6: DK1004 ($5 in chips) 
TheDreamBaby: posts small blind $0.02
barbetta 200: posts big blind $0.05
*** HOLE CARDS ***
Dealt to HubertusB [5h Kc]
HubertusB: folds 
dörk411: folds 
DK1004: folds 
777vitaliy777: folds 
TheDreamBaby: folds 
Uncalled bet ($0.03) returned to barbetta 200
barbetta 200 collected $0.04 from pot
barbetta 200: doesn't show hand 
*** SUMMARY ***
Total pot $0.04 | Rake $0 
Seat 1: 777vitaliy777 (button) folded before Flop (didn't bet)
Seat 2: TheDreamBaby (small blind) folded before Flop
Seat 3: barbetta 200 (big blind) collected ($0.04)
Seat 4: HubertusB folded before Flop (didn't bet)
Seat 5: dörk411 folded before Flop (didn't bet)
Seat 6: DK1004 folded before Flop (didn't bet)



PokerStars Zoom Hand #177281438123:  Hold'em No Limit ($0.02/$0.05) - 2017/10/23 23:27:49 CCT [2017/10/23 11:27:49 ET]
Table 'Donati' 6-max Seat #1 is the button
Seat 1: Marcicheku ($9.73 in chips) 
Seat 2: HubertusB ($5.06 in chips) 
Seat 3: ooiaooao ($19.73 in chips) 
Seat 4: Parjato ($5.72 in chips) 
Seat 5: Vollos ($3.67 in chips) 
Seat 6: decent_baldy ($8.65 in chips) 
HubertusB: posts small blind $0.02
ooiaooao: posts big blind $0.05
*** HOLE CARDS ***
Dealt to HubertusB [8d Ad]
Parjato: raises $0.10 to $0.15
Vollos: folds 
decent_baldy: folds 
Marcicheku: folds 
HubertusB: folds 
ooiaooao: folds 
Uncalled bet ($0.10) returned to Parjato
Parjato collected $0.12 from pot
Parjato: doesn't show hand 
*** SUMMARY ***
Total pot $0.12 | Rake $0 
Seat 1: Marcicheku (button) folded before Flop (didn't bet)
Seat 2: HubertusB (small blind) folded before Flop
Seat 3: ooiaooao (big blind) folded before Flop
Seat 4: Parjato collected ($0.12)
Seat 5: Vollos folded before Flop (didn't bet)
Seat 6: decent_baldy folded before Flop (didn't bet)



PokerStars Zoom Hand #177281442405:  Hold'em No Limit ($0.02/$0.05) - 2017/10/23 23:27:56 CCT [2017/10/23 11:27:56 ET]
Table 'Donati' 6-max Seat #1 is the button
Seat 1: szalon1 ($4.39 in chips) 
Seat 2: maniek6767 ($5.64 in chips) 
Seat 3: Gregório26 ($4.10 in chips) 
Seat 4: Pelimouse ($5.86 in chips) 
Seat 5: denpv ($7.39 in chips) 
Seat 6: HubertusB ($5.04 in chips) 
maniek6767: posts small blind $0.02
Gregório26: posts big blind $0.05
*** HOLE CARDS ***
Dealt to HubertusB [Kh 6h]
Pelimouse: folds 
denpv: folds 
HubertusB: raises $0.05 to $0.10
szalon1: folds 
maniek6767: folds 
Gregório26: folds 
Uncalled bet ($0.05) returned to HubertusB
HubertusB collected $0.12 from pot
HubertusB: doesn't show hand 
*** SUMMARY ***
Total pot $0.12 | Rake $0 
Seat 1: szalon1 (button) folded before Flop (didn't bet)
Seat 2: maniek6767 (small blind) folded before Flop
Seat 3: Gregório26 (big blind) folded before Flop
Seat 4: Pelimouse folded before Flop (didn't bet)
Seat 5: denpv folded before Flop (didn't bet)
Seat 6: HubertusB collected ($0.12)



PokerStars Zoom Hand #177281449780:  Hold'em No Limit ($0.02/$0.05) - 2017/10/23 23:28:08 CCT [2017/10/23 11:28:08 ET]
Table 'Donati' 6-max Seat #1 is the button
Seat 1: cadexuu ($4.83 in chips) 
Seat 2: owtwilldo ($5.02 in chips) 
Seat 3: LIghtsout856 ($6.04 in chips) 
Seat 4: EasyGamerrr ($5.63 in chips) 
Seat 5: HubertusB ($5.11 in chips) 
Seat 6: nastya_gerl ($1.29 in chips) 
owtwilldo: posts small blind $0.02
LIghtsout856: posts big blind $0.05
*** HOLE CARDS ***
Dealt to HubertusB [Kc 9c]
EasyGamerrr: folds 
HubertusB: raises $0.05 to $0.10
nastya_gerl: folds 
cadexuu: folds 
owtwilldo: folds 
LIghtsout856: folds 
Uncalled bet ($0.05) returned to HubertusB
HubertusB collected $0.12 from pot
HubertusB: doesn't show hand 
*** SUMMARY ***
Total pot $0.12 | Rake $0 
Seat 1: cadexuu (button) folded before Flop (didn't bet)
Seat 2: owtwilldo (small blind) folded before Flop
Seat 3: LIghtsout856 (big blind) folded before Flop
Seat 4: EasyGamerrr folded before Flop (didn't bet)
Seat 5: HubertusB collected ($0.12)
Seat 6: nastya_gerl folded before Flop (didn't bet)



PokerStars Zoom Hand #177281458473:  Hold'em No Limit ($0.02/$0.05) - 2017/10/23 23:28:22 CCT [2017/10/23 11:28:22 ET]
Table 'Donati' 6-max Seat #1 is the button
Seat 1: Hyd SK ($7.40 in chips) 
Seat 2: rzeszow17 ($6.04 in chips) 
Seat 3: HubertusB ($5.18 in chips) 
Seat 4: Limbo777 ($5 in chips) 
Seat 5: PonasAurimas ($5.54 in chips) 
Seat 6: Vladislaw1.9 ($6.92 in chips) 
rzeszow17: posts small blind $0.02
HubertusB: posts big blind $0.05
*** HOLE CARDS ***
Dealt to HubertusB [Ks 6d]
Limbo777: folds 
PonasAurimas: folds 
Vladislaw1.9: raises $0.05 to $0.10
Hyd SK: folds 
rzeszow17: folds 
HubertusB: folds 
Uncalled bet ($0.05) returned to Vladislaw1.9
Vladislaw1.9 collected $0.12 from pot
Vladislaw1.9: doesn't show hand 
*** SUMMARY ***
Total pot $0.12 | Rake $0 
Seat 1: Hyd SK (button) folded before Flop (didn't bet)
Seat 2: rzeszow17 (small blind) folded before Flop
Seat 3: HubertusB (big blind) folded before Flop
Seat 4: Limbo777 folded before Flop (didn't bet)
Seat 5: PonasAurimas folded before Flop (didn't bet)
Seat 6: Vladislaw1.9 collected ($0.12)



PokerStars Zoom Hand #177281466506:  Hold'em No Limit ($0.02/$0.05) - 2017/10/23 23:28:35 CCT [2017/10/23 11:28:35 ET]
Table 'Donati' 6-max Seat #1 is the button
Seat 1: WisherBG ($5 in chips) 
Seat 2: HubertusB ($5.13 in chips) 
Seat 3: takuto80A ($5.13 in chips) 
Seat 4: samoha1984 ($0.57 in chips) 
Seat 5: xinjin669 ($4.95 in chips) 
Seat 6: Mac_Bys ($4.65 in chips) 
HubertusB: posts small blind $0.02
takuto80A: posts big blind $0.05
*** HOLE CARDS ***
Dealt to HubertusB [6h 6s]
samoha1984: raises $0.05 to $0.10
xinjin669: folds 
Mac_Bys: folds 
WisherBG: folds 
HubertusB: raises $0.50 to $0.60
takuto80A: folds 
samoha1984: calls $0.47 and is all-in
Uncalled bet ($0.03) returned to HubertusB
*** FLOP *** [4d 4h Td]
*** TURN *** [4d 4h Td] [8h]
*** RIVER *** [4d 4h Td 8h] [5d]
*** SHOW DOWN ***
HubertusB: shows [6h 6s] (two pair, Sixes and Fours)
samoha1984: shows [7c 7h] (two pair, Sevens and Fours)
samoha1984 collected $1.14 from pot
*** SUMMARY ***
Total pot $1.19 | Rake $0.05 
Board [4d 4h Td 8h 5d]
Seat 1: WisherBG (button) folded before Flop (didn't bet)
Seat 2: HubertusB (small blind) showed [6h 6s] and lost with two pair, Sixes and Fours
Seat 3: takuto80A (big blind) folded before Flop
Seat 4: samoha1984 showed [7c 7h] and won ($1.14) with two pair, Sevens and Fours
Seat 5: xinjin669 folded before Flop (didn't bet)
Seat 6: Mac_Bys folded before Flop (didn't bet)



PokerStars Zoom Hand #177281488659:  Hold'em No Limit ($0.02/$0.05) - 2017/10/23 23:29:11 CCT [2017/10/23 11:29:11 ET]
Table 'Donati' 6-max Seat #1 is the button
Seat 1: 72odonkey ($5 in chips) 
Seat 2: zzpotter ($5 in chips) 
Seat 3: azraphaele ($6.65 in chips) 
Seat 4: brazerOK ($2.82 in chips) 
Seat 5: sportif17781 ($5.57 in chips) 
Seat 6: HubertusB ($4.56 in chips) 
zzpotter: posts small blind $0.02
azraphaele: posts big blind $0.05
*** HOLE CARDS ***
Dealt to HubertusB [7c Ac]
brazerOK: folds 
sportif17781: folds 
HubertusB: raises $0.05 to $0.10
72odonkey: folds 
zzpotter: folds 
azraphaele: folds 
Uncalled bet ($0.05) returned to HubertusB
HubertusB collected $0.12 from pot
HubertusB: doesn't show hand 
*** SUMMARY ***
Total pot $0.12 | Rake $0 
Seat 1: 72odonkey (button) folded before Flop (didn't bet)
Seat 2: zzpotter (small blind) folded before Flop
Seat 3: azraphaele (big blind) folded before Flop
Seat 4: brazerOK folded before Flop (didn't bet)
Seat 5: sportif17781 folded before Flop (didn't bet)
Seat 6: HubertusB collected ($0.12)



PokerStars Zoom Hand #177281498441:  Hold'em No Limit ($0.02/$0.05) - 2017/10/23 23:29:27 CCT [2017/10/23 11:29:27 ET]
Table 'Donati' 6-max Seat #1 is the button
Seat 1: HubertusB ($4.63 in chips) 
Seat 2: D.R.H0830 ($6.87 in chips) 
Seat 3: Schallschlu ($4.21 in chips) 
Seat 4: Hyd SK ($6.60 in chips) 
Seat 5: yochi29 ($5.41 in chips) 
Seat 6: Dariev ($8.25 in chips) 
D.R.H0830: posts small blind $0.02
Schallschlu: posts big blind $0.05
*** HOLE CARDS ***
Dealt to HubertusB [2d 2s]
Hyd SK: folds 
yochi29: folds 
Dariev: folds 
HubertusB: raises $0.05 to $0.10
D.R.H0830: folds 
Schallschlu: folds 
Uncalled bet ($0.05) returned to HubertusB
HubertusB collected $0.12 from pot
HubertusB: doesn't show hand 
*** SUMMARY ***
Total pot $0.12 | Rake $0 
Seat 1: HubertusB (button) collected ($0.12)
Seat 2: D.R.H0830 (small blind) folded before Flop
Seat 3: Schallschlu (big blind) folded before Flop
Seat 4: Hyd SK folded before Flop (didn't bet)
Seat 5: yochi29 folded before Flop (didn't bet)
Seat 6: Dariev folded before Flop (didn't bet)



PokerStars Zoom Hand #177281511419:  Hold'em No Limit ($0.02/$0.05) - 2017/10/23 23:29:48 CCT [2017/10/23 11:29:48 ET]
Table 'Donati' 6-max Seat #1 is the button
Seat 1: diablo4824 ($5.21 in chips) 
Seat 2: Marvelous19 ($5.71 in chips) 
Seat 3: MustJokker ($6.92 in chips) 
Seat 4: HubertusB ($4.70 in chips) 
Seat 5: GuardCorp ($12.23 in chips) 
Seat 6: anasanto ($5.77 in chips) 
Marvelous19: posts small blind $0.02
MustJokker: posts big blind $0.05
*** HOLE CARDS ***
Dealt to HubertusB [Jh 4c]
HubertusB: folds 
GuardCorp: folds 
anasanto: folds 
diablo4824: folds 
Marvelous19: folds 
Uncalled bet ($0.03) returned to MustJokker
MustJokker collected $0.04 from pot
MustJokker: doesn't show hand 
*** SUMMARY ***
Total pot $0.04 | Rake $0 
Seat 1: diablo4824 (button) folded before Flop (didn't bet)
Seat 2: Marvelous19 (small blind) folded before Flop
Seat 3: MustJokker (big blind) collected ($0.04)
Seat 4: HubertusB folded before Flop (didn't bet)
Seat 5: GuardCorp folded before Flop (didn't bet)
Seat 6: anasanto folded before Flop (didn't bet)



PokerStars Zoom Hand #177281514478:  Hold'em No Limit ($0.02/$0.05) - 2017/10/23 23:29:53 CCT [2017/10/23 11:29:53 ET]
Table 'Donati' 6-max Seat #1 is the button
Seat 1: unFair235 ($5.95 in chips) 
Seat 2: 76d4 ($13.86 in chips) 
Seat 3: bober2702 ($2.94 in chips) 
Seat 4: radulov8 ($4.72 in chips) 
Seat 5: HubertusB ($4.70 in chips) 
Seat 6: couchmichel ($5.60 in chips) 
76d4: posts small blind $0.02
bober2702: posts big blind $0.05
*** HOLE CARDS ***
Dealt to HubertusB [6c Jc]
radulov8: raises $0.12 to $0.17
HubertusB: folds 
couchmichel: folds 
unFair235: folds 
76d4: folds 
bober2702: folds 
Uncalled bet ($0.12) returned to radulov8
radulov8 collected $0.12 from pot
radulov8: doesn't show hand 
*** SUMMARY ***
Total pot $0.12 | Rake $0 
Seat 1: unFair235 (button) folded before Flop (didn't bet)
Seat 2: 76d4 (small blind) folded before Flop
Seat 3: bober2702 (big blind) folded before Flop
Seat 4: radulov8 collected ($0.12)
Seat 5: HubertusB folded before Flop (didn't bet)
Seat 6: couchmichel folded before Flop (didn't bet)



PokerStars Zoom Hand #177281518218:  Hold'em No Limit ($0.02/$0.05) - 2017/10/23 23:29:59 CCT [2017/10/23 11:29:59 ET]
Table 'Donati' 6-max Seat #1 is the button
Seat 1: andreascris1 ($5.87 in chips) 
Seat 2: Draber06 ($5.38 in chips) 
Seat 3: HubertusB ($4.70 in chips) 
Seat 4: Justus1909 ($8.67 in chips) 
Seat 5: CarltonLeech ($5.37 in chips) 
Seat 6: T0M5T3R ($5.86 in chips) 
Draber06: posts small blind $0.02
HubertusB: posts big blind $0.05
*** HOLE CARDS ***
Dealt to HubertusB [5d Kd]
Justus1909: folds 
CarltonLeech: folds 
T0M5T3R: folds 
andreascris1: folds 
Draber06: folds 
Uncalled bet ($0.03) returned to HubertusB
HubertusB collected $0.04 from pot
HubertusB: doesn't show hand 
*** SUMMARY ***
Total pot $0.04 | Rake $0 
Seat 1: andreascris1 (button) folded before Flop (didn't bet)
Seat 2: Draber06 (small blind) folded before Flop
Seat 3: HubertusB (big blind) collected ($0.04)
Seat 4: Justus1909 folded before Flop (didn't bet)
Seat 5: CarltonLeech folded before Flop (didn't bet)
Seat 6: T0M5T3R folded before Flop (didn't bet)



PokerStars Zoom Hand #177281508342:  Hold'em No Limit ($0.02/$0.05) - 2017/10/23 23:29:43 CCT [2017/10/23 11:29:43 ET]
Table 'Donati' 6-max Seat #1 is the button
Seat 1: Mikhaylov St ($5 in chips) 
Seat 2: Tmalikis1 ($5.46 in chips) 
Seat 3: docent3366 ($9.79 in chips) 
Seat 4: HubertusB ($4.70 in chips) 
Seat 5: padde886 ($7.42 in chips) 
Seat 6: Fikcyjny ($5 in chips) 
Tmalikis1: posts small blind $0.02
docent3366: posts big blind $0.05
*** HOLE CARDS ***
Dealt to HubertusB [8d Jc]
HubertusB: folds 
padde886: folds 
Fikcyjny: folds 
Mikhaylov St: raises $0.05 to $0.10
Tmalikis1: raises $0.25 to $0.35
docent3366: folds 
Mikhaylov St: calls $0.25
*** FLOP *** [2s 3d 5c]
Tmalikis1: bets $0.40
Mikhaylov St: calls $0.40
*** TURN *** [2s 3d 5c] [Ks]
Tmalikis1: bets $0.82
Mikhaylov St: folds 
Uncalled bet ($0.82) returned to Tmalikis1
Tmalikis1 collected $1.49 from pot
Tmalikis1: doesn't show hand 
*** SUMMARY ***
Total pot $1.55 | Rake $0.06 
Board [2s 3d 5c Ks]
Seat 1: Mikhaylov St (button) folded on the Turn
Seat 2: Tmalikis1 (small blind) collected ($1.49)
Seat 3: docent3366 (big blind) folded before Flop
Seat 4: HubertusB folded before Flop (didn't bet)
Seat 5: padde886 folded before Flop (didn't bet)
Seat 6: Fikcyjny folded before Flop (didn't bet)



PokerStars Zoom Hand #177281524498:  Hold'em No Limit ($0.02/$0.05) - 2017/10/23 23:30:09 CCT [2017/10/23 11:30:09 ET]
Table 'Donati' 6-max Seat #1 is the button
Seat 1: HubertusB ($4.72 in chips) 
Seat 2: Blurrox ($5.90 in chips) 
Seat 3: anasanto ($5 in chips) 
Seat 4: KOWAL530 ($6.27 in chips) 
Seat 5: ODIN-23-ua ($5 in chips) 
Seat 6: Luckerly ($5.31 in chips) 
Blurrox: posts small blind $0.02
anasanto: posts big blind $0.05
*** HOLE CARDS ***
Dealt to HubertusB [As 2c]
KOWAL530: folds 
ODIN-23-ua: raises $0.07 to $0.12
Luckerly: folds 
HubertusB: folds 
Blurrox: folds 
anasanto: folds 
Uncalled bet ($0.07) returned to ODIN-23-ua
ODIN-23-ua collected $0.12 from pot
ODIN-23-ua: doesn't show hand 
*** SUMMARY ***
Total pot $0.12 | Rake $0 
Seat 1: HubertusB (button) folded before Flop (didn't bet)
Seat 2: Blurrox (small blind) folded before Flop
Seat 3: anasanto (big blind) folded before Flop
Seat 4: KOWAL530 folded before Flop (didn't bet)
Seat 5: ODIN-23-ua collected ($0.12)
Seat 6: Luckerly folded before Flop (didn't bet)



PokerStars Zoom Hand #177281527525:  Hold'em No Limit ($0.02/$0.05) - 2017/10/23 23:30:14 CCT [2017/10/23 11:30:14 ET]
Table 'Donati' 6-max Seat #1 is the button
Seat 1: Naaby208 ($5.26 in chips) 
Seat 2: HubertusB ($4.72 in chips) 
Seat 3: Dariev ($8.11 in chips) 
Seat 4: bigseandon30 ($20.11 in chips) 
Seat 5: alemoum ($5.14 in chips) 
Seat 6: sportif17781 ($5.50 in chips) 
HubertusB: posts small blind $0.02
Dariev: posts big blind $0.05
*** HOLE CARDS ***
Dealt to HubertusB [Ad 6s]
bigseandon30: raises $0.10 to $0.15
alemoum: folds 
sportif17781: folds 
Naaby208: calls $0.15
HubertusB: folds 
Dariev: folds 
*** FLOP *** [Jh As 4h]
bigseandon30: bets $0.20
Naaby208: folds 
Uncalled bet ($0.20) returned to bigseandon30
bigseandon30 collected $0.35 from pot
bigseandon30: doesn't show hand 
*** SUMMARY ***
Total pot $0.37 | Rake $0.02 
Board [Jh As 4h]
Seat 1: Naaby208 (button) folded on the Flop
Seat 2: HubertusB (small blind) folded before Flop
Seat 3: Dariev (big blind) folded before Flop
Seat 4: bigseandon30 collected ($0.35)
Seat 5: alemoum folded before Flop (didn't bet)
Seat 6: sportif17781 folded before Flop (didn't bet)



PokerStars Zoom Hand #177281533552:  Hold'em No Limit ($0.02/$0.05) - 2017/10/23 23:30:24 CCT [2017/10/23 11:30:24 ET]
Table 'Donati' 6-max Seat #1 is the button
Seat 1: Hyd SK ($6.21 in chips) 
Seat 2: jirikasik89 ($5.19 in chips) 
Seat 3: anasanto ($6.58 in chips) 
Seat 4: Kerberus94 ($4.01 in chips) 
Seat 5: HubertusB ($4.70 in chips) 
Seat 6: N0$tradamu$ ($2.35 in chips) 
jirikasik89: posts small blind $0.02
anasanto: posts big blind $0.05
*** HOLE CARDS ***
Dealt to HubertusB [Kc 5h]
Kerberus94: folds 
HubertusB: folds 
N0$tradamu$: raises $0.10 to $0.15
Hyd SK: folds 
jirikasik89: folds 
anasanto: folds 
Uncalled bet ($0.10) returned to N0$tradamu$
N0$tradamu$ collected $0.12 from pot
N0$tradamu$: doesn't show hand 
*** SUMMARY ***
Total pot $0.12 | Rake $0 
Seat 1: Hyd SK (button) folded before Flop (didn't bet)
Seat 2: jirikasik89 (small blind) folded before Flop
Seat 3: anasanto (big blind) folded before Flop
Seat 4: Kerberus94 folded before Flop (didn't bet)
Seat 5: HubertusB folded before Flop (didn't bet)
Seat 6: N0$tradamu$ collected ($0.12)



PokerStars Zoom Hand #177281530537:  Hold'em No Limit ($0.02/$0.05) - 2017/10/23 23:30:19 CCT [2017/10/23 11:30:19 ET]
Table 'Donati' 6-max Seat #1 is the button
Seat 1: Vasgen033 ($4.95 in chips) 
Seat 2: BPinholeworl ($4.54 in chips) 
Seat 3: moyasyndrome ($5.50 in chips) 
Seat 4: ancqPRO ($7.82 in chips) 
Seat 5: yaroslav932 ($1.63 in chips) 
Seat 6: HubertusB ($4.70 in chips) 
BPinholeworl: posts small blind $0.02
moyasyndrome: posts big blind $0.05
*** HOLE CARDS ***
Dealt to HubertusB [6c Kd]
ancqPRO: folds 
yaroslav932: raises $0.05 to $0.10
HubertusB: folds 
Vasgen033: calls $0.10
BPinholeworl: folds 
moyasyndrome: folds 
*** FLOP *** [2s 4s Ts]
yaroslav932: checks 
Vasgen033: bets $0.10
yaroslav932: folds 
Uncalled bet ($0.10) returned to Vasgen033
Vasgen033 collected $0.26 from pot
Vasgen033: doesn't show hand 
*** SUMMARY ***
Total pot $0.27 | Rake $0.01 
Board [2s 4s Ts]
Seat 1: Vasgen033 (button) collected ($0.26)
Seat 2: BPinholeworl (small blind) folded before Flop
Seat 3: moyasyndrome (big blind) folded before Flop
Seat 4: ancqPRO folded before Flop (didn't bet)
Seat 5: yaroslav932 folded on the Flop
Seat 6: HubertusB folded before Flop (didn't bet)



PokerStars Zoom Hand #177281537863:  Hold'em No Limit ($0.02/$0.05) - 2017/10/23 23:30:31 CCT [2017/10/23 11:30:31 ET]
Table 'Donati' 6-max Seat #1 is the button
Seat 1: HubertusB ($4.70 in chips) 
Seat 2: Limbo777 ($5.41 in chips) 
Seat 3: Hanart ($2.63 in chips) 
Seat 4: MustJokker ($5 in chips) 
Seat 5: ODIN-23-ua ($5 in chips) 
Seat 6: cadexuu ($4.61 in chips) 
Limbo777: posts small blind $0.02
Hanart: posts big blind $0.05
*** HOLE CARDS ***
Dealt to HubertusB [9s 7c]
MustJokker: raises $0.10 to $0.15
ODIN-23-ua: folds 
cadexuu: folds 
HubertusB: folds 
Limbo777: folds 
Hanart: folds 
Uncalled bet ($0.10) returned to MustJokker
MustJokker collected $0.12 from pot
MustJokker: doesn't show hand 
*** SUMMARY ***
Total pot $0.12 | Rake $0 
Seat 1: HubertusB (button) folded before Flop (didn't bet)
Seat 2: Limbo777 (small blind) folded before Flop
Seat 3: Hanart (big blind) folded before Flop
Seat 4: MustJokker collected ($0.12)
Seat 5: ODIN-23-ua folded before Flop (didn't bet)
Seat 6: cadexuu folded before Flop (didn't bet)



PokerStars Zoom Hand #177281553036:  Hold'em No Limit ($0.02/$0.05) - 2017/10/23 23:30:56 CCT [2017/10/23 11:30:56 ET]
Table 'Donati' 6-max Seat #1 is the button
Seat 1: Foma.Alexan ($8.75 in chips) 
Seat 2: HubertusB ($4.65 in chips) 
Seat 3: SardonicusM ($12.17 in chips) 
Seat 4: FootTea ($11.08 in chips) 
Seat 5: piccola32 ($1.48 in chips) 
Seat 6: kalenkovic ($2.96 in chips) 
HubertusB: posts small blind $0.02
SardonicusM: posts big blind $0.05
*** HOLE CARDS ***
Dealt to HubertusB [4h 6s]
FootTea: folds 
piccola32: folds 
kalenkovic: folds 
Foma.Alexan: folds 
HubertusB: folds 
Uncalled bet ($0.03) returned to SardonicusM
SardonicusM collected $0.04 from pot
SardonicusM: doesn't show hand 
*** SUMMARY ***
Total pot $0.04 | Rake $0 
Seat 1: Foma.Alexan (button) folded before Flop (didn't bet)
Seat 2: HubertusB (small blind) folded before Flop
Seat 3: SardonicusM (big blind) collected ($0.04)
Seat 4: FootTea folded before Flop (didn't bet)
Seat 5: piccola32 folded before Flop (didn't bet)
Seat 6: kalenkovic folded before Flop (didn't bet)



PokerStars Zoom Hand #177281545772:  Hold'em No Limit ($0.02/$0.05) - 2017/10/23 23:30:44 CCT [2017/10/23 11:30:44 ET]
Table 'Donati' 6-max Seat #1 is the button
Seat 1: Toxa512 ($5.25 in chips) 
Seat 2: ViaraPL ($6.12 in chips) 
Seat 3: docent3366 ($8.65 in chips) 
Seat 4: Only_Vizard ($5.32 in chips) 
Seat 5: ancqPRO ($5 in chips) 
Seat 6: HubertusB ($4.70 in chips) 
ViaraPL: posts small blind $0.02
docent3366: posts big blind $0.05
*** HOLE CARDS ***
Dealt to HubertusB [Jc 6d]
Only_Vizard: folds 
ancqPRO: folds 
HubertusB: folds 
Toxa512: raises $0.05 to $0.10
ViaraPL: folds 
docent3366: calls $0.05
*** FLOP *** [Th 6h 9s]
docent3366: bets $0.11
Toxa512: calls $0.11
*** TURN *** [Th 6h 9s] [Ad]
docent3366: bets $0.21
Toxa512: calls $0.21
*** RIVER *** [Th 6h 9s Ad] [Kd]
docent3366: bets $0.55
Toxa512: folds 
Uncalled bet ($0.55) returned to docent3366
docent3366 collected $0.82 from pot
docent3366: doesn't show hand 
*** SUMMARY ***
Total pot $0.86 | Rake $0.04 
Board [Th 6h 9s Ad Kd]
Seat 1: Toxa512 (button) folded on the River
Seat 2: ViaraPL (small blind) folded before Flop
Seat 3: docent3366 (big blind) collected ($0.82)
Seat 4: Only_Vizard folded before Flop (didn't bet)
Seat 5: ancqPRO folded before Flop (didn't bet)
Seat 6: HubertusB folded before Flop (didn't bet)



PokerStars Zoom Hand #177281561611:  Hold'em No Limit ($0.02/$0.05) - 2017/10/23 23:31:10 CCT [2017/10/23 11:31:10 ET]
Table 'Donati' 6-max Seat #1 is the button
Seat 1: S1HED ($9.92 in chips) 
Seat 2: howugodonk ($2.62 in chips) 
Seat 3: KOWAL530 ($13.79 in chips) 
Seat 4: HubertusB ($4.63 in chips) 
Seat 5: Draber06 ($5.43 in chips) 
Seat 6: Fedor199191 ($6.54 in chips) 
howugodonk: posts small blind $0.02
KOWAL530: posts big blind $0.05
*** HOLE CARDS ***
Dealt to HubertusB [9h 3c]
HubertusB: folds 
Draber06: raises $0.09 to $0.14
Fedor199191: folds 
S1HED: folds 
howugodonk: raises $0.33 to $0.47
KOWAL530: folds 
Draber06: folds 
Uncalled bet ($0.33) returned to howugodonk
howugodonk collected $0.33 from pot
howugodonk: doesn't show hand 
*** SUMMARY ***
Total pot $0.33 | Rake $0 
Seat 1: S1HED (button) folded before Flop (didn't bet)
Seat 2: howugodonk (small blind) collected ($0.33)
Seat 3: KOWAL530 (big blind) folded before Flop
Seat 4: HubertusB folded before Flop (didn't bet)
Seat 5: Draber06 folded before Flop
Seat 6: Fedor199191 folded before Flop (didn't bet)



PokerStars Zoom Hand #177281570682:  Hold'em No Limit ($0.02/$0.05) - 2017/10/23 23:31:25 CCT [2017/10/23 11:31:25 ET]
Table 'Donati' 6-max Seat #1 is the button
Seat 1: emsmart ($3.41 in chips) 
Seat 2: hsingyang ($17.71 in chips) 
Seat 3: HubertusB ($4.63 in chips) 
Seat 4: LUST!942 ($5.35 in chips) 
Seat 5: anthony19719 ($26.36 in chips) 
Seat 6: dardiman ($1.17 in chips) 
hsingyang: posts small blind $0.02
HubertusB: posts big blind $0.05
*** HOLE CARDS ***
Dealt to HubertusB [9d 7s]
LUST!942: folds 
anthony19719: folds 
dardiman: folds 
emsmart: folds 
hsingyang: raises $0.10 to $0.15
HubertusB: folds 
Uncalled bet ($0.10) returned to hsingyang
hsingyang collected $0.10 from pot
hsingyang: doesn't show hand 
*** SUMMARY ***
Total pot $0.10 | Rake $0 
Seat 1: emsmart (button) folded before Flop (didn't bet)
Seat 2: hsingyang (small blind) collected ($0.10)
Seat 3: HubertusB (big blind) folded before Flop
Seat 4: LUST!942 folded before Flop (didn't bet)
Seat 5: anthony19719 folded before Flop (didn't bet)
Seat 6: dardiman folded before Flop (didn't bet)



PokerStars Zoom Hand #177281567679:  Hold'em No Limit ($0.02/$0.05) - 2017/10/23 23:31:20 CCT [2017/10/23 11:31:20 ET]
Table 'Donati' 6-max Seat #1 is the button
Seat 1: HubertusB ($4.63 in chips) 
Seat 2: Fedor199191 ($5.21 in chips) 
Seat 3: yochi29 ($5 in chips) 
Seat 4: Mikhaylov St ($6 in chips) 
Seat 5: Gakisnupster ($9.09 in chips) 
Seat 6: T0M5T3R ($5.50 in chips) 
Fedor199191: posts small blind $0.02
yochi29: posts big blind $0.05
*** HOLE CARDS ***
Dealt to HubertusB [4h 6d]
Mikhaylov St: raises $0.07 to $0.12
Gakisnupster: folds 
T0M5T3R: folds 
HubertusB: folds 
Fedor199191: folds 
yochi29: folds 
Uncalled bet ($0.07) returned to Mikhaylov St
Mikhaylov St collected $0.12 from pot
Mikhaylov St: doesn't show hand 
*** SUMMARY ***
Total pot $0.12 | Rake $0 
Seat 1: HubertusB (button) folded before Flop (didn't bet)
Seat 2: Fedor199191 (small blind) folded before Flop
Seat 3: yochi29 (big blind) folded before Flop
Seat 4: Mikhaylov St collected ($0.12)
Seat 5: Gakisnupster folded before Flop (didn't bet)
Seat 6: T0M5T3R folded before Flop (didn't bet)



PokerStars Zoom Hand #177281564687:  Hold'em No Limit ($0.02/$0.05) - 2017/10/23 23:31:15 CCT [2017/10/23 11:31:15 ET]
Table 'Donati' 6-max Seat #1 is the button
Seat 1: Grizli1993 ($10.62 in chips) 
Seat 2: AGT1960 ($6.34 in chips) 
Seat 3: svebbo ($3.44 in chips) 
Seat 4: HubertusB ($4.63 in chips) 
Seat 5: 15Thousand ($5.10 in chips) 
Seat 6: Parjato ($6.77 in chips) 
AGT1960: posts small blind $0.02
svebbo: posts big blind $0.05
*** HOLE CARDS ***
Dealt to HubertusB [4c Jc]
HubertusB: folds 
15Thousand: folds 
Parjato: raises $0.07 to $0.12
Grizli1993: calls $0.12
AGT1960: folds 
svebbo: folds 
*** FLOP *** [Ts Ah 3s]
Parjato: checks 
Grizli1993: checks 
*** TURN *** [Ts Ah 3s] [5h]
Parjato: bets $0.20
Grizli1993: calls $0.20
*** RIVER *** [Ts Ah 3s 5h] [As]
Parjato: checks 
Grizli1993: bets $0.68
Parjato: folds 
Uncalled bet ($0.68) returned to Grizli1993
Grizli1993 collected $0.68 from pot
Grizli1993: doesn't show hand 
*** SUMMARY ***
Total pot $0.71 | Rake $0.03 
Board [Ts Ah 3s 5h As]
Seat 1: Grizli1993 (button) collected ($0.68)
Seat 2: AGT1960 (small blind) folded before Flop
Seat 3: svebbo (big blind) folded before Flop
Seat 4: HubertusB folded before Flop (didn't bet)
Seat 5: 15Thousand folded before Flop (didn't bet)
Seat 6: Parjato folded on the River



PokerStars Zoom Hand #177281575532:  Hold'em No Limit ($0.02/$0.05) - 2017/10/23 23:31:33 CCT [2017/10/23 11:31:33 ET]
Table 'Donati' 6-max Seat #1 is the button
Seat 1: LUST!942 ($5.33 in chips) 
Seat 2: HubertusB ($4.58 in chips) 
Seat 3: JaguarBLR ($5.29 in chips) 
Seat 4: Parjato ($5 in chips) 
Seat 5: Gek7771 ($12.12 in chips) 
Seat 6: qk rodriguez ($16.44 in chips) 
HubertusB: posts small blind $0.02
JaguarBLR: posts big blind $0.05
*** HOLE CARDS ***
Dealt to HubertusB [7d 5h]
Parjato: raises $0.10 to $0.15
Gek7771: folds 
qk rodriguez: folds 
LUST!942: calls $0.15
HubertusB: folds 
JaguarBLR: folds 
*** FLOP *** [Ac 4c 8h]
Parjato: checks 
LUST!942: bets $0.17
Parjato: folds 
Uncalled bet ($0.17) returned to LUST!942
LUST!942 collected $0.35 from pot
LUST!942: doesn't show hand 
*** SUMMARY ***
Total pot $0.37 | Rake $0.02 
Board [Ac 4c 8h]
Seat 1: LUST!942 (button) collected ($0.35)
Seat 2: HubertusB (small blind) folded before Flop
Seat 3: JaguarBLR (big blind) folded before Flop
Seat 4: Parjato folded on the Flop
Seat 5: Gek7771 folded before Flop (didn't bet)
Seat 6: qk rodriguez folded before Flop (didn't bet)



PokerStars Zoom Hand #177281548827:  Hold'em No Limit ($0.02/$0.05) - 2017/10/23 23:30:49 CCT [2017/10/23 11:30:49 ET]
Table 'Donati' 6-max Seat #1 is the button
Seat 1: Maniac140689 ($5.44 in chips) 
Seat 2: totojkee ($5 in chips) 
Seat 3: HubertusB ($4.70 in chips) 
Seat 4: D.R.H0830 ($5 in chips) 
Seat 5: Justus1909 ($6.34 in chips) 
Seat 6: Mikhaylov St ($5.74 in chips) 
totojkee: posts small blind $0.02
HubertusB: posts big blind $0.05
*** HOLE CARDS ***
Dealt to HubertusB [8s 7h]
D.R.H0830: raises $0.10 to $0.15
Justus1909: folds 
Mikhaylov St: calls $0.15
Maniac140689: folds 
totojkee: folds 
HubertusB: folds 
*** FLOP *** [2s Jc 2c]
D.R.H0830: bets $0.18
Mikhaylov St: calls $0.18
*** TURN *** [2s Jc 2c] [4c]
D.R.H0830: bets $0.40
Mikhaylov St: raises $0.45 to $0.85
D.R.H0830: folds 
Uncalled bet ($0.45) returned to Mikhaylov St
Mikhaylov St collected $1.47 from pot
Mikhaylov St: doesn't show hand 
*** SUMMARY ***
Total pot $1.53 | Rake $0.06 
Board [2s Jc 2c 4c]
Seat 1: Maniac140689 (button) folded before Flop (didn't bet)
Seat 2: totojkee (small blind) folded before Flop
Seat 3: HubertusB (big blind) folded before Flop
Seat 4: D.R.H0830 folded on the Turn
Seat 5: Justus1909 folded before Flop (didn't bet)
Seat 6: Mikhaylov St collected ($1.47)



PokerStars Zoom Hand #177281585416:  Hold'em No Limit ($0.02/$0.05) - 2017/10/23 23:31:49 CCT [2017/10/23 11:31:49 ET]
Table 'Donati' 6-max Seat #1 is the button
Seat 1: SpecialForMe ($5.25 in chips) 
Seat 2: purpbueno ($8.85 in chips) 
Seat 3: Bjeujeuler ($10.81 in chips) 
Seat 4: Piotru$Pan24 ($9.68 in chips) 
Seat 5: HubertusB ($4.56 in chips) 
Seat 6: SkatePug ($5 in chips) 
purpbueno: posts small blind $0.02
Bjeujeuler: posts big blind $0.05
*** HOLE CARDS ***
Dealt to HubertusB [8h Ts]
Piotru$Pan24: folds 
HubertusB: folds 
SkatePug: raises $0.10 to $0.15
SpecialForMe: folds 
purpbueno: folds 
Bjeujeuler: folds 
Uncalled bet ($0.10) returned to SkatePug
SkatePug collected $0.12 from pot
SkatePug: doesn't show hand 
*** SUMMARY ***
Total pot $0.12 | Rake $0 
Seat 1: SpecialForMe (button) folded before Flop (didn't bet)
Seat 2: purpbueno (small blind) folded before Flop
Seat 3: Bjeujeuler (big blind) folded before Flop
Seat 4: Piotru$Pan24 folded before Flop (didn't bet)
Seat 5: HubertusB folded before Flop (didn't bet)
Seat 6: SkatePug collected ($0.12)



PokerStars Zoom Hand #177281592851:  Hold'em No Limit ($0.02/$0.05) - 2017/10/23 23:32:01 CCT [2017/10/23 11:32:01 ET]
Table 'Donati' 6-max Seat #1 is the button
Seat 1: HubertusB ($4.56 in chips) 
Seat 2: Gakisnupster ($9.02 in chips) 
Seat 3: uporotyu ($5 in chips) 
Seat 4: WisherBG ($5 in chips) 
Seat 5: yochi29 ($6.14 in chips) 
Seat 6: Only_Vizard ($25.04 in chips) 
Gakisnupster: posts small blind $0.02
uporotyu: posts big blind $0.05
*** HOLE CARDS ***
Dealt to HubertusB [Td Ks]
WisherBG: folds 
yochi29: folds 
Only_Vizard: folds 
HubertusB: folds 
Gakisnupster: folds 
Uncalled bet ($0.03) returned to uporotyu
uporotyu collected $0.04 from pot
uporotyu: doesn't show hand 
*** SUMMARY ***
Total pot $0.04 | Rake $0 
Seat 1: HubertusB (button) folded before Flop (didn't bet)
Seat 2: Gakisnupster (small blind) folded before Flop
Seat 3: uporotyu (big blind) collected ($0.04)
Seat 4: WisherBG folded before Flop (didn't bet)
Seat 5: yochi29 folded before Flop (didn't bet)
Seat 6: Only_Vizard folded before Flop (didn't bet)



PokerStars Zoom Hand #177281589735:  Hold'em No Limit ($0.02/$0.05) - 2017/10/23 23:31:56 CCT [2017/10/23 11:31:56 ET]
Table 'Donati' 6-max Seat #1 is the button
Seat 1: Bjeujeuler ($5.36 in chips) 
Seat 2: T0M5T3R ($5.02 in chips) 
Seat 3: ScarantoLeo ($5.77 in chips) 
Seat 4: Hyd SK ($7.71 in chips) 
Seat 5: HubertusB ($4.56 in chips) 
Seat 6: waitwalter ($5.14 in chips) 
T0M5T3R: posts small blind $0.02
ScarantoLeo: posts big blind $0.05
*** HOLE CARDS ***
Dealt to HubertusB [Jh 6s]
Hyd SK: folds 
HubertusB: folds 
waitwalter: folds 
Bjeujeuler: raises $0.07 to $0.12
T0M5T3R: folds 
ScarantoLeo: folds 
Uncalled bet ($0.07) returned to Bjeujeuler
Bjeujeuler collected $0.12 from pot
Bjeujeuler: doesn't show hand 
*** SUMMARY ***
Total pot $0.12 | Rake $0 
Seat 1: Bjeujeuler (button) collected ($0.12)
Seat 2: T0M5T3R (small blind) folded before Flop
Seat 3: ScarantoLeo (big blind) folded before Flop
Seat 4: Hyd SK folded before Flop (didn't bet)
Seat 5: HubertusB folded before Flop (didn't bet)
Seat 6: waitwalter folded before Flop (didn't bet)



PokerStars Zoom Hand #177281598355:  Hold'em No Limit ($0.02/$0.05) - 2017/10/23 23:32:10 CCT [2017/10/23 11:32:10 ET]
Table 'Donati' 6-max Seat #1 is the button
Seat 1: taypan101 ($5 in chips) 
Seat 2: 15Thousand ($4.98 in chips) 
Seat 3: HubertusB ($4.56 in chips) 
Seat 4: padde886 ($5.11 in chips) 
Seat 5: Balu199005 ($3.71 in chips) 
Seat 6: Toxa512 ($5 in chips) 
15Thousand: posts small blind $0.02
HubertusB: posts big blind $0.05
*** HOLE CARDS ***
Dealt to HubertusB [7h Ad]
padde886: folds 
Balu199005: raises $0.05 to $0.10
Toxa512: folds 
taypan101: folds 
15Thousand: folds 
HubertusB: folds 
Uncalled bet ($0.05) returned to Balu199005
Balu199005 collected $0.12 from pot
Balu199005: doesn't show hand 
*** SUMMARY ***
Total pot $0.12 | Rake $0 
Seat 1: taypan101 (button) folded before Flop (didn't bet)
Seat 2: 15Thousand (small blind) folded before Flop
Seat 3: HubertusB (big blind) folded before Flop
Seat 4: padde886 folded before Flop (didn't bet)
Seat 5: Balu199005 collected ($0.12)
Seat 6: Toxa512 folded before Flop (didn't bet)



PokerStars Zoom Hand #177281581799:  Hold'em No Limit ($0.02/$0.05) - 2017/10/23 23:31:43 CCT [2017/10/23 11:31:43 ET]
Table 'Donati' 6-max Seat #1 is the button
Seat 1: Julito_S19 ($5.26 in chips) 
Seat 2: GuardCorp ($13.27 in chips) 
Seat 3: LKarel ($3.10 in chips) 
Seat 4: bene7474 ($5.09 in chips) 
Seat 5: Tmalikis1 ($12.99 in chips) 
Seat 6: HubertusB ($4.56 in chips) 
GuardCorp: posts small blind $0.02
LKarel: posts big blind $0.05
*** HOLE CARDS ***
Dealt to HubertusB [2c 5h]
bene7474: folds 
Tmalikis1: folds 
HubertusB: folds 
Julito_S19: raises $0.07 to $0.12
GuardCorp: folds 
LKarel: calls $0.07
*** FLOP *** [9h 8d Td]
LKarel: checks 
Julito_S19: checks 
*** TURN *** [9h 8d Td] [3d]
LKarel: bets $0.05
Julito_S19: calls $0.05
*** RIVER *** [9h 8d Td 3d] [8c]
LKarel: bets $0.05
Julito_S19: calls $0.05
*** SHOW DOWN ***
LKarel: shows [Kh Ts] (two pair, Tens and Eights)
Julito_S19: mucks hand 
LKarel collected $0.44 from pot
*** SUMMARY ***
Total pot $0.46 | Rake $0.02 
Board [9h 8d Td 3d 8c]
Seat 1: Julito_S19 (button) mucked [6c 6h]
Seat 2: GuardCorp (small blind) folded before Flop
Seat 3: LKarel (big blind) showed [Kh Ts] and won ($0.44) with two pair, Tens and Eights
Seat 4: bene7474 folded before Flop (didn't bet)
Seat 5: Tmalikis1 folded before Flop (didn't bet)
Seat 6: HubertusB folded before Flop (didn't bet)



PokerStars Zoom Hand #177281603857:  Hold'em No Limit ($0.02/$0.05) - 2017/10/23 23:32:19 CCT [2017/10/23 11:32:19 ET]
Table 'Donati' 6-max Seat #1 is the button
Seat 1: stoik83 ($5.11 in chips) 
Seat 2: HubertusB ($4.51 in chips) 
Seat 3: swopp0815 ($5.07 in chips) 
Seat 4: fabiosousa22 ($2.61 in chips) 
Seat 5: xxJesseGxx ($8.63 in chips) 
Seat 6: padde886 ($6.70 in chips) 
HubertusB: posts small blind $0.02
swopp0815: posts big blind $0.05
*** HOLE CARDS ***
Dealt to HubertusB [7s Td]
fabiosousa22: folds 
xxJesseGxx: folds 
padde886: raises $0.10 to $0.15
stoik83: folds 
HubertusB: folds 
swopp0815: folds 
Uncalled bet ($0.10) returned to padde886
padde886 collected $0.12 from pot
padde886: doesn't show hand 
*** SUMMARY ***
Total pot $0.12 | Rake $0 
Seat 1: stoik83 (button) folded before Flop (didn't bet)
Seat 2: HubertusB (small blind) folded before Flop
Seat 3: swopp0815 (big blind) folded before Flop
Seat 4: fabiosousa22 folded before Flop (didn't bet)
Seat 5: xxJesseGxx folded before Flop (didn't bet)
Seat 6: padde886 collected ($0.12)



PokerStars Zoom Hand #177281607001:  Hold'em No Limit ($0.02/$0.05) - 2017/10/23 23:32:24 CCT [2017/10/23 11:32:24 ET]
Table 'Donati' 6-max Seat #1 is the button
Seat 1: jIMMY123487 ($7.65 in chips) 
Seat 2: flomacter646 ($5.03 in chips) 
Seat 3: Thomas Wi13 ($10.04 in chips) 
Seat 4: DrD.Phoenix ($6.24 in chips) 
Seat 5: HubertusB ($4.49 in chips) 
Seat 6: radulov8 ($5.20 in chips) 
flomacter646: posts small blind $0.02
Thomas Wi13: posts big blind $0.05
*** HOLE CARDS ***
Dealt to HubertusB [8d Kd]
DrD.Phoenix: folds 
HubertusB: raises $0.05 to $0.10
radulov8: folds 
jIMMY123487: calls $0.10
flomacter646: folds 
Thomas Wi13: folds 
*** FLOP *** [Qd 4s As]
HubertusB: bets $0.15
jIMMY123487: calls $0.15
*** TURN *** [Qd 4s As] [Jd]
HubertusB: bets $0.30
jIMMY123487: calls $0.30
*** RIVER *** [Qd 4s As Jd] [Td]
HubertusB: bets $0.82
jIMMY123487: raises $6.28 to $7.10 and is all-in
HubertusB: calls $3.12 and is all-in
Uncalled bet ($3.16) returned to jIMMY123487
*** SHOW DOWN ***
jIMMY123487: shows [Js Ad] (two pair, Aces and Jacks)
HubertusB: shows [8d Kd] (a flush, King high)
HubertusB collected $8.67 from pot
*** SUMMARY ***
Total pot $9.05 | Rake $0.38 
Board [Qd 4s As Jd Td]
Seat 1: jIMMY123487 (button) showed [Js Ad] and lost with two pair, Aces and Jacks
Seat 2: flomacter646 (small blind) folded before Flop
Seat 3: Thomas Wi13 (big blind) folded before Flop
Seat 4: DrD.Phoenix folded before Flop (didn't bet)
Seat 5: HubertusB showed [8d Kd] and won ($8.67) with a flush, King high
Seat 6: radulov8 folded before Flop (didn't bet)



PokerStars Zoom Hand #177281646229:  Hold'em No Limit ($0.02/$0.05) - 2017/10/23 23:33:28 CCT [2017/10/23 11:33:28 ET]
Table 'Donati' 6-max Seat #1 is the button
Seat 1: tsukasou ($5 in chips) 
Seat 2: petpetboom ($1.93 in chips) 
Seat 3: HubertusB ($8.67 in chips) 
Seat 4: snapA$AP ($5 in chips) 
Seat 5: unFair235 ($16.79 in chips) 
Seat 6: GIMMEMORE_TX ($5.23 in chips) 
petpetboom: posts small blind $0.02
HubertusB: posts big blind $0.05
*** HOLE CARDS ***
Dealt to HubertusB [4s 8d]
snapA$AP: folds 
unFair235: folds 
GIMMEMORE_TX: folds 
tsukasou: raises $0.10 to $0.15
petpetboom: calls $0.13
HubertusB: folds 
*** FLOP *** [Kc 6h 5h]
petpetboom: checks 
tsukasou: bets $0.20
petpetboom: folds 
Uncalled bet ($0.20) returned to tsukasou
tsukasou collected $0.34 from pot
tsukasou: doesn't show hand 
*** SUMMARY ***
Total pot $0.35 | Rake $0.01 
Board [Kc 6h 5h]
Seat 1: tsukasou (button) collected ($0.34)
Seat 2: petpetboom (small blind) folded on the Flop
Seat 3: HubertusB (big blind) folded before Flop
Seat 4: snapA$AP folded before Flop (didn't bet)
Seat 5: unFair235 folded before Flop (didn't bet)
Seat 6: GIMMEMORE_TX folded before Flop (didn't bet)



PokerStars Zoom Hand #177281658612:  Hold'em No Limit ($0.02/$0.05) - 2017/10/23 23:33:48 CCT [2017/10/23 11:33:48 ET]
Table 'Donati' 6-max Seat #1 is the button
Seat 1: Parjato ($9.55 in chips) 
Seat 2: ooiaooao ($7.34 in chips) 
Seat 3: T0M5T3R ($5.74 in chips) 
Seat 4: waitwalter ($5 in chips) 
Seat 5: maksimmak925 ($5.79 in chips) 
Seat 6: HubertusB ($8.62 in chips) 
ooiaooao: posts small blind $0.02
T0M5T3R: posts big blind $0.05
*** HOLE CARDS ***
Dealt to HubertusB [9h 4h]
waitwalter: folds 
maksimmak925: folds 
HubertusB: folds 
Parjato: folds 
ooiaooao: folds 
Uncalled bet ($0.03) returned to T0M5T3R
T0M5T3R collected $0.04 from pot
T0M5T3R: doesn't show hand 
*** SUMMARY ***
Total pot $0.04 | Rake $0 
Seat 1: Parjato (button) folded before Flop (didn't bet)
Seat 2: ooiaooao (small blind) folded before Flop
Seat 3: T0M5T3R (big blind) collected ($0.04)
Seat 4: waitwalter folded before Flop (didn't bet)
Seat 5: maksimmak925 folded before Flop (didn't bet)
Seat 6: HubertusB folded before Flop (didn't bet)



PokerStars Zoom Hand #177281662344:  Hold'em No Limit ($0.02/$0.05) - 2017/10/23 23:33:54 CCT [2017/10/23 11:33:54 ET]
Table 'Donati' 6-max Seat #1 is the button
Seat 1: HubertusB ($8.62 in chips) 
Seat 2: Antash.RU ($6.01 in chips) 
Seat 3: JaguarBLR ($7.16 in chips) 
Seat 4: LKarel ($3.11 in chips) 
Seat 5: onepunchcamp ($2.16 in chips) 
Seat 6: d1nkytoy ($5.22 in chips) 
Antash.RU: posts small blind $0.02
JaguarBLR: posts big blind $0.05
*** HOLE CARDS ***
Dealt to HubertusB [2h 8d]
LKarel: folds 
onepunchcamp: folds 
d1nkytoy: folds 
HubertusB: folds 
Antash.RU: folds 
Uncalled bet ($0.03) returned to JaguarBLR
JaguarBLR collected $0.04 from pot
JaguarBLR: doesn't show hand 
*** SUMMARY ***
Total pot $0.04 | Rake $0 
Seat 1: HubertusB (button) folded before Flop (didn't bet)
Seat 2: Antash.RU (small blind) folded before Flop
Seat 3: JaguarBLR (big blind) collected ($0.04)
Seat 4: LKarel folded before Flop (didn't bet)
Seat 5: onepunchcamp folded before Flop (didn't bet)
Seat 6: d1nkytoy folded before Flop (didn't bet)



PokerStars Zoom Hand #177281654858:  Hold'em No Limit ($0.02/$0.05) - 2017/10/23 23:33:42 CCT [2017/10/23 11:33:42 ET]
Table 'Donati' 6-max Seat #1 is the button
Seat 1: imnotgosu ($2.88 in chips) 
Seat 2: zugy37ru ($4.91 in chips) 
Seat 3: anasanto ($10.24 in chips) 
Seat 4: Thomas Wi13 ($5.45 in chips) 
Seat 5: k1v0k ($5 in chips) 
Seat 6: HubertusB ($8.62 in chips) 
zugy37ru: posts small blind $0.02
anasanto: posts big blind $0.05
*** HOLE CARDS ***
Dealt to HubertusB [Jd 6d]
Thomas Wi13: raises $0.10 to $0.15
k1v0k: folds 
HubertusB: folds 
imnotgosu: calls $0.15
zugy37ru: folds 
anasanto: folds 
*** FLOP *** [7d Ah 8s]
Thomas Wi13: checks 
imnotgosu: checks 
*** TURN *** [7d Ah 8s] [3s]
Thomas Wi13: bets $0.23
imnotgosu: folds 
Uncalled bet ($0.23) returned to Thomas Wi13
Thomas Wi13 collected $0.35 from pot
Thomas Wi13: doesn't show hand 
*** SUMMARY ***
Total pot $0.37 | Rake $0.02 
Board [7d Ah 8s 3s]
Seat 1: imnotgosu (button) folded on the Turn
Seat 2: zugy37ru (small blind) folded before Flop
Seat 3: anasanto (big blind) folded before Flop
Seat 4: Thomas Wi13 collected ($0.35)
Seat 5: k1v0k folded before Flop (didn't bet)
Seat 6: HubertusB folded before Flop (didn't bet)



PokerStars Zoom Hand #177281665429:  Hold'em No Limit ($0.02/$0.05) - 2017/10/23 23:33:59 CCT [2017/10/23 11:33:59 ET]
Table 'Donati' 6-max Seat #1 is the button
Seat 1: CrazyFar ($2.02 in chips) 
Seat 2: Yroslav Mudr ($4.28 in chips) 
Seat 3: sombathey ($5 in chips) 
Seat 4: HubertusB ($8.62 in chips) 
Seat 5: ODIN-23-ua ($5 in chips) 
Seat 6: Morgot339 ($5.43 in chips) 
Yroslav Mudr: posts small blind $0.02
sombathey: posts big blind $0.05
*** HOLE CARDS ***
Dealt to HubertusB [Qc Tc]
HubertusB: raises $0.07 to $0.12
ODIN-23-ua: folds 
Morgot339: folds 
CrazyFar: folds 
Yroslav Mudr: folds 
sombathey: folds 
Uncalled bet ($0.07) returned to HubertusB
HubertusB collected $0.12 from pot
HubertusB: doesn't show hand 
*** SUMMARY ***
Total pot $0.12 | Rake $0 
Seat 1: CrazyFar (button) folded before Flop (didn't bet)
Seat 2: Yroslav Mudr (small blind) folded before Flop
Seat 3: sombathey (big blind) folded before Flop
Seat 4: HubertusB collected ($0.12)
Seat 5: ODIN-23-ua folded before Flop (didn't bet)
Seat 6: Morgot339 folded before Flop (didn't bet)



PokerStars Zoom Hand #177281673429:  Hold'em No Limit ($0.02/$0.05) - 2017/10/23 23:34:12 CCT [2017/10/23 11:34:12 ET]
Table 'Donati' 6-max Seat #1 is the button
Seat 1: Deluxe Lux ($4.74 in chips) 
Seat 2: HubertusB ($8.69 in chips) 
Seat 3: Dennybm ($5 in chips) 
Seat 4: ODIN-23-ua ($5 in chips) 
Seat 5: Hanart ($7.68 in chips) 
Seat 6: Julito_S19 ($5.18 in chips) 
HubertusB: posts small blind $0.02
Dennybm: posts big blind $0.05
*** HOLE CARDS ***
Dealt to HubertusB [Jh Qh]
ODIN-23-ua: folds 
Hanart: raises $0.07 to $0.12
Julito_S19: folds 
Deluxe Lux: calls $0.12
HubertusB: raises $0.48 to $0.60
Dennybm: folds 
Hanart: folds 
Deluxe Lux: folds 
Uncalled bet ($0.48) returned to HubertusB
HubertusB collected $0.41 from pot
HubertusB: doesn't show hand 
*** SUMMARY ***
Total pot $0.41 | Rake $0 
Seat 1: Deluxe Lux (button) folded before Flop
Seat 2: HubertusB (small blind) collected ($0.41)
Seat 3: Dennybm (big blind) folded before Flop
Seat 4: ODIN-23-ua folded before Flop (didn't bet)
Seat 5: Hanart folded before Flop
Seat 6: Julito_S19 folded before Flop (didn't bet)



PokerStars Zoom Hand #177281700095:  Hold'em No Limit ($0.02/$0.05) - 2017/10/23 23:34:55 CCT [2017/10/23 11:34:55 ET]
Table 'Donati' 6-max Seat #1 is the button
Seat 1: Phadrigh ($5 in chips) 
Seat 2: darioswampy ($20.71 in chips) 
Seat 3: jablonja ($5 in chips) 
Seat 4: svebbo ($3.17 in chips) 
Seat 5: zugy37ru ($5.41 in chips) 
Seat 6: HubertusB ($8.98 in chips) 
darioswampy: posts small blind $0.02
jablonja: posts big blind $0.05
*** HOLE CARDS ***
Dealt to HubertusB [3c 7d]
svebbo: folds 
zugy37ru: folds 
HubertusB: folds 
Phadrigh: folds 
darioswampy: folds 
Uncalled bet ($0.03) returned to jablonja
jablonja collected $0.04 from pot
jablonja: doesn't show hand 
*** SUMMARY ***
Total pot $0.04 | Rake $0 
Seat 1: Phadrigh (button) folded before Flop (didn't bet)
Seat 2: darioswampy (small blind) folded before Flop
Seat 3: jablonja (big blind) collected ($0.04)
Seat 4: svebbo folded before Flop (didn't bet)
Seat 5: zugy37ru folded before Flop (didn't bet)
Seat 6: HubertusB folded before Flop (didn't bet)



PokerStars Zoom Hand #177281696963:  Hold'em No Limit ($0.02/$0.05) - 2017/10/23 23:34:50 CCT [2017/10/23 11:34:50 ET]
Table 'Donati' 6-max Seat #1 is the button
Seat 1: GIMMEMORE_TX ($5.16 in chips) 
Seat 2: LIghtsout856 ($5.70 in chips) 
Seat 3: fat@l_err0r ($5 in chips) 
Seat 4: HubertusB ($8.98 in chips) 
Seat 5: zzpotter ($5 in chips) 
Seat 6: okipoky ($5.24 in chips) 
LIghtsout856: posts small blind $0.02
fat@l_err0r: posts big blind $0.05
*** HOLE CARDS ***
Dealt to HubertusB [5s Qc]
HubertusB: folds 
zzpotter: folds 
okipoky: raises $0.10 to $0.15
GIMMEMORE_TX: folds 
LIghtsout856: raises $0.35 to $0.50
fat@l_err0r: folds 
okipoky: calls $0.35
*** FLOP *** [7c 9s 2c]
LIghtsout856: checks 
okipoky: bets $0.55
LIghtsout856: calls $0.55
*** TURN *** [7c 9s 2c] [5c]
LIghtsout856: checks 
okipoky: checks 
*** RIVER *** [7c 9s 2c 5c] [3s]
LIghtsout856: checks 
okipoky: checks 
*** SHOW DOWN ***
LIghtsout856: shows [Qs Ac] (high card Ace)
okipoky: shows [Th 9h] (a pair of Nines)
okipoky collected $2.06 from pot
*** SUMMARY ***
Total pot $2.15 | Rake $0.09 
Board [7c 9s 2c 5c 3s]
Seat 1: GIMMEMORE_TX (button) folded before Flop (didn't bet)
Seat 2: LIghtsout856 (small blind) showed [Qs Ac] and lost with high card Ace
Seat 3: fat@l_err0r (big blind) folded before Flop
Seat 4: HubertusB folded before Flop (didn't bet)
Seat 5: zzpotter folded before Flop (didn't bet)
Seat 6: okipoky showed [Th 9h] and won ($2.06) with a pair of Nines



PokerStars Zoom Hand #177281704487:  Hold'em No Limit ($0.02/$0.05) - 2017/10/23 23:35:02 CCT [2017/10/23 11:35:02 ET]
Table 'Donati' 6-max Seat #1 is the button
Seat 1: HubertusB ($8.98 in chips) 
Seat 2: ladakross ($6.62 in chips) 
Seat 3: Jast4Fan95 ($5 in chips) 
Seat 4: EasyGamerrr ($5 in chips) 
Seat 5: mirtes10 ($2.37 in chips) 
Seat 6: prochy1909 ($5.28 in chips) 
ladakross: posts small blind $0.02
Jast4Fan95: posts big blind $0.05
*** HOLE CARDS ***
Dealt to HubertusB [5h Qh]
EasyGamerrr: folds 
mirtes10: folds 
prochy1909: raises $0.10 to $0.15
HubertusB: folds 
ladakross: calls $0.13
Jast4Fan95: calls $0.10
*** FLOP *** [Ac 3h Qc]
ladakross: checks 
Jast4Fan95: bets $0.22
prochy1909: folds 
ladakross: folds 
Uncalled bet ($0.22) returned to Jast4Fan95
Jast4Fan95 collected $0.43 from pot
Jast4Fan95: doesn't show hand 
*** SUMMARY ***
Total pot $0.45 | Rake $0.02 
Board [Ac 3h Qc]
Seat 1: HubertusB (button) folded before Flop (didn't bet)
Seat 2: ladakross (small blind) folded on the Flop
Seat 3: Jast4Fan95 (big blind) collected ($0.43)
Seat 4: EasyGamerrr folded before Flop (didn't bet)
Seat 5: mirtes10 folded before Flop (didn't bet)
Seat 6: prochy1909 folded on the Flop



PokerStars Zoom Hand #177281721067:  Hold'em No Limit ($0.02/$0.05) - 2017/10/23 23:35:29 CCT [2017/10/23 11:35:29 ET]
Table 'Donati' 6-max Seat #1 is the button
Seat 1: dashkagf ($5.17 in chips) 
Seat 2: SardonicusM ($11.21 in chips) 
Seat 3: darioswampy ($11.42 in chips) 
Seat 4: HubertusB ($8.91 in chips) 
Seat 5: D.R.H0830 ($5.43 in chips) 
Seat 6: kettler26 ($5.33 in chips) 
SardonicusM: posts small blind $0.02
darioswampy: posts big blind $0.05
*** HOLE CARDS ***
Dealt to HubertusB [5h Kh]
HubertusB: folds 
D.R.H0830: folds 
kettler26: folds 
dashkagf: folds 
SardonicusM: folds 
Uncalled bet ($0.03) returned to darioswampy
darioswampy collected $0.04 from pot
darioswampy: doesn't show hand 
*** SUMMARY ***
Total pot $0.04 | Rake $0 
Seat 1: dashkagf (button) folded before Flop (didn't bet)
Seat 2: SardonicusM (small blind) folded before Flop
Seat 3: darioswampy (big blind) collected ($0.04)
Seat 4: HubertusB folded before Flop (didn't bet)
Seat 5: D.R.H0830 folded before Flop (didn't bet)
Seat 6: kettler26 folded before Flop (didn't bet)



PokerStars Zoom Hand #177281717439:  Hold'em No Limit ($0.02/$0.05) - 2017/10/23 23:35:23 CCT [2017/10/23 11:35:23 ET]
Table 'Donati' 6-max Seat #1 is the button
Seat 1: diablo4824 ($4.96 in chips) 
Seat 2: HubertusB ($8.93 in chips) 
Seat 3: stoik83 ($4.52 in chips) 
Seat 4: TheDreamBaby ($6.39 in chips) 
Seat 5: T0M5T3R ($5.99 in chips) 
Seat 6: padde886 ($5.12 in chips) 
HubertusB: posts small blind $0.02
stoik83: posts big blind $0.05
*** HOLE CARDS ***
Dealt to HubertusB [Th 6s]
TheDreamBaby: raises $0.10 to $0.15
T0M5T3R: folds 
padde886: folds 
diablo4824: calls $0.15
HubertusB: folds 
stoik83: folds 
*** FLOP *** [5d 8c 9s]
TheDreamBaby: bets $0.18
diablo4824: folds 
Uncalled bet ($0.18) returned to TheDreamBaby
TheDreamBaby collected $0.35 from pot
TheDreamBaby: doesn't show hand 
*** SUMMARY ***
Total pot $0.37 | Rake $0.02 
Board [5d 8c 9s]
Seat 1: diablo4824 (button) folded on the Flop
Seat 2: HubertusB (small blind) folded before Flop
Seat 3: stoik83 (big blind) folded before Flop
Seat 4: TheDreamBaby collected ($0.35)
Seat 5: T0M5T3R folded before Flop (didn't bet)
Seat 6: padde886 folded before Flop (didn't bet)



