PokerStars Zoom Hand #177280049400:  Hold'em No Limit ($0.02/$0.05) - 2017/10/23 22:48:07 CCT [2017/10/23 10:48:07 ET]
Table 'Donati' 6-max Seat #1 is the button
Seat 1: GOGOELEPHANT ($4.98 in chips) 
Seat 2: boomkoz ($5.67 in chips) 
Seat 3: HubertusB ($5 in chips) 
Seat 4: zzdaw ($6.83 in chips) 
Seat 5: ruShmell ($5.29 in chips) 
Seat 6: unFair235 ($5.13 in chips) 
boomkoz: posts small blind $0.02
HubertusB: posts big blind $0.05
*** HOLE CARDS ***
Dealt to HubertusB [5c 8s]
zzdaw: folds 
ruShmell: folds 
unFair235: folds 
GOGOELEPHANT: raises $0.10 to $0.15
boomkoz: folds 
HubertusB: folds 
Uncalled bet ($0.10) returned to GOGOELEPHANT
GOGOELEPHANT collected $0.12 from pot
GOGOELEPHANT: doesn't show hand 
*** SUMMARY ***
Total pot $0.12 | Rake $0 
Seat 1: GOGOELEPHANT (button) collected ($0.12)
Seat 2: boomkoz (small blind) folded before Flop
Seat 3: HubertusB (big blind) folded before Flop
Seat 4: zzdaw folded before Flop (didn't bet)
Seat 5: ruShmell folded before Flop (didn't bet)
Seat 6: unFair235 folded before Flop (didn't bet)



PokerStars Zoom Hand #177280055683:  Hold'em No Limit ($0.02/$0.05) - 2017/10/23 22:48:18 CCT [2017/10/23 10:48:18 ET]
Table 'Donati' 6-max Seat #1 is the button
Seat 1: jIMMY123487 ($5.23 in chips) 
Seat 2: HubertusB ($4.95 in chips) 
Seat 3: Kadastep ($8.52 in chips) 
Seat 4: make my d938 ($4.83 in chips) 
Seat 5: BardJeka ($4.03 in chips) 
Seat 6: MoreThen3 ($5.88 in chips) 
HubertusB: posts small blind $0.02
Kadastep: posts big blind $0.05
*** HOLE CARDS ***
Dealt to HubertusB [7d 5d]
make my d938: folds 
BardJeka: raises $0.07 to $0.12
MoreThen3: folds 
jIMMY123487: folds 
HubertusB: folds 
Kadastep: folds 
Uncalled bet ($0.07) returned to BardJeka
BardJeka collected $0.12 from pot
BardJeka: doesn't show hand 
*** SUMMARY ***
Total pot $0.12 | Rake $0 
Seat 1: jIMMY123487 (button) folded before Flop (didn't bet)
Seat 2: HubertusB (small blind) folded before Flop
Seat 3: Kadastep (big blind) folded before Flop
Seat 4: make my d938 folded before Flop (didn't bet)
Seat 5: BardJeka collected ($0.12)
Seat 6: MoreThen3 folded before Flop (didn't bet)



PokerStars Zoom Hand #177280059189:  Hold'em No Limit ($0.02/$0.05) - 2017/10/23 22:48:24 CCT [2017/10/23 10:48:24 ET]
Table 'Donati' 6-max Seat #1 is the button
Seat 1: HubertusB ($4.93 in chips) 
Seat 2: chuvi88 ($5.60 in chips) 
Seat 3: tatarinnnn ($9.55 in chips) 
Seat 4: GBR96 ($12.55 in chips) 
Seat 5: dnd777 ($3.18 in chips) 
Seat 6: GOGOELEPHANT ($4.93 in chips) 
chuvi88: posts small blind $0.02
tatarinnnn: posts big blind $0.05
*** HOLE CARDS ***
Dealt to HubertusB [5d Tc]
GBR96: folds 
dnd777: folds 
GOGOELEPHANT: folds 
HubertusB: folds 
chuvi88: raises $0.07 to $0.12
tatarinnnn: folds 
Uncalled bet ($0.07) returned to chuvi88
chuvi88 collected $0.10 from pot
chuvi88: doesn't show hand 
*** SUMMARY ***
Total pot $0.10 | Rake $0 
Seat 1: HubertusB (button) folded before Flop (didn't bet)
Seat 2: chuvi88 (small blind) collected ($0.10)
Seat 3: tatarinnnn (big blind) folded before Flop
Seat 4: GBR96 folded before Flop (didn't bet)
Seat 5: dnd777 folded before Flop (didn't bet)
Seat 6: GOGOELEPHANT folded before Flop (didn't bet)



PokerStars Zoom Hand #177280062594:  Hold'em No Limit ($0.02/$0.05) - 2017/10/23 22:48:30 CCT [2017/10/23 10:48:30 ET]
Table 'Donati' 6-max Seat #1 is the button
Seat 1: BogMiros1 ($5.27 in chips) 
Seat 2: PokeMeCard ($5.38 in chips) 
Seat 3: Comra1d ($6.81 in chips) 
Seat 4: Makum70 ($5 in chips) 
Seat 5: kenlas ($13.78 in chips) 
Seat 6: HubertusB ($4.93 in chips) 
PokeMeCard: posts small blind $0.02
Comra1d: posts big blind $0.05
*** HOLE CARDS ***
Dealt to HubertusB [Qs Kh]
Makum70: folds 
kenlas: folds 
HubertusB: raises $0.10 to $0.15
BogMiros1: folds 
PokeMeCard: folds 
Comra1d: folds 
Uncalled bet ($0.10) returned to HubertusB
HubertusB collected $0.12 from pot
HubertusB: doesn't show hand 
*** SUMMARY ***
Total pot $0.12 | Rake $0 
Seat 1: BogMiros1 (button) folded before Flop (didn't bet)
Seat 2: PokeMeCard (small blind) folded before Flop
Seat 3: Comra1d (big blind) folded before Flop
Seat 4: Makum70 folded before Flop (didn't bet)
Seat 5: kenlas folded before Flop (didn't bet)
Seat 6: HubertusB collected ($0.12)



PokerStars Zoom Hand #177280073096:  Hold'em No Limit ($0.02/$0.05) - 2017/10/23 22:48:48 CCT [2017/10/23 10:48:48 ET]
Table 'Donati' 6-max Seat #1 is the button
Seat 1: Doimuni ($5.42 in chips) 
Seat 2: KEI777956 ($10.89 in chips) 
Seat 3: 1a2a3a0p9p ($2.66 in chips) 
Seat 4: anasanto ($5 in chips) 
Seat 5: HubertusB ($5 in chips) 
Seat 6: Baker1326 ($5 in chips) 
KEI777956: posts small blind $0.02
1a2a3a0p9p: posts big blind $0.05
*** HOLE CARDS ***
Dealt to HubertusB [8s Jc]
anasanto: raises $0.10 to $0.15
HubertusB: raises $0.10 to $0.25
Baker1326: folds 
Doimuni: folds 
KEI777956: folds 
1a2a3a0p9p: folds 
anasanto: raises $0.25 to $0.50
HubertusB: folds 
Uncalled bet ($0.25) returned to anasanto
anasanto collected $0.57 from pot
anasanto: doesn't show hand 
*** SUMMARY ***
Total pot $0.57 | Rake $0 
Seat 1: Doimuni (button) folded before Flop (didn't bet)
Seat 2: KEI777956 (small blind) folded before Flop
Seat 3: 1a2a3a0p9p (big blind) folded before Flop
Seat 4: anasanto collected ($0.57)
Seat 5: HubertusB folded before Flop
Seat 6: Baker1326 folded before Flop (didn't bet)



PokerStars Zoom Hand #177280081244:  Hold'em No Limit ($0.02/$0.05) - 2017/10/23 22:49:02 CCT [2017/10/23 10:49:02 ET]
Table 'Donati' 6-max Seat #1 is the button
Seat 1: ewwel ($1.56 in chips) 
Seat 2: karysel@bk ($6.50 in chips) 
Seat 3: MBAUMI5 ($7.99 in chips) 
Seat 4: HubertusB ($4.75 in chips) 
Seat 5: zone_daniel ($6.06 in chips) 
Seat 6: 24kk ($3.54 in chips) 
karysel@bk: posts small blind $0.02
MBAUMI5: posts big blind $0.05
*** HOLE CARDS ***
Dealt to HubertusB [9c 5c]
HubertusB: folds 
zone_daniel: raises $0.07 to $0.12
24kk: folds 
ewwel: folds 
karysel@bk: folds 
MBAUMI5: folds 
Uncalled bet ($0.07) returned to zone_daniel
zone_daniel collected $0.12 from pot
zone_daniel: doesn't show hand 
*** SUMMARY ***
Total pot $0.12 | Rake $0 
Seat 1: ewwel (button) folded before Flop (didn't bet)
Seat 2: karysel@bk (small blind) folded before Flop
Seat 3: MBAUMI5 (big blind) folded before Flop
Seat 4: HubertusB folded before Flop (didn't bet)
Seat 5: zone_daniel collected ($0.12)
Seat 6: 24kk folded before Flop (didn't bet)



PokerStars Zoom Hand #177280084159:  Hold'em No Limit ($0.02/$0.05) - 2017/10/23 22:49:07 CCT [2017/10/23 10:49:07 ET]
Table 'Donati' 6-max Seat #1 is the button
Seat 1: malotou ($14.19 in chips) 
Seat 2: CIDUL21 ($7.69 in chips) 
Seat 3: HubertusB ($4.75 in chips) 
Seat 4: sniper5228 ($4.75 in chips) 
Seat 5: Bjeujeuler ($7.61 in chips) 
Seat 6: propoker1118 ($4.46 in chips) 
CIDUL21: posts small blind $0.02
HubertusB: posts big blind $0.05
*** HOLE CARDS ***
Dealt to HubertusB [Kd Kc]
sniper5228: folds 
Bjeujeuler: folds 
propoker1118: folds 
malotou: folds 
CIDUL21: folds 
Uncalled bet ($0.03) returned to HubertusB
HubertusB collected $0.04 from pot
HubertusB: doesn't show hand 
*** SUMMARY ***
Total pot $0.04 | Rake $0 
Seat 1: malotou (button) folded before Flop (didn't bet)
Seat 2: CIDUL21 (small blind) folded before Flop
Seat 3: HubertusB (big blind) collected ($0.04)
Seat 4: sniper5228 folded before Flop (didn't bet)
Seat 5: Bjeujeuler folded before Flop (didn't bet)
Seat 6: propoker1118 folded before Flop (didn't bet)



PokerStars Zoom Hand #177280091761:  Hold'em No Limit ($0.02/$0.05) - 2017/10/23 22:49:20 CCT [2017/10/23 10:49:20 ET]
Table 'Donati' 6-max Seat #1 is the button
Seat 1: kid_28@0 ($5.16 in chips) 
Seat 2: HubertusB ($4.77 in chips) 
Seat 3: chuvi88 ($5 in chips) 
Seat 4: wilburdodd ($5.93 in chips) 
Seat 5: BiggieJoe27 ($6.41 in chips) 
Seat 6: soalp ($4.72 in chips) 
HubertusB: posts small blind $0.02
chuvi88: posts big blind $0.05
*** HOLE CARDS ***
Dealt to HubertusB [Ts Qs]
wilburdodd: folds 
BiggieJoe27: folds 
soalp: folds 
kid_28@0: folds 
HubertusB: raises $0.10 to $0.15
chuvi88: folds 
Uncalled bet ($0.10) returned to HubertusB
HubertusB collected $0.10 from pot
HubertusB: doesn't show hand 
*** SUMMARY ***
Total pot $0.10 | Rake $0 
Seat 1: kid_28@0 (button) folded before Flop (didn't bet)
Seat 2: HubertusB (small blind) collected ($0.10)
Seat 3: chuvi88 (big blind) folded before Flop
Seat 4: wilburdodd folded before Flop (didn't bet)
Seat 5: BiggieJoe27 folded before Flop (didn't bet)
Seat 6: soalp folded before Flop (didn't bet)



PokerStars Zoom Hand #177280102068:  Hold'em No Limit ($0.02/$0.05) - 2017/10/23 22:49:38 CCT [2017/10/23 10:49:38 ET]
Table 'Donati' 6-max Seat #1 is the button
Seat 1: HubertusB ($4.82 in chips) 
Seat 2: maksimmak925 ($4.17 in chips) 
Seat 3: prochy1909 ($8.53 in chips) 
Seat 4: justchill198 ($8.72 in chips) 
Seat 5: MrSuperior ($7.66 in chips) 
Seat 6: Chunichi ($3.11 in chips) 
maksimmak925: posts small blind $0.02
prochy1909: posts big blind $0.05
*** HOLE CARDS ***
Dealt to HubertusB [2c Tc]
justchill198: folds 
MrSuperior: folds 
Chunichi: folds 
HubertusB: raises $0.05 to $0.10
maksimmak925: calls $0.08
prochy1909: folds 
*** FLOP *** [5h Ks Ts]
maksimmak925: checks 
HubertusB: checks 
*** TURN *** [5h Ks Ts] [8c]
maksimmak925: bets $0.15
HubertusB: calls $0.15
*** RIVER *** [5h Ks Ts 8c] [6d]
maksimmak925: bets $0.25
HubertusB: calls $0.25
*** SHOW DOWN ***
maksimmak925: shows [4h Ad] (high card Ace)
HubertusB: shows [2c Tc] (a pair of Tens)
HubertusB collected $1.01 from pot
*** SUMMARY ***
Total pot $1.05 | Rake $0.04 
Board [5h Ks Ts 8c 6d]
Seat 1: HubertusB (button) showed [2c Tc] and won ($1.01) with a pair of Tens
Seat 2: maksimmak925 (small blind) showed [4h Ad] and lost with high card Ace
Seat 3: prochy1909 (big blind) folded before Flop
Seat 4: justchill198 folded before Flop (didn't bet)
Seat 5: MrSuperior folded before Flop (didn't bet)
Seat 6: Chunichi folded before Flop (didn't bet)



PokerStars Zoom Hand #177280124320:  Hold'em No Limit ($0.02/$0.05) - 2017/10/23 22:50:16 CCT [2017/10/23 10:50:16 ET]
Table 'Donati' 6-max Seat #1 is the button
Seat 1: Kerberus94 ($4.58 in chips) 
Seat 2: steef2430 ($2.15 in chips) 
Seat 3: HubertusB ($5.33 in chips) 
Seat 4: butters59 ($11.08 in chips) 
Seat 5: ruShmell ($5 in chips) 
Seat 6: Oliana88 ($5.13 in chips) 
steef2430: posts small blind $0.02
HubertusB: posts big blind $0.05
*** HOLE CARDS ***
Dealt to HubertusB [Jc 7h]
butters59: folds 
ruShmell: folds 
Oliana88: folds 
Kerberus94: raises $0.10 to $0.15
steef2430: folds 
HubertusB: folds 
Uncalled bet ($0.10) returned to Kerberus94
Kerberus94 collected $0.12 from pot
Kerberus94: doesn't show hand 
*** SUMMARY ***
Total pot $0.12 | Rake $0 
Seat 1: Kerberus94 (button) collected ($0.12)
Seat 2: steef2430 (small blind) folded before Flop
Seat 3: HubertusB (big blind) folded before Flop
Seat 4: butters59 folded before Flop (didn't bet)
Seat 5: ruShmell folded before Flop (didn't bet)
Seat 6: Oliana88 folded before Flop (didn't bet)



PokerStars Zoom Hand #177280131300:  Hold'em No Limit ($0.02/$0.05) - 2017/10/23 22:50:28 CCT [2017/10/23 10:50:28 ET]
Table 'Donati' 6-max Seat #1 is the button
Seat 1: SEXXYMARTIN ($7.38 in chips) 
Seat 2: HubertusB ($5.28 in chips) 
Seat 3: 24kk ($6.20 in chips) 
Seat 4: Tmalikis1 ($7.97 in chips) 
Seat 5: levskoi ($1.16 in chips) 
Seat 6: iuar113 ($9.02 in chips) 
HubertusB: posts small blind $0.02
24kk: posts big blind $0.05
*** HOLE CARDS ***
Dealt to HubertusB [9h Qc]
Tmalikis1: raises $0.07 to $0.12
levskoi: folds 
iuar113: folds 
SEXXYMARTIN: folds 
HubertusB: folds 
24kk: folds 
Uncalled bet ($0.07) returned to Tmalikis1
Tmalikis1 collected $0.12 from pot
Tmalikis1: doesn't show hand 
*** SUMMARY ***
Total pot $0.12 | Rake $0 
Seat 1: SEXXYMARTIN (button) folded before Flop (didn't bet)
Seat 2: HubertusB (small blind) folded before Flop
Seat 3: 24kk (big blind) folded before Flop
Seat 4: Tmalikis1 collected ($0.12)
Seat 5: levskoi folded before Flop (didn't bet)
Seat 6: iuar113 folded before Flop (didn't bet)



PokerStars Zoom Hand #177280134217:  Hold'em No Limit ($0.02/$0.05) - 2017/10/23 22:50:33 CCT [2017/10/23 10:50:33 ET]
Table 'Donati' 6-max Seat #1 is the button
Seat 1: piotr peters ($7.23 in chips) 
Seat 2: Region059 ($5.85 in chips) 
Seat 3: Foma.Alexan ($5 in chips) 
Seat 4: Lean2497 ($6.94 in chips) 
Seat 5: Tzevtkoff ($6.76 in chips) 
Seat 6: HubertusB ($5.26 in chips) 
Region059: posts small blind $0.02
Foma.Alexan: posts big blind $0.05
*** HOLE CARDS ***
Dealt to HubertusB [9h 7s]
Lean2497: folds 
Tzevtkoff: folds 
HubertusB: raises $0.05 to $0.10
piotr peters: folds 
Region059: folds 
Foma.Alexan: folds 
Uncalled bet ($0.05) returned to HubertusB
HubertusB collected $0.12 from pot
HubertusB: doesn't show hand 
*** SUMMARY ***
Total pot $0.12 | Rake $0 
Seat 1: piotr peters (button) folded before Flop (didn't bet)
Seat 2: Region059 (small blind) folded before Flop
Seat 3: Foma.Alexan (big blind) folded before Flop
Seat 4: Lean2497 folded before Flop (didn't bet)
Seat 5: Tzevtkoff folded before Flop (didn't bet)
Seat 6: HubertusB collected ($0.12)



PokerStars Zoom Hand #177280144071:  Hold'em No Limit ($0.02/$0.05) - 2017/10/23 22:50:50 CCT [2017/10/23 10:50:50 ET]
Table 'Donati' 6-max Seat #1 is the button
Seat 1: DeepCopy ($7.79 in chips) 
Seat 2: opodgornij ($7.89 in chips) 
Seat 3: Cap Nemo2011 ($4.67 in chips) 
Seat 4: LuizAlbaneze ($5.11 in chips) 
Seat 5: Region059 ($6.13 in chips) 
Seat 6: HubertusB ($5.33 in chips) 
opodgornij: posts small blind $0.02
Cap Nemo2011: posts big blind $0.05
*** HOLE CARDS ***
Dealt to HubertusB [9d Kc]
LuizAlbaneze: folds 
Region059: folds 
HubertusB: raises $0.05 to $0.10
DeepCopy: folds 
opodgornij: calls $0.08
Cap Nemo2011: folds 
*** FLOP *** [8c Kh Ac]
opodgornij: checks 
HubertusB: checks 
*** TURN *** [8c Kh Ac] [Jh]
opodgornij: bets $0.05
HubertusB: calls $0.05
*** RIVER *** [8c Kh Ac Jh] [3s]
opodgornij: bets $0.05
HubertusB: raises $0.15 to $0.20
opodgornij: calls $0.15
*** SHOW DOWN ***
HubertusB: shows [9d Kc] (a pair of Kings)
opodgornij: shows [7s As] (a pair of Aces)
opodgornij collected $0.72 from pot
*** SUMMARY ***
Total pot $0.75 | Rake $0.03 
Board [8c Kh Ac Jh 3s]
Seat 1: DeepCopy (button) folded before Flop (didn't bet)
Seat 2: opodgornij (small blind) showed [7s As] and won ($0.72) with a pair of Aces
Seat 3: Cap Nemo2011 (big blind) folded before Flop
Seat 4: LuizAlbaneze folded before Flop (didn't bet)
Seat 5: Region059 folded before Flop (didn't bet)
Seat 6: HubertusB showed [9d Kc] and lost with a pair of Kings



PokerStars Zoom Hand #177280160965:  Hold'em No Limit ($0.02/$0.05) - 2017/10/23 22:51:19 CCT [2017/10/23 10:51:19 ET]
Table 'Donati' 6-max Seat #1 is the button
Seat 1: HubertusB ($4.98 in chips) 
Seat 2: Preacher_In ($5.02 in chips) 
Seat 3: tatarinnnn ($8.44 in chips) 
Seat 4: prochy1909 ($13.17 in chips) 
Seat 5: Gustav00 ($2.03 in chips) 
Seat 6: TNTswales ($2.43 in chips) 
Preacher_In: posts small blind $0.02
tatarinnnn: posts big blind $0.05
*** HOLE CARDS ***
Dealt to HubertusB [Kd Tc]
prochy1909: raises $0.10 to $0.15
Gustav00: folds 
TNTswales: calls $0.15
HubertusB: folds 
Preacher_In: folds 
tatarinnnn: folds 
*** FLOP *** [3d 6c Qc]
prochy1909: bets $0.19
TNTswales: calls $0.19
*** TURN *** [3d 6c Qc] [4d]
prochy1909: checks 
TNTswales: bets $0.30
prochy1909: folds 
Uncalled bet ($0.30) returned to TNTswales
TNTswales collected $0.72 from pot
TNTswales: doesn't show hand 
*** SUMMARY ***
Total pot $0.75 | Rake $0.03 
Board [3d 6c Qc 4d]
Seat 1: HubertusB (button) folded before Flop (didn't bet)
Seat 2: Preacher_In (small blind) folded before Flop
Seat 3: tatarinnnn (big blind) folded before Flop
Seat 4: prochy1909 folded on the Turn
Seat 5: Gustav00 folded before Flop (didn't bet)
Seat 6: TNTswales collected ($0.72)



PokerStars Zoom Hand #177280178619:  Hold'em No Limit ($0.02/$0.05) - 2017/10/23 22:51:49 CCT [2017/10/23 10:51:49 ET]
Table 'Donati' 6-max Seat #1 is the button
Seat 1: Andronius99 ($5.16 in chips) 
Seat 2: ArtSGV ($6.05 in chips) 
Seat 3: HubertusB ($4.88 in chips) 
Seat 4: Comra1d ($8.23 in chips) 
Seat 5: parfumer123 ($5.34 in chips) 
Seat 6: KOWAL530 ($5 in chips) 
ArtSGV: posts small blind $0.02
HubertusB: posts big blind $0.05
*** HOLE CARDS ***
Dealt to HubertusB [6h 4h]
Comra1d: folds 
parfumer123: raises $0.10 to $0.15
KOWAL530: folds 
Andronius99: folds 
ArtSGV: folds 
HubertusB: folds 
Uncalled bet ($0.10) returned to parfumer123
parfumer123 collected $0.12 from pot
parfumer123: doesn't show hand 
*** SUMMARY ***
Total pot $0.12 | Rake $0 
Seat 1: Andronius99 (button) folded before Flop (didn't bet)
Seat 2: ArtSGV (small blind) folded before Flop
Seat 3: HubertusB (big blind) folded before Flop
Seat 4: Comra1d folded before Flop (didn't bet)
Seat 5: parfumer123 collected ($0.12)
Seat 6: KOWAL530 folded before Flop (didn't bet)



PokerStars Zoom Hand #177280175636:  Hold'em No Limit ($0.02/$0.05) - 2017/10/23 22:51:44 CCT [2017/10/23 10:51:44 ET]
Table 'Donati' 6-max Seat #1 is the button
Seat 1: butters59 ($10.95 in chips) 
Seat 2: syoryo ($0.44 in chips) 
Seat 3: Dshrek86 ($1.59 in chips) 
Seat 4: HubertusB ($4.88 in chips) 
Seat 5: neyzey ($5.14 in chips) 
Seat 6: eraser242 ($10.24 in chips) 
syoryo: posts small blind $0.02
Dshrek86: posts big blind $0.05
*** HOLE CARDS ***
Dealt to HubertusB [9d 5d]
HubertusB: folds 
neyzey: raises $0.05 to $0.10
eraser242: folds 
butters59: folds 
syoryo: raises $0.34 to $0.44 and is all-in
Dshrek86: folds 
neyzey: calls $0.34
*** FLOP *** [7h 8d 5s]
*** TURN *** [7h 8d 5s] [6s]
*** RIVER *** [7h 8d 5s 6s] [3d]
*** SHOW DOWN ***
syoryo: shows [Ks Ac] (high card Ace)
neyzey: shows [Jd Js] (a pair of Jacks)
neyzey collected $0.89 from pot
*** SUMMARY ***
Total pot $0.93 | Rake $0.04 
Board [7h 8d 5s 6s 3d]
Seat 1: butters59 (button) folded before Flop (didn't bet)
Seat 2: syoryo (small blind) showed [Ks Ac] and lost with high card Ace
Seat 3: Dshrek86 (big blind) folded before Flop
Seat 4: HubertusB folded before Flop (didn't bet)
Seat 5: neyzey showed [Jd Js] and won ($0.89) with a pair of Jacks
Seat 6: eraser242 folded before Flop (didn't bet)



PokerStars Zoom Hand #177280186685:  Hold'em No Limit ($0.02/$0.05) - 2017/10/23 22:52:03 CCT [2017/10/23 10:52:03 ET]
Table 'Donati' 6-max Seat #1 is the button
Seat 1: HubertusB ($4.83 in chips) 
Seat 2: gerrul3r ($5.61 in chips) 
Seat 3: Blinkote ($5.07 in chips) 
Seat 4: XYHTRA ($12.94 in chips) 
Seat 5: HH-hour ($5.79 in chips) 
Seat 6: Novak508 ($9.53 in chips) 
gerrul3r: posts small blind $0.02
Blinkote: posts big blind $0.05
*** HOLE CARDS ***
Dealt to HubertusB [Qs 9h]
XYHTRA: folds 
HH-hour: folds 
Novak508: raises $0.10 to $0.15
HubertusB: raises $0.30 to $0.45
gerrul3r: folds 
Blinkote: folds 
Novak508: folds 
Uncalled bet ($0.30) returned to HubertusB
HubertusB collected $0.37 from pot
HubertusB: doesn't show hand 
*** SUMMARY ***
Total pot $0.37 | Rake $0 
Seat 1: HubertusB (button) collected ($0.37)
Seat 2: gerrul3r (small blind) folded before Flop
Seat 3: Blinkote (big blind) folded before Flop
Seat 4: XYHTRA folded before Flop (didn't bet)
Seat 5: HH-hour folded before Flop (didn't bet)
Seat 6: Novak508 folded before Flop



PokerStars Zoom Hand #177280164554:  Hold'em No Limit ($0.02/$0.05) - 2017/10/23 22:51:25 CCT [2017/10/23 10:51:25 ET]
Table 'Donati' 6-max Seat #1 is the button
Seat 1: maszek80 ($3.05 in chips) 
Seat 2: BogMiros1 ($5.31 in chips) 
Seat 3: roelix ($1.54 in chips) 
Seat 4: ineket ($4.67 in chips) 
Seat 5: HubertusB ($4.98 in chips) 
Seat 6: Kerberus94 ($12.91 in chips) 
BogMiros1: posts small blind $0.02
roelix: posts big blind $0.05
*** HOLE CARDS ***
Dealt to HubertusB [Ad Td]
ineket: folds 
HubertusB: raises $0.05 to $0.10
Kerberus94: raises $0.15 to $0.25
maszek80: folds 
BogMiros1: raises $0.50 to $0.75
roelix: folds 
HubertusB: folds 
Kerberus94: calls $0.50
*** FLOP *** [Jh 7h 2c]
BogMiros1: bets $0.79
Kerberus94: calls $0.79
*** TURN *** [Jh 7h 2c] [6h]
BogMiros1: bets $2.25
Kerberus94: folds 
Uncalled bet ($2.25) returned to BogMiros1
BogMiros1 collected $3.10 from pot
BogMiros1: doesn't show hand 
*** SUMMARY ***
Total pot $3.23 | Rake $0.13 
Board [Jh 7h 2c 6h]
Seat 1: maszek80 (button) folded before Flop (didn't bet)
Seat 2: BogMiros1 (small blind) collected ($3.10)
Seat 3: roelix (big blind) folded before Flop
Seat 4: ineket folded before Flop (didn't bet)
Seat 5: HubertusB folded before Flop
Seat 6: Kerberus94 folded on the Turn



PokerStars Zoom Hand #177280183828:  Hold'em No Limit ($0.02/$0.05) - 2017/10/23 22:51:58 CCT [2017/10/23 10:51:58 ET]
Table 'Donati' 6-max Seat #1 is the button
Seat 1: GOGOELEPHANT ($5.55 in chips) 
Seat 2: GuardCorp ($5 in chips) 
Seat 3: geochar87 ($19.41 in chips) 
Seat 4: prochy1909 ($20.28 in chips) 
Seat 5: HubertusB ($4.83 in chips) 
Seat 6: udiu01 ($3.28 in chips) 
GuardCorp: posts small blind $0.02
geochar87: posts big blind $0.05
*** HOLE CARDS ***
Dealt to HubertusB [9d 2c]
prochy1909: folds 
HubertusB: folds 
udiu01: raises $0.10 to $0.15
GOGOELEPHANT: folds 
GuardCorp: folds 
geochar87: calls $0.10
*** FLOP *** [8d Qh Td]
geochar87: checks 
udiu01: bets $0.15
geochar87: raises $0.32 to $0.47
udiu01: calls $0.32
*** TURN *** [8d Qh Td] [5h]
geochar87: bets $1
udiu01: calls $1
*** RIVER *** [8d Qh Td 5h] [3h]
geochar87: bets $1.70
udiu01: folds 
Uncalled bet ($1.70) returned to geochar87
geochar87 collected $3.12 from pot
geochar87: doesn't show hand 
*** SUMMARY ***
Total pot $3.26 | Rake $0.14 
Board [8d Qh Td 5h 3h]
Seat 1: GOGOELEPHANT (button) folded before Flop (didn't bet)
Seat 2: GuardCorp (small blind) folded before Flop
Seat 3: geochar87 (big blind) collected ($3.12)
Seat 4: prochy1909 folded before Flop (didn't bet)
Seat 5: HubertusB folded before Flop (didn't bet)
Seat 6: udiu01 folded on the River



PokerStars Zoom Hand #177280197798:  Hold'em No Limit ($0.02/$0.05) - 2017/10/23 22:52:22 CCT [2017/10/23 10:52:22 ET]
Table 'Donati' 6-max Seat #1 is the button
Seat 1: Comra1d ($8.16 in chips) 
Seat 2: HubertusB ($5.05 in chips) 
Seat 3: Only_Vizard ($13.27 in chips) 
Seat 4: zone_daniel ($4.62 in chips) 
Seat 5: valuebet888 ($5.30 in chips) 
Seat 6: lll1112 ($6.15 in chips) 
HubertusB: posts small blind $0.02
Only_Vizard: posts big blind $0.05
*** HOLE CARDS ***
Dealt to HubertusB [Jh 5s]
zone_daniel: folds 
valuebet888: raises $0.07 to $0.12
lll1112: folds 
Comra1d: folds 
HubertusB: folds 
Only_Vizard: folds 
Uncalled bet ($0.07) returned to valuebet888
valuebet888 collected $0.12 from pot
valuebet888: doesn't show hand 
*** SUMMARY ***
Total pot $0.12 | Rake $0 
Seat 1: Comra1d (button) folded before Flop (didn't bet)
Seat 2: HubertusB (small blind) folded before Flop
Seat 3: Only_Vizard (big blind) folded before Flop
Seat 4: zone_daniel folded before Flop (didn't bet)
Seat 5: valuebet888 collected ($0.12)
Seat 6: lll1112 folded before Flop (didn't bet)



PokerStars Zoom Hand #177280201760:  Hold'em No Limit ($0.02/$0.05) - 2017/10/23 22:52:29 CCT [2017/10/23 10:52:29 ET]
Table 'Donati' 6-max Seat #1 is the button
Seat 1: zsmoala ($5.21 in chips) 
Seat 2: Comra1d ($5.92 in chips) 
Seat 3: paradiseg174 ($5.33 in chips) 
Seat 4: 777~COOL~777 ($0.96 in chips) 
Seat 5: tatarinnnn ($5.29 in chips) 
Seat 6: HubertusB ($5.03 in chips) 
Comra1d: posts small blind $0.02
paradiseg174: posts big blind $0.05
*** HOLE CARDS ***
Dealt to HubertusB [Kd 3h]
777~COOL~777: raises $0.10 to $0.15
tatarinnnn: folds 
HubertusB: folds 
zsmoala: folds 
Comra1d: folds 
paradiseg174: folds 
Uncalled bet ($0.10) returned to 777~COOL~777
777~COOL~777 collected $0.12 from pot
777~COOL~777: doesn't show hand 
*** SUMMARY ***
Total pot $0.12 | Rake $0 
Seat 1: zsmoala (button) folded before Flop (didn't bet)
Seat 2: Comra1d (small blind) folded before Flop
Seat 3: paradiseg174 (big blind) folded before Flop
Seat 4: 777~COOL~777 collected ($0.12)
Seat 5: tatarinnnn folded before Flop (didn't bet)
Seat 6: HubertusB folded before Flop (didn't bet)



PokerStars Zoom Hand #177280206404:  Hold'em No Limit ($0.02/$0.05) - 2017/10/23 22:52:37 CCT [2017/10/23 10:52:37 ET]
Table 'Donati' 6-max Seat #1 is the button
Seat 1: Kota0501 ($13.43 in chips) 
Seat 2: Toxa 1971 ($4.38 in chips) 
Seat 3: HH-hour ($8.54 in chips) 
Seat 4: HubertusB ($5.03 in chips) 
Seat 5: brazerOK ($3.25 in chips) 
Seat 6: Odissey P ($3.41 in chips) 
Toxa 1971: posts small blind $0.02
HH-hour: posts big blind $0.05
*** HOLE CARDS ***
Dealt to HubertusB [8s 4h]
HubertusB: folds 
brazerOK: folds 
Odissey P: folds 
Kota0501: folds 
Toxa 1971: raises $0.10 to $0.15
HH-hour: folds 
Uncalled bet ($0.10) returned to Toxa 1971
Toxa 1971 collected $0.10 from pot
Toxa 1971: doesn't show hand 
*** SUMMARY ***
Total pot $0.10 | Rake $0 
Seat 1: Kota0501 (button) folded before Flop (didn't bet)
Seat 2: Toxa 1971 (small blind) collected ($0.10)
Seat 3: HH-hour (big blind) folded before Flop
Seat 4: HubertusB folded before Flop (didn't bet)
Seat 5: brazerOK folded before Flop (didn't bet)
Seat 6: Odissey P folded before Flop (didn't bet)



PokerStars Zoom Hand #177280209349:  Hold'em No Limit ($0.02/$0.05) - 2017/10/23 22:52:42 CCT [2017/10/23 10:52:42 ET]
Table 'Donati' 6-max Seat #1 is the button
Seat 1: Parjato ($5 in chips) 
Seat 2: Kota0501 ($13.43 in chips) 
Seat 3: Bendiger555 ($5.44 in chips) 
Seat 4: stoik83 ($7.29 in chips) 
Seat 5: HubertusB ($5.03 in chips) 
Seat 6: freeman 1333 ($4.64 in chips) 
Kota0501: posts small blind $0.02
Bendiger555: posts big blind $0.05
*** HOLE CARDS ***
Dealt to HubertusB [Jc 9s]
stoik83: folds 
HubertusB: folds 
freeman 1333: folds 
Parjato: folds 
Kota0501: folds 
Uncalled bet ($0.03) returned to Bendiger555
Bendiger555 collected $0.04 from pot
Bendiger555: doesn't show hand 
*** SUMMARY ***
Total pot $0.04 | Rake $0 
Seat 1: Parjato (button) folded before Flop (didn't bet)
Seat 2: Kota0501 (small blind) folded before Flop
Seat 3: Bendiger555 (big blind) collected ($0.04)
Seat 4: stoik83 folded before Flop (didn't bet)
Seat 5: HubertusB folded before Flop (didn't bet)
Seat 6: freeman 1333 folded before Flop (didn't bet)



PokerStars Zoom Hand #177280213423:  Hold'em No Limit ($0.02/$0.05) - 2017/10/23 22:52:49 CCT [2017/10/23 10:52:49 ET]
Table 'Donati' 6-max Seat #1 is the button
Seat 1: chuvi88 ($5.27 in chips) 
Seat 2: Erikzzon13 ($5.67 in chips) 
Seat 3: HubertusB ($5.03 in chips) 
Seat 4: Draber06 ($5.53 in chips) 
Seat 5: diablo4824 ($5.97 in chips) 
Seat 6: Region059 ($5 in chips) 
Erikzzon13: posts small blind $0.02
HubertusB: posts big blind $0.05
*** HOLE CARDS ***
Dealt to HubertusB [8d 8s]
Draber06: folds 
diablo4824: folds 
Region059: folds 
chuvi88: folds 
Erikzzon13: folds 
Uncalled bet ($0.03) returned to HubertusB
HubertusB collected $0.04 from pot
HubertusB: doesn't show hand 
*** SUMMARY ***
Total pot $0.04 | Rake $0 
Seat 1: chuvi88 (button) folded before Flop (didn't bet)
Seat 2: Erikzzon13 (small blind) folded before Flop
Seat 3: HubertusB (big blind) collected ($0.04)
Seat 4: Draber06 folded before Flop (didn't bet)
Seat 5: diablo4824 folded before Flop (didn't bet)
Seat 6: Region059 folded before Flop (didn't bet)



PokerStars Zoom Hand #177280217529:  Hold'em No Limit ($0.02/$0.05) - 2017/10/23 22:52:56 CCT [2017/10/23 10:52:56 ET]
Table 'Donati' 6-max Seat #1 is the button
Seat 1: roob102 ($4.38 in chips) 
Seat 2: HubertusB ($5.05 in chips) 
Seat 3: boomkoz ($7.02 in chips) 
Seat 4: turbogid ($11.41 in chips) 
Seat 5: )l(ekuL ($4.55 in chips) 
Seat 6: l1bguun ($1.42 in chips) 
HubertusB: posts small blind $0.02
boomkoz: posts big blind $0.05
*** HOLE CARDS ***
Dealt to HubertusB [9s 5c]
turbogid: folds 
)l(ekuL: folds 
l1bguun: raises $0.05 to $0.10
roob102: calls $0.10
HubertusB: folds 
boomkoz: calls $0.05
*** FLOP *** [Kc Qh 3c]
boomkoz: checks 
l1bguun: checks 
roob102: bets $0.10
boomkoz: raises $0.26 to $0.36
l1bguun: raises $0.96 to $1.32 and is all-in
roob102: folds 
boomkoz: calls $0.96
*** TURN *** [Kc Qh 3c] [Ah]
*** RIVER *** [Kc Qh 3c Ah] [7d]
*** SHOW DOWN ***
boomkoz: shows [3d 3h] (three of a kind, Threes)
l1bguun: shows [Ks 9d] (a pair of Kings)
boomkoz collected $2.93 from pot
*** SUMMARY ***
Total pot $3.06 | Rake $0.13 
Board [Kc Qh 3c Ah 7d]
Seat 1: roob102 (button) folded on the Flop
Seat 2: HubertusB (small blind) folded before Flop
Seat 3: boomkoz (big blind) showed [3d 3h] and won ($2.93) with three of a kind, Threes
Seat 4: turbogid folded before Flop (didn't bet)
Seat 5: )l(ekuL folded before Flop (didn't bet)
Seat 6: l1bguun showed [Ks 9d] and lost with a pair of Kings



PokerStars Zoom Hand #177280226169:  Hold'em No Limit ($0.02/$0.05) - 2017/10/23 22:53:11 CCT [2017/10/23 10:53:11 ET]
Table 'Donati' 6-max Seat #1 is the button
Seat 1: HubertusB ($5.03 in chips) 
Seat 2: ODIN-23-ua ($6.42 in chips) 
Seat 3: Julito_S19 ($5.08 in chips) 
Seat 4: Chunichi ($5.09 in chips) 
Seat 5: rekoj504 ($8.05 in chips) 
Seat 6: Toxa 1971 ($4.36 in chips) 
ODIN-23-ua: posts small blind $0.02
Julito_S19: posts big blind $0.05
*** HOLE CARDS ***
Dealt to HubertusB [Js 7c]
Chunichi: folds 
rekoj504: folds 
Toxa 1971: folds 
HubertusB: raises $0.05 to $0.10
ODIN-23-ua: folds 
Julito_S19: raises $0.32 to $0.42
HubertusB: raises $0.68 to $1.10
Julito_S19: folds 
Uncalled bet ($0.68) returned to HubertusB
HubertusB collected $0.86 from pot
HubertusB: doesn't show hand 
*** SUMMARY ***
Total pot $0.86 | Rake $0 
Seat 1: HubertusB (button) collected ($0.86)
Seat 2: ODIN-23-ua (small blind) folded before Flop
Seat 3: Julito_S19 (big blind) folded before Flop
Seat 4: Chunichi folded before Flop (didn't bet)
Seat 5: rekoj504 folded before Flop (didn't bet)
Seat 6: Toxa 1971 folded before Flop (didn't bet)



PokerStars Zoom Hand #177280241360:  Hold'em No Limit ($0.02/$0.05) - 2017/10/23 22:53:37 CCT [2017/10/23 10:53:37 ET]
Table 'Donati' 6-max Seat #1 is the button
Seat 1: Amigo113 ($5 in chips) 
Seat 2: X.MatuS ($5 in chips) 
Seat 3: korobo4ka138 ($5 in chips) 
Seat 4: GuardCorp ($5 in chips) 
Seat 5: Bernoulli834 ($7.08 in chips) 
Seat 6: HubertusB ($5.47 in chips) 
X.MatuS: posts small blind $0.02
korobo4ka138: posts big blind $0.05
*** HOLE CARDS ***
Dealt to HubertusB [6s 9d]
GuardCorp: folds 
Bernoulli834: folds 
HubertusB: raises $0.05 to $0.10
Amigo113: folds 
X.MatuS: folds 
korobo4ka138: folds 
Uncalled bet ($0.05) returned to HubertusB
HubertusB collected $0.12 from pot
HubertusB: doesn't show hand 
*** SUMMARY ***
Total pot $0.12 | Rake $0 
Seat 1: Amigo113 (button) folded before Flop (didn't bet)
Seat 2: X.MatuS (small blind) folded before Flop
Seat 3: korobo4ka138 (big blind) folded before Flop
Seat 4: GuardCorp folded before Flop (didn't bet)
Seat 5: Bernoulli834 folded before Flop (didn't bet)
Seat 6: HubertusB collected ($0.12)



PokerStars Zoom Hand #177280251887:  Hold'em No Limit ($0.02/$0.05) - 2017/10/23 22:53:55 CCT [2017/10/23 10:53:55 ET]
Table 'Donati' 6-max Seat #1 is the button
Seat 1: Only_Vizard ($25.06 in chips) 
Seat 2: HubertusB ($5.54 in chips) 
Seat 3: BOSCOBOT ($13 in chips) 
Seat 4: krzys19697 ($8.73 in chips) 
Seat 5: carduus ($6.26 in chips) 
Seat 6: Amigo113 ($5 in chips) 
HubertusB: posts small blind $0.02
BOSCOBOT: posts big blind $0.05
*** HOLE CARDS ***
Dealt to HubertusB [Jc As]
krzys19697: folds 
carduus: folds 
Amigo113: folds 
Only_Vizard: raises $0.06 to $0.11
HubertusB: raises $0.24 to $0.35
BOSCOBOT: folds 
Only_Vizard: calls $0.24
*** FLOP *** [8c 3h Kd]
HubertusB: bets $0.35
Only_Vizard: calls $0.35
*** TURN *** [8c 3h Kd] [Ad]
HubertusB: checks 
Only_Vizard: checks 
*** RIVER *** [8c 3h Kd Ad] [7h]
HubertusB: bets $0.60
Only_Vizard: folds 
Uncalled bet ($0.60) returned to HubertusB
HubertusB collected $1.39 from pot
HubertusB: doesn't show hand 
*** SUMMARY ***
Total pot $1.45 | Rake $0.06 
Board [8c 3h Kd Ad 7h]
Seat 1: Only_Vizard (button) folded on the River
Seat 2: HubertusB (small blind) collected ($1.39)
Seat 3: BOSCOBOT (big blind) folded before Flop
Seat 4: krzys19697 folded before Flop (didn't bet)
Seat 5: carduus folded before Flop (didn't bet)
Seat 6: Amigo113 folded before Flop (didn't bet)



PokerStars Zoom Hand #177280285121:  Hold'em No Limit ($0.02/$0.05) - 2017/10/23 22:54:52 CCT [2017/10/23 10:54:52 ET]
Table 'Donati' 6-max Seat #1 is the button
Seat 1: RikiTikiTivi ($7.21 in chips) 
Seat 2: oige122 ($4.15 in chips) 
Seat 3: BazKaLT ($5 in chips) 
Seat 4: HubertusB ($6.23 in chips) 
Seat 5: HumsiHulahub ($6.36 in chips) 
Seat 6: MrSuperior ($2.92 in chips) 
oige122: posts small blind $0.02
BazKaLT: posts big blind $0.05
*** HOLE CARDS ***
Dealt to HubertusB [Ah 5s]
HubertusB: folds 
HumsiHulahub: raises $0.10 to $0.15
MrSuperior: folds 
RikiTikiTivi: folds 
oige122: folds 
BazKaLT: calls $0.10
*** FLOP *** [Qd Jc 9s]
BazKaLT: checks 
HumsiHulahub: checks 
*** TURN *** [Qd Jc 9s] [2d]
BazKaLT: bets $0.11
HumsiHulahub: folds 
Uncalled bet ($0.11) returned to BazKaLT
BazKaLT collected $0.31 from pot
BazKaLT: doesn't show hand 
*** SUMMARY ***
Total pot $0.32 | Rake $0.01 
Board [Qd Jc 9s 2d]
Seat 1: RikiTikiTivi (button) folded before Flop (didn't bet)
Seat 2: oige122 (small blind) folded before Flop
Seat 3: BazKaLT (big blind) collected ($0.31)
Seat 4: HubertusB folded before Flop (didn't bet)
Seat 5: HumsiHulahub folded on the Turn
Seat 6: MrSuperior folded before Flop (didn't bet)



PokerStars Zoom Hand #177280291368:  Hold'em No Limit ($0.02/$0.05) - 2017/10/23 22:55:03 CCT [2017/10/23 10:55:03 ET]
Table 'Donati' 6-max Seat #1 is the button
Seat 1: Only_Vizard ($13.05 in chips) 
Seat 2: chuvi88 ($5.22 in chips) 
Seat 3: HubertusB ($6.23 in chips) 
Seat 4: Arnie188 ($6.46 in chips) 
Seat 5: tatarinnnn ($3.37 in chips) 
Seat 6: paranoik07 ($5.58 in chips) 
chuvi88: posts small blind $0.02
HubertusB: posts big blind $0.05
*** HOLE CARDS ***
Dealt to HubertusB [Js 9h]
Arnie188: folds 
tatarinnnn: folds 
paranoik07: folds 
Only_Vizard: raises $0.06 to $0.11
chuvi88: raises $0.27 to $0.38
HubertusB: folds 
Only_Vizard: folds 
Uncalled bet ($0.27) returned to chuvi88
chuvi88 collected $0.27 from pot
chuvi88: doesn't show hand 
*** SUMMARY ***
Total pot $0.27 | Rake $0 
Seat 1: Only_Vizard (button) folded before Flop
Seat 2: chuvi88 (small blind) collected ($0.27)
Seat 3: HubertusB (big blind) folded before Flop
Seat 4: Arnie188 folded before Flop (didn't bet)
Seat 5: tatarinnnn folded before Flop (didn't bet)
Seat 6: paranoik07 folded before Flop (didn't bet)



PokerStars Zoom Hand #177280299934:  Hold'em No Limit ($0.02/$0.05) - 2017/10/23 22:55:20 CCT [2017/10/23 10:55:20 ET]
Table 'Donati' 6-max Seat #1 is the button
Seat 1: HubertusB ($6.18 in chips) 
Seat 2: Liberti557 ($6.63 in chips) 
Seat 3: icemman3600 ($1.81 in chips) 
Seat 4: tatarinnnn ($9.56 in chips) 
Seat 5: Vadim Pavluk ($5.42 in chips) 
Seat 6: Region059 ($5.40 in chips) 
Liberti557: posts small blind $0.02
icemman3600: posts big blind $0.05
*** HOLE CARDS ***
Dealt to HubertusB [Ks 9s]
tatarinnnn: folds 
Vadim Pavluk: folds 
Region059: raises $0.07 to $0.12
HubertusB: raises $0.23 to $0.35
Liberti557: folds 
icemman3600: folds 
Region059: calls $0.23
*** FLOP *** [3c As Jh]
Region059: checks 
HubertusB: bets $0.40
Region059: folds 
Uncalled bet ($0.40) returned to HubertusB
HubertusB collected $0.74 from pot
HubertusB: doesn't show hand 
*** SUMMARY ***
Total pot $0.77 | Rake $0.03 
Board [3c As Jh]
Seat 1: HubertusB (button) collected ($0.74)
Seat 2: Liberti557 (small blind) folded before Flop
Seat 3: icemman3600 (big blind) folded before Flop
Seat 4: tatarinnnn folded before Flop (didn't bet)
Seat 5: Vadim Pavluk folded before Flop (didn't bet)
Seat 6: Region059 folded on the Flop



PokerStars Zoom Hand #177280297408:  Hold'em No Limit ($0.02/$0.05) - 2017/10/23 22:55:15 CCT [2017/10/23 10:55:15 ET]
Table 'Donati' 6-max Seat #1 is the button
Seat 1: Oliana88 ($5.09 in chips) 
Seat 2: turbogid ($11.42 in chips) 
Seat 3: boomkoz ($8.77 in chips) 
Seat 4: Comra1d ($6.76 in chips) 
Seat 5: portlaco ($3.17 in chips) 
Seat 6: HubertusB ($6.18 in chips) 
turbogid: posts small blind $0.02
boomkoz: posts big blind $0.05
*** HOLE CARDS ***
Dealt to HubertusB [4s 3c]
Comra1d: folds 
portlaco: folds 
HubertusB: folds 
Oliana88: folds 
turbogid: raises $0.10 to $0.15
boomkoz: raises $0.30 to $0.45
turbogid: calls $0.30
*** FLOP *** [Js 8d 2c]
turbogid: checks 
boomkoz: bets $0.45
turbogid: calls $0.45
*** TURN *** [Js 8d 2c] [3d]
turbogid: checks 
boomkoz: bets $1.30
turbogid: folds 
Uncalled bet ($1.30) returned to boomkoz
boomkoz collected $1.73 from pot
boomkoz: doesn't show hand 
*** SUMMARY ***
Total pot $1.80 | Rake $0.07 
Board [Js 8d 2c 3d]
Seat 1: Oliana88 (button) folded before Flop (didn't bet)
Seat 2: turbogid (small blind) folded on the Turn
Seat 3: boomkoz (big blind) collected ($1.73)
Seat 4: Comra1d folded before Flop (didn't bet)
Seat 5: portlaco folded before Flop (didn't bet)
Seat 6: HubertusB folded before Flop (didn't bet)



PokerStars Zoom Hand #177280288096:  Hold'em No Limit ($0.02/$0.05) - 2017/10/23 22:54:57 CCT [2017/10/23 10:54:57 ET]
Table 'Donati' 6-max Seat #1 is the button
Seat 1: K.Belozerov ($5.79 in chips) 
Seat 2: ooiaooao ($10.89 in chips) 
Seat 3: GuardCorp ($5.05 in chips) 
Seat 4: deeepstack ($18.76 in chips) 
Seat 5: HubertusB ($6.23 in chips) 
Seat 6: 777vitaliy777 ($6.57 in chips) 
ooiaooao: posts small blind $0.02
GuardCorp: posts big blind $0.05
*** HOLE CARDS ***
Dealt to HubertusB [3c 7h]
deeepstack: folds 
HubertusB: folds 
777vitaliy777: folds 
K.Belozerov: folds 
ooiaooao: raises $0.15 to $0.20
GuardCorp: calls $0.15
*** FLOP *** [4d 6d 4c]
ooiaooao: bets $0.19
GuardCorp: calls $0.19
*** TURN *** [4d 6d 4c] [4s]
ooiaooao: checks 
GuardCorp: checks 
*** RIVER *** [4d 6d 4c 4s] [5h]
ooiaooao: checks 
GuardCorp: bets $0.75
ooiaooao: calls $0.75
*** SHOW DOWN ***
GuardCorp: shows [Qd 5d] (a full house, Fours full of Fives)
ooiaooao: shows [6s 8d] (a full house, Fours full of Sixes)
ooiaooao collected $2.19 from pot
*** SUMMARY ***
Total pot $2.28 | Rake $0.09 
Board [4d 6d 4c 4s 5h]
Seat 1: K.Belozerov (button) folded before Flop (didn't bet)
Seat 2: ooiaooao (small blind) showed [6s 8d] and won ($2.19) with a full house, Fours full of Sixes
Seat 3: GuardCorp (big blind) showed [Qd 5d] and lost with a full house, Fours full of Fives
Seat 4: deeepstack folded before Flop (didn't bet)
Seat 5: HubertusB folded before Flop (didn't bet)
Seat 6: 777vitaliy777 folded before Flop (didn't bet)



PokerStars Zoom Hand #177280314020:  Hold'em No Limit ($0.02/$0.05) - 2017/10/23 22:55:48 CCT [2017/10/23 10:55:48 ET]
Table 'Donati' 6-max Seat #1 is the button
Seat 1: Noen ($5.27 in chips) 
Seat 2: qk rodriguez ($7.51 in chips) 
Seat 3: h-sattttt ($5.11 in chips) 
Seat 4: SS526 ($5.87 in chips) 
Seat 5: HubertusB ($6.57 in chips) 
Seat 6: R2D2_77 ($5.43 in chips) 
qk rodriguez: posts small blind $0.02
h-sattttt: posts big blind $0.05
*** HOLE CARDS ***
Dealt to HubertusB [7h 7s]
SS526: folds 
HubertusB: raises $0.05 to $0.10
R2D2_77: calls $0.10
Noen: calls $0.10
qk rodriguez: folds 
h-sattttt: calls $0.05
*** FLOP *** [Kd 2s 5c]
h-sattttt: checks 
HubertusB: bets $0.30
R2D2_77: raises $0.30 to $0.60
Noen: folds 
h-sattttt: folds 
HubertusB: folds 
Uncalled bet ($0.30) returned to R2D2_77
R2D2_77 collected $0.98 from pot
R2D2_77: doesn't show hand 
*** SUMMARY ***
Total pot $1.02 | Rake $0.04 
Board [Kd 2s 5c]
Seat 1: Noen (button) folded on the Flop
Seat 2: qk rodriguez (small blind) folded before Flop
Seat 3: h-sattttt (big blind) folded on the Flop
Seat 4: SS526 folded before Flop (didn't bet)
Seat 5: HubertusB folded on the Flop
Seat 6: R2D2_77 collected ($0.98)



PokerStars Zoom Hand #177280333911:  Hold'em No Limit ($0.02/$0.05) - 2017/10/23 22:56:27 CCT [2017/10/23 10:56:27 ET]
Table 'Donati' 6-max Seat #1 is the button
Seat 1: FantomAsasin ($6.37 in chips) 
Seat 2: paranoik07 ($5.47 in chips) 
Seat 3: korobo4ka138 ($5.07 in chips) 
Seat 4: HubertusB ($6.17 in chips) 
Seat 5: tubeswan ($3.29 in chips) 
Seat 6: ElmarSal ($2.78 in chips) 
paranoik07: posts small blind $0.02
korobo4ka138: posts big blind $0.05
*** HOLE CARDS ***
Dealt to HubertusB [Qh 8s]
HubertusB: folds 
tubeswan: folds 
ElmarSal: folds 
FantomAsasin: folds 
paranoik07: folds 
Uncalled bet ($0.03) returned to korobo4ka138
korobo4ka138 collected $0.04 from pot
korobo4ka138: doesn't show hand 
*** SUMMARY ***
Total pot $0.04 | Rake $0 
Seat 1: FantomAsasin (button) folded before Flop (didn't bet)
Seat 2: paranoik07 (small blind) folded before Flop
Seat 3: korobo4ka138 (big blind) collected ($0.04)
Seat 4: HubertusB folded before Flop (didn't bet)
Seat 5: tubeswan folded before Flop (didn't bet)
Seat 6: ElmarSal folded before Flop (didn't bet)



PokerStars Zoom Hand #177280335928:  Hold'em No Limit ($0.02/$0.05) - 2017/10/23 22:56:31 CCT [2017/10/23 10:56:31 ET]
Table 'Donati' 6-max Seat #1 is the button
Seat 1: Gaben ICM ($14.57 in chips) 
Seat 2: Parjato ($6.11 in chips) 
Seat 3: waitwalter ($15.05 in chips) 
Seat 4: HubertusB ($6.17 in chips) 
Seat 5: MBAUMI5 ($7.56 in chips) 
Seat 6: Julito_S19 ($5.02 in chips) 
Parjato: posts small blind $0.02
waitwalter: posts big blind $0.05
*** HOLE CARDS ***
Dealt to HubertusB [7s 3s]
HubertusB: folds 
MBAUMI5: folds 
Julito_S19: raises $0.10 to $0.15
Gaben ICM: folds 
Parjato: folds 
waitwalter: calls $0.10
*** FLOP *** [Td 9d 6d]
waitwalter: checks 
Julito_S19: checks 
*** TURN *** [Td 9d 6d] [4s]
waitwalter: checks 
Julito_S19: checks 
*** RIVER *** [Td 9d 6d 4s] [Ks]
waitwalter: checks 
Julito_S19: checks 
*** SHOW DOWN ***
waitwalter: shows [Jh Th] (a pair of Tens)
Julito_S19: mucks hand 
waitwalter collected $0.31 from pot
*** SUMMARY ***
Total pot $0.32 | Rake $0.01 
Board [Td 9d 6d 4s Ks]
Seat 1: Gaben ICM (button) folded before Flop (didn't bet)
Seat 2: Parjato (small blind) folded before Flop
Seat 3: waitwalter (big blind) showed [Jh Th] and won ($0.31) with a pair of Tens
Seat 4: HubertusB folded before Flop (didn't bet)
Seat 5: MBAUMI5 folded before Flop (didn't bet)
Seat 6: Julito_S19 mucked [5c 5d]



PokerStars Zoom Hand #177280355141:  Hold'em No Limit ($0.02/$0.05) - 2017/10/23 22:57:09 CCT [2017/10/23 10:57:09 ET]
Table 'Donati' 6-max Seat #1 is the button
Seat 1: HubertusB ($6.10 in chips) 
Seat 2: cleanzzy ($6.30 in chips) 
Seat 3: keenakeena73 ($5 in chips) 
Seat 4: rako77 ($5 in chips) 
Seat 5: Yroslav Mudr ($5.99 in chips) 
Seat 6: leeroy1003 ($4.53 in chips) 
cleanzzy: posts small blind $0.02
keenakeena73: posts big blind $0.05
*** HOLE CARDS ***
Dealt to HubertusB [Ac 9d]
rako77: folds 
Yroslav Mudr: folds 
leeroy1003: folds 
HubertusB: raises $0.05 to $0.10
cleanzzy: folds 
keenakeena73: folds 
Uncalled bet ($0.05) returned to HubertusB
HubertusB collected $0.12 from pot
HubertusB: doesn't show hand 
*** SUMMARY ***
Total pot $0.12 | Rake $0 
Seat 1: HubertusB (button) collected ($0.12)
Seat 2: cleanzzy (small blind) folded before Flop
Seat 3: keenakeena73 (big blind) folded before Flop
Seat 4: rako77 folded before Flop (didn't bet)
Seat 5: Yroslav Mudr folded before Flop (didn't bet)
Seat 6: leeroy1003 folded before Flop (didn't bet)



PokerStars Zoom Hand #177280352096:  Hold'em No Limit ($0.02/$0.05) - 2017/10/23 22:57:03 CCT [2017/10/23 10:57:03 ET]
Table 'Donati' 6-max Seat #1 is the button
Seat 1: Andronius99 ($6.81 in chips) 
Seat 2: HubertusB ($6.12 in chips) 
Seat 3: RinkoYamada ($5.47 in chips) 
Seat 4: 1a2a3a0p9p ($3.09 in chips) 
Seat 5: GuardCorp ($7.54 in chips) 
Seat 6: TNTswales ($2.82 in chips) 
HubertusB: posts small blind $0.02
RinkoYamada: posts big blind $0.05
*** HOLE CARDS ***
Dealt to HubertusB [4d Kc]
1a2a3a0p9p: folds 
GuardCorp: folds 
TNTswales: folds 
Andronius99: raises $0.10 to $0.15
HubertusB: folds 
RinkoYamada: folds 
Uncalled bet ($0.10) returned to Andronius99
Andronius99 collected $0.12 from pot
Andronius99: doesn't show hand 
*** SUMMARY ***
Total pot $0.12 | Rake $0 
Seat 1: Andronius99 (button) collected ($0.12)
Seat 2: HubertusB (small blind) folded before Flop
Seat 3: RinkoYamada (big blind) folded before Flop
Seat 4: 1a2a3a0p9p folded before Flop (didn't bet)
Seat 5: GuardCorp folded before Flop (didn't bet)
Seat 6: TNTswales folded before Flop (didn't bet)



PokerStars Zoom Hand #177280340400:  Hold'em No Limit ($0.02/$0.05) - 2017/10/23 22:56:40 CCT [2017/10/23 10:56:40 ET]
Table 'Donati' 6-max Seat #1 is the button
Seat 1: carduus ($5 in chips) 
Seat 2: FantomAsasin ($6.37 in chips) 
Seat 3: HubertusB ($6.17 in chips) 
Seat 4: yochi29 ($5 in chips) 
Seat 5: Mo3r308 ($6.25 in chips) 
Seat 6: TOKI1509 ($8.25 in chips) 
FantomAsasin: posts small blind $0.02
HubertusB: posts big blind $0.05
*** HOLE CARDS ***
Dealt to HubertusB [5d Kd]
yochi29: folds 
Mo3r308: folds 
TOKI1509: folds 
carduus: raises $0.07 to $0.12
FantomAsasin: calls $0.10
HubertusB: folds 
*** FLOP *** [Qd Td 2c]
FantomAsasin: checks 
carduus: bets $0.14
FantomAsasin: calls $0.14
*** TURN *** [Qd Td 2c] [Kh]
FantomAsasin: checks 
carduus: checks 
*** RIVER *** [Qd Td 2c Kh] [3h]
FantomAsasin: checks 
carduus: checks 
*** SHOW DOWN ***
FantomAsasin: shows [Jc Ks] (a pair of Kings)
carduus: mucks hand 
FantomAsasin collected $0.55 from pot
*** SUMMARY ***
Total pot $0.57 | Rake $0.02 
Board [Qd Td 2c Kh 3h]
Seat 1: carduus (button) mucked [2d Ah]
Seat 2: FantomAsasin (small blind) showed [Jc Ks] and won ($0.55) with a pair of Kings
Seat 3: HubertusB (big blind) folded before Flop
Seat 4: yochi29 folded before Flop (didn't bet)
Seat 5: Mo3r308 folded before Flop (didn't bet)
Seat 6: TOKI1509 folded before Flop (didn't bet)



PokerStars Zoom Hand #177280362729:  Hold'em No Limit ($0.02/$0.05) - 2017/10/23 22:57:24 CCT [2017/10/23 10:57:24 ET]
Table 'Donati' 6-max Seat #1 is the button
Seat 1: zzdaw ($8.37 in chips) 
Seat 2: lucky7125 ($2.32 in chips) 
Seat 3: parfumer123 ($5 in chips) 
Seat 4: jIMMY123487 ($5.02 in chips) 
Seat 5: Pelimouse ($5.02 in chips) 
Seat 6: HubertusB ($6.17 in chips) 
lucky7125: posts small blind $0.02
parfumer123: posts big blind $0.05
*** HOLE CARDS ***
Dealt to HubertusB [Ac 2h]
jIMMY123487: folds 
Pelimouse: folds 
HubertusB: raises $0.05 to $0.10
zzdaw: folds 
lucky7125: calls $0.08
parfumer123: folds 
*** FLOP *** [9s 2c 6d]
lucky7125: bets $0.05
HubertusB: raises $0.15 to $0.20
lucky7125: calls $0.15
*** TURN *** [9s 2c 6d] [Js]
lucky7125: bets $0.30
HubertusB: folds 
Uncalled bet ($0.30) returned to lucky7125
lucky7125 collected $0.62 from pot
lucky7125: doesn't show hand 
*** SUMMARY ***
Total pot $0.65 | Rake $0.03 
Board [9s 2c 6d Js]
Seat 1: zzdaw (button) folded before Flop (didn't bet)
Seat 2: lucky7125 (small blind) collected ($0.62)
Seat 3: parfumer123 (big blind) folded before Flop
Seat 4: jIMMY123487 folded before Flop (didn't bet)
Seat 5: Pelimouse folded before Flop (didn't bet)
Seat 6: HubertusB folded on the Turn



PokerStars Zoom Hand #177280382802:  Hold'em No Limit ($0.02/$0.05) - 2017/10/23 22:58:04 CCT [2017/10/23 10:58:04 ET]
Table 'Donati' 6-max Seat #1 is the button
Seat 1: DrD.Phoenix ($5 in chips) 
Seat 2: sooni99 ($5.58 in chips) 
Seat 3: maksimmak925 ($5.90 in chips) 
Seat 4: HubertusB ($5.87 in chips) 
Seat 5: zzdaw ($8.44 in chips) 
Seat 6: apanan ($4.56 in chips) 
sooni99: posts small blind $0.02
maksimmak925: posts big blind $0.05
*** HOLE CARDS ***
Dealt to HubertusB [Ks 9c]
HubertusB: folds 
zzdaw: folds 
apanan: folds 
DrD.Phoenix: folds 
sooni99: folds 
Uncalled bet ($0.03) returned to maksimmak925
maksimmak925 collected $0.04 from pot
maksimmak925: doesn't show hand 
*** SUMMARY ***
Total pot $0.04 | Rake $0 
Seat 1: DrD.Phoenix (button) folded before Flop (didn't bet)
Seat 2: sooni99 (small blind) folded before Flop
Seat 3: maksimmak925 (big blind) collected ($0.04)
Seat 4: HubertusB folded before Flop (didn't bet)
Seat 5: zzdaw folded before Flop (didn't bet)
Seat 6: apanan folded before Flop (didn't bet)



PokerStars Zoom Hand #177280380339:  Hold'em No Limit ($0.02/$0.05) - 2017/10/23 22:57:59 CCT [2017/10/23 10:57:59 ET]
Table 'Donati' 6-max Seat #1 is the button
Seat 1: Vadim Pavluk ($5.05 in chips) 
Seat 2: Kerberus94 ($11.79 in chips) 
Seat 3: Gakisnupster ($7.33 in chips) 
Seat 4: RinkoYamada ($5.86 in chips) 
Seat 5: HubertusB ($5.87 in chips) 
Seat 6: Justus1909 ($5 in chips) 
Kerberus94: posts small blind $0.02
Gakisnupster: posts big blind $0.05
*** HOLE CARDS ***
Dealt to HubertusB [Tc 3s]
RinkoYamada: folds 
HubertusB: folds 
Justus1909: raises $0.10 to $0.15
Vadim Pavluk: folds 
Kerberus94: raises $0.40 to $0.55
Gakisnupster: folds 
Justus1909: folds 
Uncalled bet ($0.40) returned to Kerberus94
Kerberus94 collected $0.35 from pot
Kerberus94: doesn't show hand 
*** SUMMARY ***
Total pot $0.35 | Rake $0 
Seat 1: Vadim Pavluk (button) folded before Flop (didn't bet)
Seat 2: Kerberus94 (small blind) collected ($0.35)
Seat 3: Gakisnupster (big blind) folded before Flop
Seat 4: RinkoYamada folded before Flop (didn't bet)
Seat 5: HubertusB folded before Flop (didn't bet)
Seat 6: Justus1909 folded before Flop



PokerStars Zoom Hand #177280395449:  Hold'em No Limit ($0.02/$0.05) - 2017/10/23 22:58:29 CCT [2017/10/23 10:58:29 ET]
Table 'Donati' 6-max Seat #1 is the button
Seat 1: HubertusB ($5.82 in chips) 
Seat 2: TNTswales ($2.79 in chips) 
Seat 3: anasanto ($9.91 in chips) 
Seat 4: andreascris1 ($5 in chips) 
Seat 5: lucasp26 ($5.55 in chips) 
Seat 6: Panda0777 ($4.51 in chips) 
TNTswales: posts small blind $0.02
anasanto: posts big blind $0.05
*** HOLE CARDS ***
Dealt to HubertusB [8d 2d]
andreascris1: folds 
lucasp26: folds 
Panda0777: folds 
HubertusB: raises $0.05 to $0.10
TNTswales: folds 
anasanto: folds 
Uncalled bet ($0.05) returned to HubertusB
HubertusB collected $0.12 from pot
HubertusB: doesn't show hand 
*** SUMMARY ***
Total pot $0.12 | Rake $0 
Seat 1: HubertusB (button) collected ($0.12)
Seat 2: TNTswales (small blind) folded before Flop
Seat 3: anasanto (big blind) folded before Flop
Seat 4: andreascris1 folded before Flop (didn't bet)
Seat 5: lucasp26 folded before Flop (didn't bet)
Seat 6: Panda0777 folded before Flop (didn't bet)



PokerStars Zoom Hand #177280385325:  Hold'em No Limit ($0.02/$0.05) - 2017/10/23 22:58:09 CCT [2017/10/23 10:58:09 ET]
Table 'Donati' 6-max Seat #1 is the button
Seat 1: palfi76 ($3.98 in chips) 
Seat 2: Kadastep ($4.56 in chips) 
Seat 3: HubertusB ($5.87 in chips) 
Seat 4: caceres ca ($5.05 in chips) 
Seat 5: Kostoksi ($6.14 in chips) 
Seat 6: BazKaLT ($5.19 in chips) 
Kadastep: posts small blind $0.02
HubertusB: posts big blind $0.05
*** HOLE CARDS ***
Dealt to HubertusB [5s 9s]
caceres ca: folds 
Kostoksi: raises $0.10 to $0.15
BazKaLT: raises $0.30 to $0.45
palfi76: calls $0.45
Kadastep: folds 
HubertusB: folds 
Kostoksi: folds 
*** FLOP *** [Qd Jd 3c]
BazKaLT: bets $0.96
palfi76: folds 
Uncalled bet ($0.96) returned to BazKaLT
BazKaLT collected $1.07 from pot
BazKaLT: doesn't show hand 
*** SUMMARY ***
Total pot $1.12 | Rake $0.05 
Board [Qd Jd 3c]
Seat 1: palfi76 (button) folded on the Flop
Seat 2: Kadastep (small blind) folded before Flop
Seat 3: HubertusB (big blind) folded before Flop
Seat 4: caceres ca folded before Flop (didn't bet)
Seat 5: Kostoksi folded before Flop
Seat 6: BazKaLT collected ($1.07)



PokerStars Zoom Hand #177280402111:  Hold'em No Limit ($0.02/$0.05) - 2017/10/23 22:58:42 CCT [2017/10/23 10:58:42 ET]
Table 'Donati' 6-max Seat #1 is the button
Seat 1: Justus1909 ($9.79 in chips) 
Seat 2: HubertusB ($5.89 in chips) 
Seat 3: quippaDD ($8.39 in chips) 
Seat 4: diablo4824 ($8 in chips) 
Seat 5: Raux17 ($10.08 in chips) 
Seat 6: kirk444 ($6.32 in chips) 
HubertusB: posts small blind $0.02
quippaDD: posts big blind $0.05
*** HOLE CARDS ***
Dealt to HubertusB [9c Kh]
diablo4824: folds 
Raux17: folds 
kirk444: raises $0.10 to $0.15
Justus1909: folds 
HubertusB: folds 
quippaDD: folds 
Uncalled bet ($0.10) returned to kirk444
kirk444 collected $0.12 from pot
kirk444: doesn't show hand 
*** SUMMARY ***
Total pot $0.12 | Rake $0 
Seat 1: Justus1909 (button) folded before Flop (didn't bet)
Seat 2: HubertusB (small blind) folded before Flop
Seat 3: quippaDD (big blind) folded before Flop
Seat 4: diablo4824 folded before Flop (didn't bet)
Seat 5: Raux17 folded before Flop (didn't bet)
Seat 6: kirk444 collected ($0.12)



PokerStars Zoom Hand #177280404681:  Hold'em No Limit ($0.02/$0.05) - 2017/10/23 22:58:47 CCT [2017/10/23 10:58:47 ET]
Table 'Donati' 6-max Seat #1 is the button
Seat 1: DinamoMsk1 ($3.88 in chips) 
Seat 2: CarryCarrot ($5.86 in chips) 
Seat 3: Vladimir55OF ($3.56 in chips) 
Seat 4: BazKaLT ($5.81 in chips) 
Seat 5: Amigo113 ($5.36 in chips) 
Seat 6: HubertusB ($5.87 in chips) 
CarryCarrot: posts small blind $0.02
Vladimir55OF: posts big blind $0.05
*** HOLE CARDS ***
Dealt to HubertusB [5s 4c]
BazKaLT: folds 
Amigo113: folds 
HubertusB: raises $0.05 to $0.10
DinamoMsk1: calls $0.10
CarryCarrot: folds 
Vladimir55OF: folds 
*** FLOP *** [8c 5h 7s]
HubertusB: bets $0.20
DinamoMsk1: folds 
Uncalled bet ($0.20) returned to HubertusB
HubertusB collected $0.26 from pot
HubertusB: doesn't show hand 
*** SUMMARY ***
Total pot $0.27 | Rake $0.01 
Board [8c 5h 7s]
Seat 1: DinamoMsk1 (button) folded on the Flop
Seat 2: CarryCarrot (small blind) folded before Flop
Seat 3: Vladimir55OF (big blind) folded before Flop
Seat 4: BazKaLT folded before Flop (didn't bet)
Seat 5: Amigo113 folded before Flop (didn't bet)
Seat 6: HubertusB collected ($0.26)



PokerStars Zoom Hand #177280415807:  Hold'em No Limit ($0.02/$0.05) - 2017/10/23 22:59:09 CCT [2017/10/23 10:59:09 ET]
Table 'Donati' 6-max Seat #1 is the button
Seat 1: BardJeka ($2.73 in chips) 
Seat 2: WaiT4U ($5 in chips) 
Seat 3: KOWAL530 ($5 in chips) 
Seat 4: HubertusB ($6.03 in chips) 
Seat 5: marushka73 ($5.24 in chips) 
Seat 6: NickSimonik ($7.60 in chips) 
WaiT4U: posts small blind $0.02
KOWAL530: posts big blind $0.05
*** HOLE CARDS ***
Dealt to HubertusB [8c 5d]
HubertusB: folds 
marushka73: folds 
NickSimonik: folds 
BardJeka: raises $0.07 to $0.12
WaiT4U: folds 
KOWAL530: folds 
Uncalled bet ($0.07) returned to BardJeka
BardJeka collected $0.12 from pot
BardJeka: doesn't show hand 
*** SUMMARY ***
Total pot $0.12 | Rake $0 
Seat 1: BardJeka (button) collected ($0.12)
Seat 2: WaiT4U (small blind) folded before Flop
Seat 3: KOWAL530 (big blind) folded before Flop
Seat 4: HubertusB folded before Flop (didn't bet)
Seat 5: marushka73 folded before Flop (didn't bet)
Seat 6: NickSimonik folded before Flop (didn't bet)



PokerStars Zoom Hand #177280418915:  Hold'em No Limit ($0.02/$0.05) - 2017/10/23 22:59:15 CCT [2017/10/23 10:59:15 ET]
Table 'Donati' 6-max Seat #1 is the button
Seat 1: ritasexy ($6.30 in chips) 
Seat 2: mrslefki ($6.55 in chips) 
Seat 3: traveltyz ($5.77 in chips) 
Seat 4: carduus ($5.71 in chips) 
Seat 5: HubertusB ($6.03 in chips) 
Seat 6: PokeMeCard ($4.54 in chips) 
mrslefki: posts small blind $0.02
traveltyz: posts big blind $0.05
*** HOLE CARDS ***
Dealt to HubertusB [8h Ts]
carduus: folds 
HubertusB: folds 
PokeMeCard: folds 
ritasexy: raises $0.07 to $0.12
mrslefki: raises $0.29 to $0.41
traveltyz: folds 
ritasexy: folds 
Uncalled bet ($0.29) returned to mrslefki
mrslefki collected $0.29 from pot
mrslefki: doesn't show hand 
*** SUMMARY ***
Total pot $0.29 | Rake $0 
Seat 1: ritasexy (button) folded before Flop
Seat 2: mrslefki (small blind) collected ($0.29)
Seat 3: traveltyz (big blind) folded before Flop
Seat 4: carduus folded before Flop (didn't bet)
Seat 5: HubertusB folded before Flop (didn't bet)
Seat 6: PokeMeCard folded before Flop (didn't bet)



PokerStars Zoom Hand #177280421962:  Hold'em No Limit ($0.02/$0.05) - 2017/10/23 22:59:21 CCT [2017/10/23 10:59:21 ET]
Table 'Donati' 6-max Seat #1 is the button
Seat 1: HubertusB ($6.03 in chips) 
Seat 2: Andronius99 ($5 in chips) 
Seat 3: Only_Vizard ($7.26 in chips) 
Seat 4: yochi29 ($5.16 in chips) 
Seat 5: 5betblef ($5 in chips) 
Seat 6: Fipps30 ($5.56 in chips) 
Andronius99: posts small blind $0.02
Only_Vizard: posts big blind $0.05
*** HOLE CARDS ***
Dealt to HubertusB [7c 7h]
yochi29: folds 
5betblef: folds 
Fipps30: folds 
HubertusB: raises $0.05 to $0.10
Andronius99: raises $0.30 to $0.40
Only_Vizard: raises $0.55 to $0.95
HubertusB: folds 
Andronius99: calls $0.55
*** FLOP *** [7d 8s Kh]
Andronius99: checks 
Only_Vizard: bets $0.63
Andronius99: folds 
Uncalled bet ($0.63) returned to Only_Vizard
Only_Vizard collected $1.92 from pot
Only_Vizard: doesn't show hand 
*** SUMMARY ***
Total pot $2 | Rake $0.08 
Board [7d 8s Kh]
Seat 1: HubertusB (button) folded before Flop
Seat 2: Andronius99 (small blind) folded on the Flop
Seat 3: Only_Vizard (big blind) collected ($1.92)
Seat 4: yochi29 folded before Flop (didn't bet)
Seat 5: 5betblef folded before Flop (didn't bet)
Seat 6: Fipps30 folded before Flop (didn't bet)



PokerStars Zoom Hand #177280441197:  Hold'em No Limit ($0.02/$0.05) - 2017/10/23 22:59:59 CCT [2017/10/23 10:59:59 ET]
Table 'Donati' 6-max Seat #1 is the button
Seat 1: SskyAngel ($4.24 in chips) 
Seat 2: jhowfmp ($5 in chips) 
Seat 3: HubertusB ($5.93 in chips) 
Seat 4: NickSimonik ($8.86 in chips) 
Seat 5: Chesterman13 ($3.23 in chips) 
Seat 6: Gaben ICM ($12.04 in chips) 
jhowfmp: posts small blind $0.02
HubertusB: posts big blind $0.05
*** HOLE CARDS ***
Dealt to HubertusB [3h 8d]
NickSimonik: folds 
Chesterman13: folds 
Gaben ICM: raises $0.07 to $0.12
SskyAngel: folds 
jhowfmp: folds 
HubertusB: folds 
Uncalled bet ($0.07) returned to Gaben ICM
Gaben ICM collected $0.12 from pot
Gaben ICM: doesn't show hand 
*** SUMMARY ***
Total pot $0.12 | Rake $0 
Seat 1: SskyAngel (button) folded before Flop (didn't bet)
Seat 2: jhowfmp (small blind) folded before Flop
Seat 3: HubertusB (big blind) folded before Flop
Seat 4: NickSimonik folded before Flop (didn't bet)
Seat 5: Chesterman13 folded before Flop (didn't bet)
Seat 6: Gaben ICM collected ($0.12)



PokerStars Zoom Hand #177280447510:  Hold'em No Limit ($0.02/$0.05) - 2017/10/23 23:00:11 CCT [2017/10/23 11:00:11 ET]
Table 'Donati' 6-max Seat #1 is the button
Seat 1: BogMiros1 ($5.28 in chips) 
Seat 2: HubertusB ($5.88 in chips) 
Seat 3: tsuudantou ($6.63 in chips) 
Seat 4: taniunia1988 ($6.62 in chips) 
Seat 5: Kota0501 ($13.79 in chips) 
Seat 6: lfunabashi ($2.85 in chips) 
HubertusB: posts small blind $0.02
tsuudantou: posts big blind $0.05
*** HOLE CARDS ***
Dealt to HubertusB [3c 9s]
taniunia1988: raises $0.10 to $0.15
Kota0501: folds 
lfunabashi: raises $0.35 to $0.50
BogMiros1: folds 
HubertusB: folds 
tsuudantou: folds 
taniunia1988: folds 
Uncalled bet ($0.35) returned to lfunabashi
lfunabashi collected $0.37 from pot
lfunabashi: doesn't show hand 
*** SUMMARY ***
Total pot $0.37 | Rake $0 
Seat 1: BogMiros1 (button) folded before Flop (didn't bet)
Seat 2: HubertusB (small blind) folded before Flop
Seat 3: tsuudantou (big blind) folded before Flop
Seat 4: taniunia1988 folded before Flop
Seat 5: Kota0501 folded before Flop (didn't bet)
Seat 6: lfunabashi collected ($0.37)



PokerStars Zoom Hand #177280454308:  Hold'em No Limit ($0.02/$0.05) - 2017/10/23 23:00:24 CCT [2017/10/23 11:00:24 ET]
Table 'Donati' 6-max Seat #1 is the button
Seat 1: 72odonkey ($5 in chips) 
Seat 2: solarsyco11 ($5.11 in chips) 
Seat 3: Vollos ($3.45 in chips) 
Seat 4: unFair235 ($8.47 in chips) 
Seat 5: HubertusB ($5.86 in chips) 
Seat 6: xenidimi ($3.93 in chips) 
solarsyco11: posts small blind $0.02
Vollos: posts big blind $0.05
*** HOLE CARDS ***
Dealt to HubertusB [Jh Kh]
unFair235: folds 
HubertusB: raises $0.05 to $0.10
xenidimi: folds 
72odonkey: folds 
solarsyco11: folds 
Vollos: folds 
Uncalled bet ($0.05) returned to HubertusB
HubertusB collected $0.12 from pot
HubertusB: doesn't show hand 
*** SUMMARY ***
Total pot $0.12 | Rake $0 
Seat 1: 72odonkey (button) folded before Flop (didn't bet)
Seat 2: solarsyco11 (small blind) folded before Flop
Seat 3: Vollos (big blind) folded before Flop
Seat 4: unFair235 folded before Flop (didn't bet)
Seat 5: HubertusB collected ($0.12)
Seat 6: xenidimi folded before Flop (didn't bet)



PokerStars Zoom Hand #177280465513:  Hold'em No Limit ($0.02/$0.05) - 2017/10/23 23:00:45 CCT [2017/10/23 11:00:45 ET]
Table 'Donati' 6-max Seat #1 is the button
Seat 1: matanPS ($5.07 in chips) 
Seat 2: Kota0501 ($13.74 in chips) 
Seat 3: vinni1964 ($5.34 in chips) 
Seat 4: HubertusB ($5.93 in chips) 
Seat 5: couchmichel ($8.39 in chips) 
Seat 6: BOSCOBOT ($8.66 in chips) 
Kota0501: posts small blind $0.02
vinni1964: posts big blind $0.05
*** HOLE CARDS ***
Dealt to HubertusB [Qs 8s]
HubertusB: folds 
couchmichel: folds 
BOSCOBOT: folds 
matanPS: folds 
Kota0501: folds 
Uncalled bet ($0.03) returned to vinni1964
vinni1964 collected $0.04 from pot
vinni1964: doesn't show hand 
*** SUMMARY ***
Total pot $0.04 | Rake $0 
Seat 1: matanPS (button) folded before Flop (didn't bet)
Seat 2: Kota0501 (small blind) folded before Flop
Seat 3: vinni1964 (big blind) collected ($0.04)
Seat 4: HubertusB folded before Flop (didn't bet)
Seat 5: couchmichel folded before Flop (didn't bet)
Seat 6: BOSCOBOT folded before Flop (didn't bet)



PokerStars Zoom Hand #177280468666:  Hold'em No Limit ($0.02/$0.05) - 2017/10/23 23:00:51 CCT [2017/10/23 11:00:51 ET]
Table 'Donati' 6-max Seat #1 is the button
Seat 1: VictorTomsk ($6.96 in chips) 
Seat 2: ODIN-23-ua ($5 in chips) 
Seat 3: RinkoYamada ($6.02 in chips) 
Seat 4: thesasho ($3.51 in chips) 
Seat 5: mrslefki ($7.23 in chips) 
Seat 6: HubertusB ($5.93 in chips) 
ODIN-23-ua: posts small blind $0.02
RinkoYamada: posts big blind $0.05
*** HOLE CARDS ***
Dealt to HubertusB [6h 8s]
thesasho: folds 
mrslefki: folds 
HubertusB: folds 
VictorTomsk: folds 
ODIN-23-ua: folds 
Uncalled bet ($0.03) returned to RinkoYamada
RinkoYamada collected $0.04 from pot
RinkoYamada: doesn't show hand 
*** SUMMARY ***
Total pot $0.04 | Rake $0 
Seat 1: VictorTomsk (button) folded before Flop (didn't bet)
Seat 2: ODIN-23-ua (small blind) folded before Flop
Seat 3: RinkoYamada (big blind) collected ($0.04)
Seat 4: thesasho folded before Flop (didn't bet)
Seat 5: mrslefki folded before Flop (didn't bet)
Seat 6: HubertusB folded before Flop (didn't bet)



PokerStars Zoom Hand #177280473698:  Hold'em No Limit ($0.02/$0.05) - 2017/10/23 23:01:00 CCT [2017/10/23 11:01:00 ET]
Table 'Donati' 6-max Seat #1 is the button
Seat 1: darioswampy ($5.70 in chips) 
Seat 2: phoenix2sun ($5 in chips) 
Seat 3: HubertusB ($5.93 in chips) 
Seat 4: diablo4824 ($8.01 in chips) 
Seat 5: BogMiros1 ($5.07 in chips) 
Seat 6: 72odonkey ($5 in chips) 
phoenix2sun: posts small blind $0.02
HubertusB: posts big blind $0.05
*** HOLE CARDS ***
Dealt to HubertusB [Ts 9c]
diablo4824: raises $0.10 to $0.15
BogMiros1: folds 
72odonkey: folds 
darioswampy: folds 
phoenix2sun: folds 
HubertusB: folds 
Uncalled bet ($0.10) returned to diablo4824
diablo4824 collected $0.12 from pot
diablo4824: doesn't show hand 
*** SUMMARY ***
Total pot $0.12 | Rake $0 
Seat 1: darioswampy (button) folded before Flop (didn't bet)
Seat 2: phoenix2sun (small blind) folded before Flop
Seat 3: HubertusB (big blind) folded before Flop
Seat 4: diablo4824 collected ($0.12)
Seat 5: BogMiros1 folded before Flop (didn't bet)
Seat 6: 72odonkey folded before Flop (didn't bet)



PokerStars Zoom Hand #177280477570:  Hold'em No Limit ($0.02/$0.05) - 2017/10/23 23:01:07 CCT [2017/10/23 11:01:07 ET]
Table 'Donati' 6-max Seat #1 is the button
Seat 1: HubertusB ($5.88 in chips) 
Seat 2: Pelimouse ($5.99 in chips) 
Seat 3: sojuice ($5 in chips) 
Seat 4: DinamoMsk1 ($3.77 in chips) 
Seat 5: husky777 ($7.50 in chips) 
Seat 6: Kota0501 ($13.72 in chips) 
Pelimouse: posts small blind $0.02
sojuice: posts big blind $0.05
*** HOLE CARDS ***
Dealt to HubertusB [Jh Kc]
DinamoMsk1: raises $0.05 to $0.10
husky777: folds 
Kota0501: folds 
HubertusB: raises $0.20 to $0.30
Pelimouse: folds 
sojuice: folds 
DinamoMsk1: calls $0.20
*** FLOP *** [Jd Ac Kd]
DinamoMsk1: bets $0.65
HubertusB: calls $0.65
*** TURN *** [Jd Ac Kd] [Js]
DinamoMsk1: bets $2.82 and is all-in
HubertusB: calls $2.82
*** RIVER *** [Jd Ac Kd Js] [2s]
*** SHOW DOWN ***
DinamoMsk1: shows [Qh As] (two pair, Aces and Jacks)
HubertusB: shows [Jh Kc] (a full house, Jacks full of Kings)
HubertusB collected $7.29 from pot
*** SUMMARY ***
Total pot $7.61 | Rake $0.32 
Board [Jd Ac Kd Js 2s]
Seat 1: HubertusB (button) showed [Jh Kc] and won ($7.29) with a full house, Jacks full of Kings
Seat 2: Pelimouse (small blind) folded before Flop
Seat 3: sojuice (big blind) folded before Flop
Seat 4: DinamoMsk1 showed [Qh As] and lost with two pair, Aces and Jacks
Seat 5: husky777 folded before Flop (didn't bet)
Seat 6: Kota0501 folded before Flop (didn't bet)



PokerStars Zoom Hand #177280504729:  Hold'em No Limit ($0.02/$0.05) - 2017/10/23 23:01:56 CCT [2017/10/23 11:01:56 ET]
Table 'Donati' 6-max Seat #1 is the button
Seat 1: palfi76 ($2.52 in chips) 
Seat 2: HubertusB ($9.40 in chips) 
Seat 3: oige122 ($3.63 in chips) 
Seat 4: Yroslav Mudr ($6.05 in chips) 
Seat 5: vaduk1 ($4.47 in chips) 
Seat 6: Perec87 ($8.90 in chips) 
HubertusB: posts small blind $0.02
oige122: posts big blind $0.05
*** HOLE CARDS ***
Dealt to HubertusB [Jc 3s]
Yroslav Mudr: folds 
vaduk1: folds 
Perec87: folds 
palfi76: folds 
HubertusB: folds 
Uncalled bet ($0.03) returned to oige122
oige122 collected $0.04 from pot
oige122: doesn't show hand 
*** SUMMARY ***
Total pot $0.04 | Rake $0 
Seat 1: palfi76 (button) folded before Flop (didn't bet)
Seat 2: HubertusB (small blind) folded before Flop
Seat 3: oige122 (big blind) collected ($0.04)
Seat 4: Yroslav Mudr folded before Flop (didn't bet)
Seat 5: vaduk1 folded before Flop (didn't bet)
Seat 6: Perec87 folded before Flop (didn't bet)



PokerStars Zoom Hand #177280508794:  Hold'em No Limit ($0.02/$0.05) - 2017/10/23 23:02:03 CCT [2017/10/23 11:02:03 ET]
Table 'Donati' 6-max Seat #1 is the button
Seat 1: Parjato ($6.98 in chips) 
Seat 2: mmmooommm ($8.28 in chips) 
Seat 3: raphayakawa ($12.92 in chips) 
Seat 4: Alarmaz ($7.61 in chips) 
Seat 5: cadexuu ($12.83 in chips) 
Seat 6: HubertusB ($9.38 in chips) 
mmmooommm: posts small blind $0.02
raphayakawa: posts big blind $0.05
*** HOLE CARDS ***
Dealt to HubertusB [As Qh]
Alarmaz: folds 
cadexuu: folds 
HubertusB: raises $0.05 to $0.10
Parjato: folds 
mmmooommm: calls $0.08
raphayakawa: calls $0.05
*** FLOP *** [5d 4c 7c]
mmmooommm: checks 
raphayakawa: bets $0.17
HubertusB: folds 
mmmooommm: calls $0.17
*** TURN *** [5d 4c 7c] [4d]
mmmooommm: checks 
raphayakawa: checks 
*** RIVER *** [5d 4c 7c 4d] [Js]
mmmooommm: checks 
raphayakawa: bets $0.40
mmmooommm: folds 
Uncalled bet ($0.40) returned to raphayakawa
raphayakawa collected $0.61 from pot
raphayakawa: doesn't show hand 
*** SUMMARY ***
Total pot $0.64 | Rake $0.03 
Board [5d 4c 7c 4d Js]
Seat 1: Parjato (button) folded before Flop (didn't bet)
Seat 2: mmmooommm (small blind) folded on the River
Seat 3: raphayakawa (big blind) collected ($0.61)
Seat 4: Alarmaz folded before Flop (didn't bet)
Seat 5: cadexuu folded before Flop (didn't bet)
Seat 6: HubertusB folded on the Flop



PokerStars Zoom Hand #177280538617:  Hold'em No Limit ($0.02/$0.05) - 2017/10/23 23:02:54 CCT [2017/10/23 11:02:54 ET]
Table 'Donati' 6-max Seat #1 is the button
Seat 1: Vadim Pavluk ($10.85 in chips) 
Seat 2: HH-hour ($9.09 in chips) 
Seat 3: prochy1909 ($20.67 in chips) 
Seat 4: Dimba31 ($5.09 in chips) 
Seat 5: HubertusB ($9.28 in chips) 
Seat 6: vaduk1 ($4.64 in chips) 
HH-hour: posts small blind $0.02
prochy1909: posts big blind $0.05
*** HOLE CARDS ***
Dealt to HubertusB [Kd Qc]
Dimba31: raises $0.10 to $0.15
HubertusB: folds 
vaduk1: folds 
Vadim Pavluk: calls $0.15
HH-hour: folds 
prochy1909: calls $0.10
*** FLOP *** [Jd Ks 2c]
prochy1909: checks 
Dimba31: checks 
Vadim Pavluk: checks 
*** TURN *** [Jd Ks 2c] [Ac]
prochy1909: bets $0.33
Dimba31: folds 
Vadim Pavluk: folds 
Uncalled bet ($0.33) returned to prochy1909
prochy1909 collected $0.45 from pot
prochy1909: doesn't show hand 
*** SUMMARY ***
Total pot $0.47 | Rake $0.02 
Board [Jd Ks 2c Ac]
Seat 1: Vadim Pavluk (button) folded on the Turn
Seat 2: HH-hour (small blind) folded before Flop
Seat 3: prochy1909 (big blind) collected ($0.45)
Seat 4: Dimba31 folded on the Turn
Seat 5: HubertusB folded before Flop (didn't bet)
Seat 6: vaduk1 folded before Flop (didn't bet)



PokerStars Zoom Hand #177280542672:  Hold'em No Limit ($0.02/$0.05) - 2017/10/23 23:03:01 CCT [2017/10/23 11:03:01 ET]
Table 'Donati' 6-max Seat #1 is the button
Seat 1: Region059 ($7.79 in chips) 
Seat 2: carduus ($10.72 in chips) 
Seat 3: BOSCOBOT ($11.37 in chips) 
Seat 4: HubertusB ($9.28 in chips) 
Seat 5: M.BLOCH74 ($11.87 in chips) 
Seat 6: KOWAL530 ($5 in chips) 
carduus: posts small blind $0.02
BOSCOBOT: posts big blind $0.05
*** HOLE CARDS ***
Dealt to HubertusB [Kd 5d]
HubertusB: folds 
M.BLOCH74: folds 
KOWAL530: folds 
Region059: folds 
carduus: raises $0.07 to $0.12
BOSCOBOT: folds 
Uncalled bet ($0.07) returned to carduus
carduus collected $0.10 from pot
carduus: doesn't show hand 
*** SUMMARY ***
Total pot $0.10 | Rake $0 
Seat 1: Region059 (button) folded before Flop (didn't bet)
Seat 2: carduus (small blind) collected ($0.10)
Seat 3: BOSCOBOT (big blind) folded before Flop
Seat 4: HubertusB folded before Flop (didn't bet)
Seat 5: M.BLOCH74 folded before Flop (didn't bet)
Seat 6: KOWAL530 folded before Flop (didn't bet)



PokerStars Zoom Hand #177280554405:  Hold'em No Limit ($0.02/$0.05) - 2017/10/23 23:03:21 CCT [2017/10/23 11:03:21 ET]
Table 'Donati' 6-max Seat #1 is the button
Seat 1: sojuice ($5.90 in chips) 
Seat 2: MrSuperior ($2.94 in chips) 
Seat 3: HubertusB ($9.28 in chips) 
Seat 4: husky777 ($7.21 in chips) 
Seat 5: geochar87 ($12.77 in chips) 
Seat 6: GamblerWW ($9.27 in chips) 
MrSuperior: posts small blind $0.02
HubertusB: posts big blind $0.05
*** HOLE CARDS ***
Dealt to HubertusB [8d 4c]
husky777: folds 
geochar87: folds 
GamblerWW: folds 
sojuice: raises $0.10 to $0.15
MrSuperior: folds 
HubertusB: folds 
Uncalled bet ($0.10) returned to sojuice
sojuice collected $0.12 from pot
sojuice: doesn't show hand 
*** SUMMARY ***
Total pot $0.12 | Rake $0 
Seat 1: sojuice (button) collected ($0.12)
Seat 2: MrSuperior (small blind) folded before Flop
Seat 3: HubertusB (big blind) folded before Flop
Seat 4: husky777 folded before Flop (didn't bet)
Seat 5: geochar87 folded before Flop (didn't bet)
Seat 6: GamblerWW folded before Flop (didn't bet)



PokerStars Zoom Hand #177280547383:  Hold'em No Limit ($0.02/$0.05) - 2017/10/23 23:03:09 CCT [2017/10/23 11:03:09 ET]
Table 'Donati' 6-max Seat #1 is the button
Seat 1: HubertusB ($9.28 in chips) 
Seat 2: nell710 ($9.87 in chips) 
Seat 3: zale73 ($4.25 in chips) 
Seat 4: Vadim Pavluk ($5.48 in chips) 
Seat 5: Teflonmemory ($5 in chips) 
Seat 6: RikiTikiTivi ($7.18 in chips) 
nell710: posts small blind $0.02
zale73: posts big blind $0.05
*** HOLE CARDS ***
Dealt to HubertusB [3c 5s]
Vadim Pavluk: raises $0.10 to $0.15
Teflonmemory: folds 
RikiTikiTivi: raises $0.15 to $0.30
HubertusB: folds 
nell710: folds 
zale73: folds 
Vadim Pavluk: calls $0.15
*** FLOP *** [9d Ac Jh]
Vadim Pavluk: checks 
RikiTikiTivi: bets $0.30
Vadim Pavluk: folds 
Uncalled bet ($0.30) returned to RikiTikiTivi
RikiTikiTivi collected $0.64 from pot
RikiTikiTivi: doesn't show hand 
*** SUMMARY ***
Total pot $0.67 | Rake $0.03 
Board [9d Ac Jh]
Seat 1: HubertusB (button) folded before Flop (didn't bet)
Seat 2: nell710 (small blind) folded before Flop
Seat 3: zale73 (big blind) folded before Flop
Seat 4: Vadim Pavluk folded on the Flop
Seat 5: Teflonmemory folded before Flop (didn't bet)
Seat 6: RikiTikiTivi collected ($0.64)



PokerStars Zoom Hand #177280560293:  Hold'em No Limit ($0.02/$0.05) - 2017/10/23 23:03:31 CCT [2017/10/23 11:03:31 ET]
Table 'Donati' 6-max Seat #1 is the button
Seat 1: MoreThen3 ($5.15 in chips) 
Seat 2: HubertusB ($9.23 in chips) 
Seat 3: Parjato ($6.01 in chips) 
Seat 4: anasanto ($5.49 in chips) 
Seat 5: Kagronak.PS ($4.22 in chips) 
Seat 6: mrslefki ($7.95 in chips) 
HubertusB: posts small blind $0.02
Parjato: posts big blind $0.05
*** HOLE CARDS ***
Dealt to HubertusB [Tc Qc]
anasanto: folds 
Kagronak.PS: raises $4.17 to $4.22 and is all-in
mrslefki: folds 
MoreThen3: folds 
HubertusB: folds 
Parjato: folds 
Uncalled bet ($4.17) returned to Kagronak.PS
Kagronak.PS collected $0.12 from pot
Kagronak.PS: doesn't show hand 
*** SUMMARY ***
Total pot $0.12 | Rake $0 
Seat 1: MoreThen3 (button) folded before Flop (didn't bet)
Seat 2: HubertusB (small blind) folded before Flop
Seat 3: Parjato (big blind) folded before Flop
Seat 4: anasanto folded before Flop (didn't bet)
Seat 5: Kagronak.PS collected ($0.12)
Seat 6: mrslefki folded before Flop (didn't bet)



PokerStars Zoom Hand #177280566215:  Hold'em No Limit ($0.02/$0.05) - 2017/10/23 23:03:41 CCT [2017/10/23 11:03:41 ET]
Table 'Donati' 6-max Seat #1 is the button
Seat 1: wilburdodd ($6.31 in chips) 
Seat 2: X.MatuS ($5.51 in chips) 
Seat 3: PonasAurimas ($5 in chips) 
Seat 4: eurko6 ($4.83 in chips) 
Seat 5: Vadim Pavluk ($5.18 in chips) 
Seat 6: HubertusB ($9.21 in chips) 
X.MatuS: posts small blind $0.02
PonasAurimas: posts big blind $0.05
*** HOLE CARDS ***
Dealt to HubertusB [5c 6h]
eurko6: folds 
Vadim Pavluk: folds 
HubertusB: folds 
wilburdodd: folds 
X.MatuS: raises $0.10 to $0.15
PonasAurimas: folds 
Uncalled bet ($0.10) returned to X.MatuS
X.MatuS collected $0.10 from pot
X.MatuS: doesn't show hand 
*** SUMMARY ***
Total pot $0.10 | Rake $0 
Seat 1: wilburdodd (button) folded before Flop (didn't bet)
Seat 2: X.MatuS (small blind) collected ($0.10)
Seat 3: PonasAurimas (big blind) folded before Flop
Seat 4: eurko6 folded before Flop (didn't bet)
Seat 5: Vadim Pavluk folded before Flop (didn't bet)
Seat 6: HubertusB folded before Flop (didn't bet)



PokerStars Zoom Hand #177280569767:  Hold'em No Limit ($0.02/$0.05) - 2017/10/23 23:03:47 CCT [2017/10/23 11:03:47 ET]
Table 'Donati' 6-max Seat #1 is the button
Seat 1: sooni99 ($6.72 in chips) 
Seat 2: Region059 ($9.12 in chips) 
Seat 3: Preacher_In ($5.16 in chips) 
Seat 4: R2D2_77 ($5.77 in chips) 
Seat 5: HubertusB ($9.21 in chips) 
Seat 6: Akutagawa ($5.05 in chips) 
Region059: posts small blind $0.02
Preacher_In: posts big blind $0.05
*** HOLE CARDS ***
Dealt to HubertusB [2h 2d]
R2D2_77: raises $0.05 to $0.10
HubertusB: calls $0.10
Akutagawa: folds 
sooni99: folds 
Region059: folds 
Preacher_In: folds 
*** FLOP *** [Ah 4s Js]
R2D2_77: bets $0.10
HubertusB: raises $0.25 to $0.35
R2D2_77: calls $0.25
*** TURN *** [Ah 4s Js] [9d]
R2D2_77: checks 
HubertusB: checks 
*** RIVER *** [Ah 4s Js 9d] [7c]
R2D2_77: checks 
HubertusB: checks 
*** SHOW DOWN ***
R2D2_77: shows [Td Kc] (high card Ace)
HubertusB: shows [2h 2d] (a pair of Deuces)
HubertusB collected $0.93 from pot
*** SUMMARY ***
Total pot $0.97 | Rake $0.04 
Board [Ah 4s Js 9d 7c]
Seat 1: sooni99 (button) folded before Flop (didn't bet)
Seat 2: Region059 (small blind) folded before Flop
Seat 3: Preacher_In (big blind) folded before Flop
Seat 4: R2D2_77 showed [Td Kc] and lost with high card Ace
Seat 5: HubertusB showed [2h 2d] and won ($0.93) with a pair of Deuces
Seat 6: Akutagawa folded before Flop (didn't bet)



PokerStars Zoom Hand #177280594598:  Hold'em No Limit ($0.02/$0.05) - 2017/10/23 23:04:29 CCT [2017/10/23 11:04:29 ET]
Table 'Donati' 6-max Seat #1 is the button
Seat 1: HubertusB ($9.69 in chips) 
Seat 2: L0gaN77 ($4.53 in chips) 
Seat 3: bigseandon30 ($12.76 in chips) 
Seat 4: malotou ($16.55 in chips) 
Seat 5: cleanzzy ($7.87 in chips) 
Seat 6: den S187 ($11.45 in chips) 
L0gaN77: posts small blind $0.02
bigseandon30: posts big blind $0.05
*** HOLE CARDS ***
Dealt to HubertusB [Ac Js]
malotou: folds 
cleanzzy: folds 
den S187: folds 
HubertusB: raises $0.05 to $0.10
L0gaN77: folds 
bigseandon30: folds 
Uncalled bet ($0.05) returned to HubertusB
HubertusB collected $0.12 from pot
HubertusB: doesn't show hand 
*** SUMMARY ***
Total pot $0.12 | Rake $0 
Seat 1: HubertusB (button) collected ($0.12)
Seat 2: L0gaN77 (small blind) folded before Flop
Seat 3: bigseandon30 (big blind) folded before Flop
Seat 4: malotou folded before Flop (didn't bet)
Seat 5: cleanzzy folded before Flop (didn't bet)
Seat 6: den S187 folded before Flop (didn't bet)



PokerStars Zoom Hand #177280604620:  Hold'em No Limit ($0.02/$0.05) - 2017/10/23 23:04:46 CCT [2017/10/23 11:04:46 ET]
Table 'Donati' 6-max Seat #1 is the button
Seat 1: Htufty ($5 in chips) 
Seat 2: Baker1326 ($9.78 in chips) 
Seat 3: Antash.RU ($4.74 in chips) 
Seat 4: HubertusB ($9.76 in chips) 
Seat 5: opodgornij ($10.02 in chips) 
Seat 6: mrslefki ($7.88 in chips) 
Baker1326: posts small blind $0.02
Antash.RU: posts big blind $0.05
*** HOLE CARDS ***
Dealt to HubertusB [2h Td]
HubertusB: folds 
opodgornij: raises $0.10 to $0.15
mrslefki: folds 
Htufty: folds 
Baker1326: folds 
Antash.RU: folds 
Uncalled bet ($0.10) returned to opodgornij
opodgornij collected $0.12 from pot
opodgornij: doesn't show hand 
*** SUMMARY ***
Total pot $0.12 | Rake $0 
Seat 1: Htufty (button) folded before Flop (didn't bet)
Seat 2: Baker1326 (small blind) folded before Flop
Seat 3: Antash.RU (big blind) folded before Flop
Seat 4: HubertusB folded before Flop (didn't bet)
Seat 5: opodgornij collected ($0.12)
Seat 6: mrslefki folded before Flop (didn't bet)



PokerStars Zoom Hand #177280608202:  Hold'em No Limit ($0.02/$0.05) - 2017/10/23 23:04:52 CCT [2017/10/23 11:04:52 ET]
Table 'Donati' 6-max Seat #1 is the button
Seat 1: Dariev ($8.24 in chips) 
Seat 2: den S187 ($11.47 in chips) 
Seat 3: HubertusB ($9.76 in chips) 
Seat 4: mrslefki ($6.70 in chips) 
Seat 5: MBAUMI5 ($10.34 in chips) 
Seat 6: yochi29 ($5.43 in chips) 
den S187: posts small blind $0.02
HubertusB: posts big blind $0.05
*** HOLE CARDS ***
Dealt to HubertusB [Qh 9d]
mrslefki: folds 
MBAUMI5: raises $0.10 to $0.15
yochi29: folds 
Dariev: folds 
den S187: folds 
HubertusB: folds 
Uncalled bet ($0.10) returned to MBAUMI5
MBAUMI5 collected $0.12 from pot
MBAUMI5: doesn't show hand 
*** SUMMARY ***
Total pot $0.12 | Rake $0 
Seat 1: Dariev (button) folded before Flop (didn't bet)
Seat 2: den S187 (small blind) folded before Flop
Seat 3: HubertusB (big blind) folded before Flop
Seat 4: mrslefki folded before Flop (didn't bet)
Seat 5: MBAUMI5 collected ($0.12)
Seat 6: yochi29 folded before Flop (didn't bet)



PokerStars Zoom Hand #177280617706:  Hold'em No Limit ($0.02/$0.05) - 2017/10/23 23:05:08 CCT [2017/10/23 11:05:08 ET]
Table 'Donati' 6-max Seat #1 is the button
Seat 1: DrD.Phoenix ($5.10 in chips) 
Seat 2: HubertusB ($9.71 in chips) 
Seat 3: stoik83 ($5.55 in chips) 
Seat 4: Pablo651 ($4.55 in chips) 
Seat 5: Kota0501 ($10.81 in chips) 
Seat 6: palfi76 ($3.11 in chips) 
HubertusB: posts small blind $0.02
stoik83: posts big blind $0.05
*** HOLE CARDS ***
Dealt to HubertusB [Qh Th]
Pablo651: folds 
Kota0501: folds 
palfi76: folds 
DrD.Phoenix: folds 
HubertusB: raises $0.05 to $0.10
stoik83: calls $0.05
*** FLOP *** [8s As 8h]
HubertusB: bets $0.10
stoik83: folds 
Uncalled bet ($0.10) returned to HubertusB
HubertusB collected $0.19 from pot
HubertusB: doesn't show hand 
*** SUMMARY ***
Total pot $0.20 | Rake $0.01 
Board [8s As 8h]
Seat 1: DrD.Phoenix (button) folded before Flop (didn't bet)
Seat 2: HubertusB (small blind) collected ($0.19)
Seat 3: stoik83 (big blind) folded on the Flop
Seat 4: Pablo651 folded before Flop (didn't bet)
Seat 5: Kota0501 folded before Flop (didn't bet)
Seat 6: palfi76 folded before Flop (didn't bet)



PokerStars Zoom Hand #177280632535:  Hold'em No Limit ($0.02/$0.05) - 2017/10/23 23:05:33 CCT [2017/10/23 11:05:33 ET]
Table 'Donati' 6-max Seat #1 is the button
Seat 1: Foma.Alexan ($5.84 in chips) 
Seat 2: unFair235 ($12.41 in chips) 
Seat 3: Dariev ($7.04 in chips) 
Seat 4: geochar87 ($32.55 in chips) 
Seat 5: Herold2803 ($10.22 in chips) 
Seat 6: HubertusB ($9.80 in chips) 
unFair235: posts small blind $0.02
Dariev: posts big blind $0.05
*** HOLE CARDS ***
Dealt to HubertusB [4d 9s]
geochar87: folds 
Herold2803: folds 
HubertusB: folds 
Foma.Alexan: raises $0.07 to $0.12
unFair235: folds 
Dariev: folds 
Uncalled bet ($0.07) returned to Foma.Alexan
Foma.Alexan collected $0.12 from pot
Foma.Alexan: doesn't show hand 
*** SUMMARY ***
Total pot $0.12 | Rake $0 
Seat 1: Foma.Alexan (button) collected ($0.12)
Seat 2: unFair235 (small blind) folded before Flop
Seat 3: Dariev (big blind) folded before Flop
Seat 4: geochar87 folded before Flop (didn't bet)
Seat 5: Herold2803 folded before Flop (didn't bet)
Seat 6: HubertusB folded before Flop (didn't bet)



PokerStars Zoom Hand #177280635483:  Hold'em No Limit ($0.02/$0.05) - 2017/10/23 23:05:38 CCT [2017/10/23 11:05:38 ET]
Table 'Donati' 6-max Seat #1 is the button
Seat 1: HaveTheWorld ($5.22 in chips) 
Seat 2: eurko6 ($4.83 in chips) 
Seat 3: DrD.Phoenix ($5.17 in chips) 
Seat 4: cadexuu ($13.91 in chips) 
Seat 5: HubertusB ($9.80 in chips) 
Seat 6: Bendiger555 ($5.05 in chips) 
eurko6: posts small blind $0.02
DrD.Phoenix: posts big blind $0.05
*** HOLE CARDS ***
Dealt to HubertusB [Ad Kh]
cadexuu: folds 
HubertusB: raises $0.05 to $0.10
Bendiger555: folds 
HaveTheWorld: calls $0.10
eurko6: folds 
DrD.Phoenix: calls $0.05
*** FLOP *** [2h 6d 7d]
DrD.Phoenix: checks 
HubertusB: checks 
HaveTheWorld: checks 
*** TURN *** [2h 6d 7d] [Qs]
DrD.Phoenix: checks 
HubertusB: bets $0.25
HaveTheWorld: calls $0.25
DrD.Phoenix: folds 
*** RIVER *** [2h 6d 7d Qs] [8h]
HubertusB: bets $0.60
HaveTheWorld: folds 
Uncalled bet ($0.60) returned to HubertusB
HubertusB collected $0.79 from pot
HubertusB: doesn't show hand 
*** SUMMARY ***
Total pot $0.82 | Rake $0.03 
Board [2h 6d 7d Qs 8h]
Seat 1: HaveTheWorld (button) folded on the River
Seat 2: eurko6 (small blind) folded before Flop
Seat 3: DrD.Phoenix (big blind) folded on the Turn
Seat 4: cadexuu folded before Flop (didn't bet)
Seat 5: HubertusB collected ($0.79)
Seat 6: Bendiger555 folded before Flop (didn't bet)



PokerStars Zoom Hand #177280663213:  Hold'em No Limit ($0.02/$0.05) - 2017/10/23 23:06:25 CCT [2017/10/23 11:06:25 ET]
Table 'Donati' 6-max Seat #1 is the button
Seat 1: numelen ($5.63 in chips) 
Seat 2: ConnorM1888 ($5.12 in chips) 
Seat 3: FantomAsasin ($6.95 in chips) 
Seat 4: Draggastoi ($9.95 in chips) 
Seat 5: LilRU42 ($4.68 in chips) 
Seat 6: HubertusB ($10.24 in chips) 
ConnorM1888: posts small blind $0.02
FantomAsasin: posts big blind $0.05
*** HOLE CARDS ***
Dealt to HubertusB [9s Kh]
Draggastoi: folds 
LilRU42: raises $0.10 to $0.15
HubertusB: raises $0.30 to $0.45
numelen: raises $0.70 to $1.15
ConnorM1888: folds 
FantomAsasin: folds 
LilRU42: folds 
HubertusB: folds 
Uncalled bet ($0.70) returned to numelen
numelen collected $1.12 from pot
numelen: doesn't show hand 
*** SUMMARY ***
Total pot $1.12 | Rake $0 
Seat 1: numelen (button) collected ($1.12)
Seat 2: ConnorM1888 (small blind) folded before Flop
Seat 3: FantomAsasin (big blind) folded before Flop
Seat 4: Draggastoi folded before Flop (didn't bet)
Seat 5: LilRU42 folded before Flop
Seat 6: HubertusB folded before Flop



PokerStars Zoom Hand #177280691716:  Hold'em No Limit ($0.02/$0.05) - 2017/10/23 23:07:18 CCT [2017/10/23 11:07:18 ET]
Table 'Donati' 6-max Seat #1 is the button
Seat 1: T1900 ($4.20 in chips) 
Seat 2: D.R.H0830 ($5.42 in chips) 
Seat 3: Limbo777 ($5.07 in chips) 
Seat 4: HubertusB ($9.79 in chips) 
Seat 5: matanPS ($5.47 in chips) 
Seat 6: xampos77 ($5 in chips) 
D.R.H0830: posts small blind $0.02
Limbo777: posts big blind $0.05
*** HOLE CARDS ***
Dealt to HubertusB [Th Jh]
HubertusB: raises $0.05 to $0.10
matanPS: folds 
xampos77: folds 
T1900: folds 
D.R.H0830: folds 
Limbo777: folds 
Uncalled bet ($0.05) returned to HubertusB
HubertusB collected $0.12 from pot
HubertusB: doesn't show hand 
*** SUMMARY ***
Total pot $0.12 | Rake $0 
Seat 1: T1900 (button) folded before Flop (didn't bet)
Seat 2: D.R.H0830 (small blind) folded before Flop
Seat 3: Limbo777 (big blind) folded before Flop
Seat 4: HubertusB collected ($0.12)
Seat 5: matanPS folded before Flop (didn't bet)
Seat 6: xampos77 folded before Flop (didn't bet)



PokerStars Zoom Hand #177280708193:  Hold'em No Limit ($0.02/$0.05) - 2017/10/23 23:07:46 CCT [2017/10/23 11:07:46 ET]
Table 'Donati' 6-max Seat #1 is the button
Seat 1: HubertusB ($9.81 in chips) 
Seat 2: lllyma 9366 ($6.60 in chips) 
Seat 3: Region059 ($9.06 in chips) 
Seat 4: billy1808_ ($2.29 in chips) 
Seat 5: Justus1909 ($6.81 in chips) 
Seat 6: prochy1909 ($5.55 in chips) 
lllyma 9366: posts small blind $0.02
Region059: posts big blind $0.05
*** HOLE CARDS ***
Dealt to HubertusB [4h 6s]
billy1808_: folds 
Justus1909: folds 
prochy1909: raises $0.10 to $0.15
HubertusB: raises $0.30 to $0.45
lllyma 9366: folds 
Region059: folds 
prochy1909: folds 
Uncalled bet ($0.30) returned to HubertusB
HubertusB collected $0.37 from pot
HubertusB: doesn't show hand 
*** SUMMARY ***
Total pot $0.37 | Rake $0 
Seat 1: HubertusB (button) collected ($0.37)
Seat 2: lllyma 9366 (small blind) folded before Flop
Seat 3: Region059 (big blind) folded before Flop
Seat 4: billy1808_ folded before Flop (didn't bet)
Seat 5: Justus1909 folded before Flop (didn't bet)
Seat 6: prochy1909 folded before Flop



PokerStars Zoom Hand #177280699329:  Hold'em No Limit ($0.02/$0.05) - 2017/10/23 23:07:31 CCT [2017/10/23 11:07:31 ET]
Table 'Donati' 6-max Seat #1 is the button
Seat 1: semarg1 ($2.19 in chips) 
Seat 2: Chunichi ($4.81 in chips) 
Seat 3: HubertusB ($9.86 in chips) 
Seat 4: GuardCorp ($9.21 in chips) 
Seat 5: nemkefull ($10.99 in chips) 
Seat 6: tsuudantou ($5 in chips) 
Chunichi: posts small blind $0.02
HubertusB: posts big blind $0.05
*** HOLE CARDS ***
Dealt to HubertusB [Ah Td]
GuardCorp: raises $0.10 to $0.15
nemkefull: folds 
tsuudantou: folds 
semarg1: calls $0.15
Chunichi: folds 
HubertusB: folds 
*** FLOP *** [Ac 7h Qd]
GuardCorp: bets $0.20
semarg1: calls $0.20
*** TURN *** [Ac 7h Qd] [4d]
GuardCorp: bets $0.42
semarg1: folds 
Uncalled bet ($0.42) returned to GuardCorp
GuardCorp collected $0.74 from pot
GuardCorp: doesn't show hand 
*** SUMMARY ***
Total pot $0.77 | Rake $0.03 
Board [Ac 7h Qd 4d]
Seat 1: semarg1 (button) folded on the Turn
Seat 2: Chunichi (small blind) folded before Flop
Seat 3: HubertusB (big blind) folded before Flop
Seat 4: GuardCorp collected ($0.74)
Seat 5: nemkefull folded before Flop (didn't bet)
Seat 6: tsuudantou folded before Flop (didn't bet)



PokerStars Zoom Hand #177280720298:  Hold'em No Limit ($0.02/$0.05) - 2017/10/23 23:08:06 CCT [2017/10/23 11:08:06 ET]
Table 'Donati' 6-max Seat #1 is the button
Seat 1: ancqPRO ($5.34 in chips) 
Seat 2: HubertusB ($10.03 in chips) 
Seat 3: Oliana88 ($5 in chips) 
Seat 4: gerrul3r ($5 in chips) 
Seat 5: den S187 ($6.07 in chips) 
Seat 6: mddbv2011 ($5 in chips) 
HubertusB: posts small blind $0.02
Oliana88: posts big blind $0.05
*** HOLE CARDS ***
Dealt to HubertusB [Jd Ac]
gerrul3r: folds 
den S187: folds 
mddbv2011: raises $0.07 to $0.12
ancqPRO: folds 
HubertusB: calls $0.10
Oliana88: calls $0.07
*** FLOP *** [Qc 5c Ts]
HubertusB: bets $0.25
Oliana88: raises $0.57 to $0.82
mddbv2011: folds 
HubertusB: folds 
Uncalled bet ($0.57) returned to Oliana88
Oliana88 collected $0.82 from pot
Oliana88: doesn't show hand 
*** SUMMARY ***
Total pot $0.86 | Rake $0.04 
Board [Qc 5c Ts]
Seat 1: ancqPRO (button) folded before Flop (didn't bet)
Seat 2: HubertusB (small blind) folded on the Flop
Seat 3: Oliana88 (big blind) collected ($0.82)
Seat 4: gerrul3r folded before Flop (didn't bet)
Seat 5: den S187 folded before Flop (didn't bet)
Seat 6: mddbv2011 folded on the Flop



PokerStars Zoom Hand #177280739436:  Hold'em No Limit ($0.02/$0.05) - 2017/10/23 23:08:38 CCT [2017/10/23 11:08:38 ET]
Table 'Donati' 6-max Seat #1 is the button
Seat 1: darlika774 ($4.64 in chips) 
Seat 2: Thanator84 ($11.50 in chips) 
Seat 3: Justus1909 ($5.67 in chips) 
Seat 4: howugodonk ($3.28 in chips) 
Seat 5: HubertusB ($9.66 in chips) 
Seat 6: maniek6767 ($11.28 in chips) 
Thanator84: posts small blind $0.02
Justus1909: posts big blind $0.05
*** HOLE CARDS ***
Dealt to HubertusB [Ks 2s]
howugodonk: folds 
HubertusB: raises $0.05 to $0.10
maniek6767: folds 
darlika774: folds 
Thanator84: folds 
Justus1909: raises $0.30 to $0.40
HubertusB: folds 
Uncalled bet ($0.30) returned to Justus1909
Justus1909 collected $0.22 from pot
Justus1909: doesn't show hand 
*** SUMMARY ***
Total pot $0.22 | Rake $0 
Seat 1: darlika774 (button) folded before Flop (didn't bet)
Seat 2: Thanator84 (small blind) folded before Flop
Seat 3: Justus1909 (big blind) collected ($0.22)
Seat 4: howugodonk folded before Flop (didn't bet)
Seat 5: HubertusB folded before Flop
Seat 6: maniek6767 folded before Flop (didn't bet)



PokerStars Zoom Hand #177280750202:  Hold'em No Limit ($0.02/$0.05) - 2017/10/23 23:08:56 CCT [2017/10/23 11:08:56 ET]
Table 'Donati' 6-max Seat #1 is the button
Seat 1: Only_Vizard ($28.26 in chips) 
Seat 2: 2go4pro ($8.94 in chips) 
Seat 3: georgiodoc ($5.07 in chips) 
Seat 4: HubertusB ($9.56 in chips) 
Seat 5: eurko6 ($14.01 in chips) 
Seat 6: jIMMY123487 ($6.55 in chips) 
2go4pro: posts small blind $0.02
georgiodoc: posts big blind $0.05
*** HOLE CARDS ***
Dealt to HubertusB [Qs Th]
HubertusB: folds 
eurko6: folds 
jIMMY123487: raises $0.07 to $0.12
Only_Vizard: calls $0.12
2go4pro: folds 
georgiodoc: folds 
*** FLOP *** [5c 6s 2h]
jIMMY123487: checks 
Only_Vizard: checks 
*** TURN *** [5c 6s 2h] [3h]
jIMMY123487: bets $0.22
Only_Vizard: folds 
Uncalled bet ($0.22) returned to jIMMY123487
jIMMY123487 collected $0.30 from pot
jIMMY123487: doesn't show hand 
*** SUMMARY ***
Total pot $0.31 | Rake $0.01 
Board [5c 6s 2h 3h]
Seat 1: Only_Vizard (button) folded on the Turn
Seat 2: 2go4pro (small blind) folded before Flop
Seat 3: georgiodoc (big blind) folded before Flop
Seat 4: HubertusB folded before Flop (didn't bet)
Seat 5: eurko6 folded before Flop (didn't bet)
Seat 6: jIMMY123487 collected ($0.30)



PokerStars Zoom Hand #177280753762:  Hold'em No Limit ($0.02/$0.05) - 2017/10/23 23:09:02 CCT [2017/10/23 11:09:02 ET]
Table 'Donati' 6-max Seat #1 is the button
Seat 1: Antash.RU ($5.60 in chips) 
Seat 2: cadexuu ($31.19 in chips) 
Seat 3: eurko6 ($14.01 in chips) 
Seat 4: HubertusB ($9.56 in chips) 
Seat 5: pwr89 ($5.22 in chips) 
Seat 6: Luckerly ($4.93 in chips) 
cadexuu: posts small blind $0.02
eurko6: posts big blind $0.05
*** HOLE CARDS ***
Dealt to HubertusB [7d 9d]
HubertusB: raises $0.05 to $0.10
pwr89: folds 
Luckerly: folds 
Antash.RU: folds 
cadexuu: folds 
eurko6: raises $0.22 to $0.32
HubertusB: folds 
Uncalled bet ($0.22) returned to eurko6
eurko6 collected $0.22 from pot
eurko6: doesn't show hand 
*** SUMMARY ***
Total pot $0.22 | Rake $0 
Seat 1: Antash.RU (button) folded before Flop (didn't bet)
Seat 2: cadexuu (small blind) folded before Flop
Seat 3: eurko6 (big blind) collected ($0.22)
Seat 4: HubertusB folded before Flop
Seat 5: pwr89 folded before Flop (didn't bet)
Seat 6: Luckerly folded before Flop (didn't bet)



PokerStars Zoom Hand #177280772843:  Hold'em No Limit ($0.02/$0.05) - 2017/10/23 23:09:34 CCT [2017/10/23 11:09:34 ET]
Table 'Donati' 6-max Seat #1 is the button
Seat 1: diablo4824 ($5.45 in chips) 
Seat 2: HumsiHulahub ($7.46 in chips) 
Seat 3: Anrs23 ($4.78 in chips) 
Seat 4: HubertusB ($9.46 in chips) 
Seat 5: gerrul3r ($5.03 in chips) 
Seat 6: Draber06 ($6.62 in chips) 
HumsiHulahub: posts small blind $0.02
Anrs23: posts big blind $0.05
*** HOLE CARDS ***
Dealt to HubertusB [8h 6s]
HubertusB: folds 
gerrul3r: folds 
Draber06: raises $0.09 to $0.14
diablo4824: folds 
HumsiHulahub: folds 
Anrs23: folds 
Uncalled bet ($0.09) returned to Draber06
Draber06 collected $0.12 from pot
Draber06: doesn't show hand 
*** SUMMARY ***
Total pot $0.12 | Rake $0 
Seat 1: diablo4824 (button) folded before Flop (didn't bet)
Seat 2: HumsiHulahub (small blind) folded before Flop
Seat 3: Anrs23 (big blind) folded before Flop
Seat 4: HubertusB folded before Flop (didn't bet)
Seat 5: gerrul3r folded before Flop (didn't bet)
Seat 6: Draber06 collected ($0.12)



PokerStars Zoom Hand #177280776412:  Hold'em No Limit ($0.02/$0.05) - 2017/10/23 23:09:40 CCT [2017/10/23 11:09:40 ET]
Table 'Donati' 6-max Seat #1 is the button
Seat 1: zale73 ($4.79 in chips) 
Seat 2: ooiaooao ($5 in chips) 
Seat 3: HubertusB ($9.46 in chips) 
Seat 4: Akutagawa ($5 in chips) 
Seat 5: BOSCOBOT ($9.42 in chips) 
Seat 6: Pelimouse ($7.30 in chips) 
ooiaooao: posts small blind $0.02
HubertusB: posts big blind $0.05
*** HOLE CARDS ***
Dealt to HubertusB [8d 5s]
Akutagawa: folds 
BOSCOBOT: folds 
Pelimouse: raises $0.07 to $0.12
zale73: raises $4.67 to $4.79 and is all-in
ooiaooao: folds 
HubertusB: folds 
Pelimouse: folds 
Uncalled bet ($4.67) returned to zale73
zale73 collected $0.31 from pot
zale73: doesn't show hand 
*** SUMMARY ***
Total pot $0.31 | Rake $0 
Seat 1: zale73 (button) collected ($0.31)
Seat 2: ooiaooao (small blind) folded before Flop
Seat 3: HubertusB (big blind) folded before Flop
Seat 4: Akutagawa folded before Flop (didn't bet)
Seat 5: BOSCOBOT folded before Flop (didn't bet)
Seat 6: Pelimouse folded before Flop



PokerStars Zoom Hand #177280782908:  Hold'em No Limit ($0.02/$0.05) - 2017/10/23 23:09:51 CCT [2017/10/23 11:09:51 ET]
Table 'Donati' 6-max Seat #1 is the button
Seat 1: polybomy ($5.21 in chips) 
Seat 2: nastya_gerl ($2.81 in chips) 
Seat 3: D.R.H0830 ($5.22 in chips) 
Seat 4: Friisbak ($5.28 in chips) 
Seat 5: M0NAX666 ($3.61 in chips) 
Seat 6: HubertusB ($9.41 in chips) 
nastya_gerl: posts small blind $0.02
D.R.H0830: posts big blind $0.05
*** HOLE CARDS ***
Dealt to HubertusB [5s 5c]
Friisbak: folds 
M0NAX666: folds 
HubertusB: raises $0.05 to $0.10
polybomy: folds 
nastya_gerl: calls $0.08
D.R.H0830: calls $0.05
*** FLOP *** [9s Tc 6c]
nastya_gerl: checks 
D.R.H0830: checks 
HubertusB: checks 
*** TURN *** [9s Tc 6c] [Js]
nastya_gerl: checks 
D.R.H0830: checks 
HubertusB: checks 
*** RIVER *** [9s Tc 6c Js] [7c]
nastya_gerl: checks 
D.R.H0830: checks 
HubertusB: checks 
*** SHOW DOWN ***
nastya_gerl: shows [7d Qd] (a pair of Sevens)
D.R.H0830: shows [Kh Ts] (a pair of Tens)
HubertusB: mucks hand 
D.R.H0830 collected $0.29 from pot
*** SUMMARY ***
Total pot $0.30 | Rake $0.01 
Board [9s Tc 6c Js 7c]
Seat 1: polybomy (button) folded before Flop (didn't bet)
Seat 2: nastya_gerl (small blind) showed [7d Qd] and lost with a pair of Sevens
Seat 3: D.R.H0830 (big blind) showed [Kh Ts] and won ($0.29) with a pair of Tens
Seat 4: Friisbak folded before Flop (didn't bet)
Seat 5: M0NAX666 folded before Flop (didn't bet)
Seat 6: HubertusB mucked [5s 5c]



PokerStars Zoom Hand #177280807027:  Hold'em No Limit ($0.02/$0.05) - 2017/10/23 23:10:31 CCT [2017/10/23 11:10:31 ET]
Table 'Donati' 6-max Seat #1 is the button
Seat 1: Gaben ICM ($6.66 in chips) 
Seat 2: HubertusB ($9.31 in chips) 
Seat 3: MrInTerra ($6.90 in chips) 
Seat 4: padde886 ($5.07 in chips) 
Seat 5: Justus1909 ($5.69 in chips) 
Seat 6: nastya_gerl ($2.71 in chips) 
HubertusB: posts small blind $0.02
MrInTerra: posts big blind $0.05
*** HOLE CARDS ***
Dealt to HubertusB [9d 5d]
padde886: folds 
Justus1909: folds 
nastya_gerl: folds 
Gaben ICM: raises $0.06 to $0.11
HubertusB: folds 
MrInTerra: folds 
Uncalled bet ($0.06) returned to Gaben ICM
Gaben ICM collected $0.12 from pot
Gaben ICM: doesn't show hand 
*** SUMMARY ***
Total pot $0.12 | Rake $0 
Seat 1: Gaben ICM (button) collected ($0.12)
Seat 2: HubertusB (small blind) folded before Flop
Seat 3: MrInTerra (big blind) folded before Flop
Seat 4: padde886 folded before Flop (didn't bet)
Seat 5: Justus1909 folded before Flop (didn't bet)
Seat 6: nastya_gerl folded before Flop (didn't bet)



PokerStars Zoom Hand #177280815304:  Hold'em No Limit ($0.02/$0.05) - 2017/10/23 23:10:45 CCT [2017/10/23 11:10:45 ET]
Table 'Donati' 6-max Seat #1 is the button
Seat 1: HubertusB ($9.29 in chips) 
Seat 2: KOWAL530 ($5.35 in chips) 
Seat 3: VankaVoinov ($5.69 in chips) 
Seat 4: GuardCorp ($9.46 in chips) 
Seat 5: Friisbak ($5.07 in chips) 
Seat 6: Tmalikis1 ($6.82 in chips) 
KOWAL530: posts small blind $0.02
VankaVoinov: posts big blind $0.05
*** HOLE CARDS ***
Dealt to HubertusB [8s 3h]
GuardCorp: raises $0.10 to $0.15
Friisbak: folds 
Tmalikis1: folds 
HubertusB: folds 
KOWAL530: folds 
VankaVoinov: folds 
Uncalled bet ($0.10) returned to GuardCorp
GuardCorp collected $0.12 from pot
GuardCorp: doesn't show hand 
*** SUMMARY ***
Total pot $0.12 | Rake $0 
Seat 1: HubertusB (button) folded before Flop (didn't bet)
Seat 2: KOWAL530 (small blind) folded before Flop
Seat 3: VankaVoinov (big blind) folded before Flop
Seat 4: GuardCorp collected ($0.12)
Seat 5: Friisbak folded before Flop (didn't bet)
Seat 6: Tmalikis1 folded before Flop (didn't bet)



PokerStars Zoom Hand #177280821185:  Hold'em No Limit ($0.02/$0.05) - 2017/10/23 23:10:55 CCT [2017/10/23 11:10:55 ET]
Table 'Donati' 6-max Seat #1 is the button
Seat 1: 777vitaliy777 ($3.04 in chips) 
Seat 2: Raux17 ($27.01 in chips) 
Seat 3: OMON_BRAT ($16.40 in chips) 
Seat 4: tmr2622 ($5.24 in chips) 
Seat 5: lila994 ($3.36 in chips) 
Seat 6: HubertusB ($9.29 in chips) 
Raux17: posts small blind $0.02
OMON_BRAT: posts big blind $0.05
*** HOLE CARDS ***
Dealt to HubertusB [Th 9h]
tmr2622: folds 
lila994: folds 
HubertusB: raises $0.05 to $0.10
777vitaliy777: folds 
Raux17: folds 
OMON_BRAT: folds 
Uncalled bet ($0.05) returned to HubertusB
HubertusB collected $0.12 from pot
HubertusB: doesn't show hand 
*** SUMMARY ***
Total pot $0.12 | Rake $0 
Seat 1: 777vitaliy777 (button) folded before Flop (didn't bet)
Seat 2: Raux17 (small blind) folded before Flop
Seat 3: OMON_BRAT (big blind) folded before Flop
Seat 4: tmr2622 folded before Flop (didn't bet)
Seat 5: lila994 folded before Flop (didn't bet)
Seat 6: HubertusB collected ($0.12)



PokerStars Zoom Hand #177280833306:  Hold'em No Limit ($0.02/$0.05) - 2017/10/23 23:11:15 CCT [2017/10/23 11:11:15 ET]
Table 'Donati' 6-max Seat #1 is the button
Seat 1: HubertusB ($9.36 in chips) 
Seat 2: SardonicusM ($6.52 in chips) 
Seat 3: DK1004 ($6.17 in chips) 
Seat 4: FantomAsasin ($5.92 in chips) 
Seat 5: opodgornij ($8.11 in chips) 
Seat 6: andreascris1 ($6.35 in chips) 
SardonicusM: posts small blind $0.02
DK1004: posts big blind $0.05
*** HOLE CARDS ***
Dealt to HubertusB [5c Qc]
FantomAsasin: folds 
opodgornij: folds 
andreascris1: raises $0.05 to $0.10
HubertusB: raises $0.20 to $0.30
SardonicusM: calls $0.28
DK1004: folds 
andreascris1: calls $0.20
*** FLOP *** [Ts 3c Qh]
SardonicusM: checks 
andreascris1: checks 
HubertusB: checks 
*** TURN *** [Ts 3c Qh] [8c]
SardonicusM: checks 
andreascris1: checks 
HubertusB: bets $0.60
SardonicusM: calls $0.60
andreascris1: folds 
*** RIVER *** [Ts 3c Qh 8c] [Jc]
SardonicusM: checks 
HubertusB: bets $1.45
SardonicusM: calls $1.45
*** SHOW DOWN ***
HubertusB: shows [5c Qc] (a flush, Queen high)
SardonicusM: mucks hand 
HubertusB collected $4.84 from pot
*** SUMMARY ***
Total pot $5.05 | Rake $0.21 
Board [Ts 3c Qh 8c Jc]
Seat 1: HubertusB (button) showed [5c Qc] and won ($4.84) with a flush, Queen high
Seat 2: SardonicusM (small blind) mucked [Jd Js]
Seat 3: DK1004 (big blind) folded before Flop
Seat 4: FantomAsasin folded before Flop (didn't bet)
Seat 5: opodgornij folded before Flop (didn't bet)
Seat 6: andreascris1 folded on the Turn



PokerStars Zoom Hand #177280905700:  Hold'em No Limit ($0.02/$0.05) - 2017/10/23 23:13:16 CCT [2017/10/23 11:13:16 ET]
Table 'Donati' 6-max Seat #1 is the button
Seat 1: phoenix2sun ($5.11 in chips) 
Seat 2: HubertusB ($11.85 in chips) 
Seat 3: Thanator84 ($11.82 in chips) 
Seat 4: cadexuu ($13.30 in chips) 
Seat 5: Region059 ($8.65 in chips) 
Seat 6: prochy1909 ($10.73 in chips) 
HubertusB: posts small blind $0.02
Thanator84: posts big blind $0.05
*** HOLE CARDS ***
Dealt to HubertusB [As 4d]
cadexuu: raises $0.10 to $0.15
Region059: folds 
prochy1909: folds 
phoenix2sun: folds 
HubertusB: folds 
Thanator84: calls $0.10
*** FLOP *** [9s 3c 7c]
Thanator84: checks 
cadexuu: bets $0.31
Thanator84: folds 
Uncalled bet ($0.31) returned to cadexuu
cadexuu collected $0.31 from pot
cadexuu: doesn't show hand 
*** SUMMARY ***
Total pot $0.32 | Rake $0.01 
Board [9s 3c 7c]
Seat 1: phoenix2sun (button) folded before Flop (didn't bet)
Seat 2: HubertusB (small blind) folded before Flop
Seat 3: Thanator84 (big blind) folded on the Flop
Seat 4: cadexuu collected ($0.31)
Seat 5: Region059 folded before Flop (didn't bet)
Seat 6: prochy1909 folded before Flop (didn't bet)



PokerStars Zoom Hand #177280918898:  Hold'em No Limit ($0.02/$0.05) - 2017/10/23 23:13:38 CCT [2017/10/23 11:13:38 ET]
Table 'Donati' 6-max Seat #1 is the button
Seat 1: Bendiger555 ($5.19 in chips) 
Seat 2: Dariev ($16.12 in chips) 
Seat 3: HubertusB ($11.83 in chips) 
Seat 4: diablo4824 ($5.48 in chips) 
Seat 5: Friisbak ($5 in chips) 
Seat 6: L0gaN77 ($6.76 in chips) 
Dariev: posts small blind $0.02
HubertusB: posts big blind $0.05
*** HOLE CARDS ***
Dealt to HubertusB [Td 7s]
diablo4824: raises $0.10 to $0.15
Friisbak: raises $0.35 to $0.50
L0gaN77: folds 
Bendiger555: folds 
Dariev: folds 
HubertusB: folds 
diablo4824: calls $0.35
*** FLOP *** [4d 4h 5d]
diablo4824: checks 
Friisbak: bets $0.55
diablo4824: raises $4.43 to $4.98 and is all-in
Friisbak: folds 
Uncalled bet ($4.43) returned to diablo4824
diablo4824 collected $2.08 from pot
diablo4824: doesn't show hand 
*** SUMMARY ***
Total pot $2.17 | Rake $0.09 
Board [4d 4h 5d]
Seat 1: Bendiger555 (button) folded before Flop (didn't bet)
Seat 2: Dariev (small blind) folded before Flop
Seat 3: HubertusB (big blind) folded before Flop
Seat 4: diablo4824 collected ($2.08)
Seat 5: Friisbak folded on the Flop
Seat 6: L0gaN77 folded before Flop (didn't bet)



PokerStars Zoom Hand #177280924430:  Hold'em No Limit ($0.02/$0.05) - 2017/10/23 23:13:47 CCT [2017/10/23 11:13:47 ET]
Table 'Donati' 6-max Seat #1 is the button
Seat 1: Oliana88 ($7.12 in chips) 
Seat 2: k1v0k ($5 in chips) 
Seat 3: Gaben ICM ($9.88 in chips) 
Seat 4: Kerberus94 ($12.89 in chips) 
Seat 5: HubertusB ($11.78 in chips) 
Seat 6: dashkagf ($5.12 in chips) 
k1v0k: posts small blind $0.02
Gaben ICM: posts big blind $0.05
*** HOLE CARDS ***
Dealt to HubertusB [Qd Th]
Kerberus94: folds 
HubertusB: raises $0.05 to $0.10
dashkagf: folds 
Oliana88: folds 
k1v0k: raises $0.35 to $0.45
Gaben ICM: folds 
HubertusB: folds 
Uncalled bet ($0.35) returned to k1v0k
k1v0k collected $0.25 from pot
k1v0k: doesn't show hand 
*** SUMMARY ***
Total pot $0.25 | Rake $0 
Seat 1: Oliana88 (button) folded before Flop (didn't bet)
Seat 2: k1v0k (small blind) collected ($0.25)
Seat 3: Gaben ICM (big blind) folded before Flop
Seat 4: Kerberus94 folded before Flop (didn't bet)
Seat 5: HubertusB folded before Flop
Seat 6: dashkagf folded before Flop (didn't bet)



PokerStars Zoom Hand #177280943136:  Hold'em No Limit ($0.02/$0.05) - 2017/10/23 23:14:13 CCT [2017/10/23 11:14:13 ET]
Table 'Donati' 6-max Seat #1 is the button
Seat 1: GBR96 ($12.78 in chips) 
Seat 2: Comra1d ($10.33 in chips) 
Seat 3: hsingyang ($11.77 in chips) 
Seat 4: diablo4824 ($6.51 in chips) 
Seat 5: HubertusB ($11.68 in chips) 
Seat 6: georgiodoc ($5 in chips) 
Comra1d: posts small blind $0.02
hsingyang: posts big blind $0.05
*** HOLE CARDS ***
Dealt to HubertusB [3c 9c]
diablo4824: raises $0.10 to $0.15
HubertusB: folds 
georgiodoc: folds 
GBR96: folds 
Comra1d: folds 
hsingyang: folds 
Uncalled bet ($0.10) returned to diablo4824
diablo4824 collected $0.12 from pot
diablo4824: doesn't show hand 
*** SUMMARY ***
Total pot $0.12 | Rake $0 
Seat 1: GBR96 (button) folded before Flop (didn't bet)
Seat 2: Comra1d (small blind) folded before Flop
Seat 3: hsingyang (big blind) folded before Flop
Seat 4: diablo4824 collected ($0.12)
Seat 5: HubertusB folded before Flop (didn't bet)
Seat 6: georgiodoc folded before Flop (didn't bet)



PokerStars Zoom Hand #177280947991:  Hold'em No Limit ($0.02/$0.05) - 2017/10/23 23:14:21 CCT [2017/10/23 11:14:21 ET]
Table 'Donati' 6-max Seat #1 is the button
Seat 1: 2hady7 ($7.28 in chips) 
Seat 2: Bendiger555 ($5.28 in chips) 
Seat 3: HubertusB ($11.68 in chips) 
Seat 4: DrD.Phoenix ($5 in chips) 
Seat 5: Ridvan 1111 ($2.12 in chips) 
Seat 6: yochi29 ($6.53 in chips) 
Bendiger555: posts small blind $0.02
HubertusB: posts big blind $0.05
*** HOLE CARDS ***
Dealt to HubertusB [Ts 5d]
DrD.Phoenix: folds 
Ridvan 1111: folds 
yochi29: folds 
2hady7: folds 
Bendiger555: raises $0.10 to $0.15
HubertusB: folds 
Uncalled bet ($0.10) returned to Bendiger555
Bendiger555 collected $0.10 from pot
Bendiger555: doesn't show hand 
*** SUMMARY ***
Total pot $0.10 | Rake $0 
Seat 1: 2hady7 (button) folded before Flop (didn't bet)
Seat 2: Bendiger555 (small blind) collected ($0.10)
Seat 3: HubertusB (big blind) folded before Flop
Seat 4: DrD.Phoenix folded before Flop (didn't bet)
Seat 5: Ridvan 1111 folded before Flop (didn't bet)
Seat 6: yochi29 folded before Flop (didn't bet)



PokerStars Zoom Hand #177280953392:  Hold'em No Limit ($0.02/$0.05) - 2017/10/23 23:14:30 CCT [2017/10/23 11:14:30 ET]
Table 'Donati' 6-max Seat #1 is the button
Seat 1: prochy1909 ($20.20 in chips) 
Seat 2: HubertusB ($11.63 in chips) 
Seat 3: kenlas ($6.91 in chips) 
Seat 4: svansong ($6.22 in chips) 
Seat 5: raphayakawa ($12.17 in chips) 
Seat 6: semarg1 ($2.30 in chips) 
HubertusB: posts small blind $0.02
kenlas: posts big blind $0.05
*** HOLE CARDS ***
Dealt to HubertusB [7d 3d]
svansong: raises $0.10 to $0.15
raphayakawa: folds 
semarg1: folds 
prochy1909: folds 
HubertusB: folds 
kenlas: folds 
Uncalled bet ($0.10) returned to svansong
svansong collected $0.12 from pot
svansong: doesn't show hand 
*** SUMMARY ***
Total pot $0.12 | Rake $0 
Seat 1: prochy1909 (button) folded before Flop (didn't bet)
Seat 2: HubertusB (small blind) folded before Flop
Seat 3: kenlas (big blind) folded before Flop
Seat 4: svansong collected ($0.12)
Seat 5: raphayakawa folded before Flop (didn't bet)
Seat 6: semarg1 folded before Flop (didn't bet)



PokerStars Zoom Hand #177280962481:  Hold'em No Limit ($0.02/$0.05) - 2017/10/23 23:14:45 CCT [2017/10/23 11:14:45 ET]
Table 'Donati' 6-max Seat #1 is the button
Seat 1: timurilla7 ($6.49 in chips) 
Seat 2: ineket ($4.28 in chips) 
Seat 3: Tmalikis1 ($6.99 in chips) 
Seat 4: xinjin669 ($10.67 in chips) 
Seat 5: jIMMY123487 ($7.40 in chips) 
Seat 6: HubertusB ($11.61 in chips) 
ineket: posts small blind $0.02
Tmalikis1: posts big blind $0.05
*** HOLE CARDS ***
Dealt to HubertusB [4s 9c]
xinjin669: folds 
jIMMY123487: folds 
HubertusB: folds 
timurilla7: folds 
ineket: folds 
Uncalled bet ($0.03) returned to Tmalikis1
Tmalikis1 collected $0.04 from pot
Tmalikis1: doesn't show hand 
*** SUMMARY ***
Total pot $0.04 | Rake $0 
Seat 1: timurilla7 (button) folded before Flop (didn't bet)
Seat 2: ineket (small blind) folded before Flop
Seat 3: Tmalikis1 (big blind) collected ($0.04)
Seat 4: xinjin669 folded before Flop (didn't bet)
Seat 5: jIMMY123487 folded before Flop (didn't bet)
Seat 6: HubertusB folded before Flop (didn't bet)



PokerStars Zoom Hand #177280972839:  Hold'em No Limit ($0.02/$0.05) - 2017/10/23 23:15:02 CCT [2017/10/23 11:15:02 ET]
Table 'Donati' 6-max Seat #1 is the button
Seat 1: HubertusB ($11.61 in chips) 
Seat 2: FantomAsasin ($6.17 in chips) 
Seat 3: Bendiger555 ($9.45 in chips) 
Seat 4: krzys19697 ($8.99 in chips) 
Seat 5: matanPS ($5.80 in chips) 
Seat 6: eurko6 ($4.55 in chips) 
FantomAsasin: posts small blind $0.02
Bendiger555: posts big blind $0.05
*** HOLE CARDS ***
Dealt to HubertusB [7c 3h]
krzys19697: folds 
matanPS: folds 
eurko6: folds 
HubertusB: folds 
FantomAsasin: raises $0.07 to $0.12
Bendiger555: folds 
Uncalled bet ($0.07) returned to FantomAsasin
FantomAsasin collected $0.10 from pot
FantomAsasin: doesn't show hand 
*** SUMMARY ***
Total pot $0.10 | Rake $0 
Seat 1: HubertusB (button) folded before Flop (didn't bet)
Seat 2: FantomAsasin (small blind) collected ($0.10)
Seat 3: Bendiger555 (big blind) folded before Flop
Seat 4: krzys19697 folded before Flop (didn't bet)
Seat 5: matanPS folded before Flop (didn't bet)
Seat 6: eurko6 folded before Flop (didn't bet)



PokerStars Zoom Hand #177280977676:  Hold'em No Limit ($0.02/$0.05) - 2017/10/23 23:15:10 CCT [2017/10/23 11:15:10 ET]
Table 'Donati' 6-max Seat #1 is the button
Seat 1: magabas ($7.42 in chips) 
Seat 2: LiveFreeNow ($4.05 in chips) 
Seat 3: pisia20sm ($5 in chips) 
Seat 4: HubertusB ($11.61 in chips) 
Seat 5: stoik83 ($4.62 in chips) 
Seat 6: nick6666176 ($5.07 in chips) 
LiveFreeNow: posts small blind $0.02
pisia20sm: posts big blind $0.05
*** HOLE CARDS ***
Dealt to HubertusB [9h Kc]
HubertusB: folds 
stoik83: raises $0.07 to $0.12
nick6666176: folds 
magabas: folds 
LiveFreeNow: folds 
pisia20sm: folds 
Uncalled bet ($0.07) returned to stoik83
stoik83 collected $0.12 from pot
stoik83: doesn't show hand 
*** SUMMARY ***
Total pot $0.12 | Rake $0 
Seat 1: magabas (button) folded before Flop (didn't bet)
Seat 2: LiveFreeNow (small blind) folded before Flop
Seat 3: pisia20sm (big blind) folded before Flop
Seat 4: HubertusB folded before Flop (didn't bet)
Seat 5: stoik83 collected ($0.12)
Seat 6: nick6666176 folded before Flop (didn't bet)



PokerStars Zoom Hand #177280969218:  Hold'em No Limit ($0.02/$0.05) - 2017/10/23 23:14:56 CCT [2017/10/23 11:14:56 ET]
Table 'Donati' 6-max Seat #1 is the button
Seat 1: Greed_b ($2.18 in chips) 
Seat 2: Htufty ($6.32 in chips) 
Seat 3: VankaVoinov ($5.48 in chips) 
Seat 4: HubertusB ($11.61 in chips) 
Seat 5: ImmortalBoka ($5.05 in chips) 
Seat 6: hsingyang ($9.71 in chips) 
Htufty: posts small blind $0.02
VankaVoinov: posts big blind $0.05
*** HOLE CARDS ***
Dealt to HubertusB [2d 8c]
HubertusB: folds 
ImmortalBoka: folds 
hsingyang: raises $0.07 to $0.12
Greed_b: raises $0.17 to $0.29
Htufty: folds 
VankaVoinov: folds 
hsingyang: calls $0.17
*** FLOP *** [As 3d Qd]
hsingyang: checks 
Greed_b: bets $0.25
hsingyang: folds 
Uncalled bet ($0.25) returned to Greed_b
Greed_b collected $0.62 from pot
Greed_b: doesn't show hand 
*** SUMMARY ***
Total pot $0.65 | Rake $0.03 
Board [As 3d Qd]
Seat 1: Greed_b (button) collected ($0.62)
Seat 2: Htufty (small blind) folded before Flop
Seat 3: VankaVoinov (big blind) folded before Flop
Seat 4: HubertusB folded before Flop (didn't bet)
Seat 5: ImmortalBoka folded before Flop (didn't bet)
Seat 6: hsingyang folded on the Flop



PokerStars Zoom Hand #177280988612:  Hold'em No Limit ($0.02/$0.05) - 2017/10/23 23:15:28 CCT [2017/10/23 11:15:28 ET]
Table 'Donati' 6-max Seat #1 is the button
Seat 1: AGT1960 ($5.86 in chips) 
Seat 2: svansong ($5 in chips) 
Seat 3: 27JokerV ($11.11 in chips) 
Seat 4: eurko6 ($13.67 in chips) 
Seat 5: HubertusB ($11.61 in chips) 
Seat 6: uuuuzzz ($5.89 in chips) 
svansong: posts small blind $0.02
27JokerV: posts big blind $0.05
*** HOLE CARDS ***
Dealt to HubertusB [7h Js]
eurko6: folds 
HubertusB: folds 
uuuuzzz: raises $0.10 to $0.15
AGT1960: folds 
svansong: folds 
27JokerV: folds 
Uncalled bet ($0.10) returned to uuuuzzz
uuuuzzz collected $0.12 from pot
uuuuzzz: doesn't show hand 
*** SUMMARY ***
Total pot $0.12 | Rake $0 
Seat 1: AGT1960 (button) folded before Flop (didn't bet)
Seat 2: svansong (small blind) folded before Flop
Seat 3: 27JokerV (big blind) folded before Flop
Seat 4: eurko6 folded before Flop (didn't bet)
Seat 5: HubertusB folded before Flop (didn't bet)
Seat 6: uuuuzzz collected ($0.12)



PokerStars Zoom Hand #177280998863:  Hold'em No Limit ($0.02/$0.05) - 2017/10/23 23:15:45 CCT [2017/10/23 11:15:45 ET]
Table 'Donati' 6-max Seat #1 is the button
Seat 1: Only_Vizard ($7.17 in chips) 
Seat 2: Greed_b ($2.51 in chips) 
Seat 3: HubertusB ($11.59 in chips) 
Seat 4: Tmalikis1 ($5.63 in chips) 
Seat 5: padde886 ($5 in chips) 
Seat 6: Oliana88 ($6.15 in chips) 
Greed_b: posts small blind $0.02
HubertusB: posts big blind $0.05
*** HOLE CARDS ***
Dealt to HubertusB [5d 8h]
Tmalikis1: folds 
padde886: folds 
Oliana88: folds 
Only_Vizard: folds 
Greed_b: folds 
Uncalled bet ($0.03) returned to HubertusB
HubertusB collected $0.04 from pot
HubertusB: doesn't show hand 
*** SUMMARY ***
Total pot $0.04 | Rake $0 
Seat 1: Only_Vizard (button) folded before Flop (didn't bet)
Seat 2: Greed_b (small blind) folded before Flop
Seat 3: HubertusB (big blind) collected ($0.04)
Seat 4: Tmalikis1 folded before Flop (didn't bet)
Seat 5: padde886 folded before Flop (didn't bet)
Seat 6: Oliana88 folded before Flop (didn't bet)



PokerStars Zoom Hand #177280994033:  Hold'em No Limit ($0.02/$0.05) - 2017/10/23 23:15:37 CCT [2017/10/23 11:15:37 ET]
Table 'Donati' 6-max Seat #1 is the button
Seat 1: korobo4ka138 ($6.56 in chips) 
Seat 2: HubertusB ($11.61 in chips) 
Seat 3: matanPS ($5.85 in chips) 
Seat 4: ritasexy ($8.06 in chips) 
Seat 5: AVLeo_arh ($3.32 in chips) 
Seat 6: stoik83 ($4.67 in chips) 
HubertusB: posts small blind $0.02
matanPS: posts big blind $0.05
*** HOLE CARDS ***
Dealt to HubertusB [7d Js]
ritasexy: folds 
AVLeo_arh: raises $0.05 to $0.10
stoik83: folds 
korobo4ka138: folds 
HubertusB: folds 
matanPS: calls $0.05
*** FLOP *** [2d 6h 3s]
matanPS: checks 
AVLeo_arh: checks 
*** TURN *** [2d 6h 3s] [Jc]
matanPS: checks 
AVLeo_arh: checks 
*** RIVER *** [2d 6h 3s Jc] [Jd]
matanPS: bets $0.19
AVLeo_arh: folds 
Uncalled bet ($0.19) returned to matanPS
matanPS collected $0.21 from pot
matanPS: doesn't show hand 
*** SUMMARY ***
Total pot $0.22 | Rake $0.01 
Board [2d 6h 3s Jc Jd]
Seat 1: korobo4ka138 (button) folded before Flop (didn't bet)
Seat 2: HubertusB (small blind) folded before Flop
Seat 3: matanPS (big blind) collected ($0.21)
Seat 4: ritasexy folded before Flop (didn't bet)
Seat 5: AVLeo_arh folded on the River
Seat 6: stoik83 folded before Flop (didn't bet)



PokerStars Zoom Hand #177280982533:  Hold'em No Limit ($0.02/$0.05) - 2017/10/23 23:15:18 CCT [2017/10/23 11:15:18 ET]
Table 'Donati' 6-max Seat #1 is the button
Seat 1: RinkoYamada ($6.40 in chips) 
Seat 2: Dimks46 ($5.79 in chips) 
Seat 3: anjuukh ($3.19 in chips) 
Seat 4: Nikobugatti ($6.20 in chips) 
Seat 5: LiveFreeNow ($7.07 in chips) 
Seat 6: HubertusB ($11.61 in chips) 
Dimks46: posts small blind $0.02
anjuukh: posts big blind $0.05
*** HOLE CARDS ***
Dealt to HubertusB [8s 2d]
Nikobugatti: folds 
LiveFreeNow: raises $0.10 to $0.15
HubertusB: folds 
RinkoYamada: raises $0.37 to $0.52
Dimks46: folds 
anjuukh: folds 
LiveFreeNow: calls $0.37
*** FLOP *** [6s Jh Jc]
LiveFreeNow: checks 
RinkoYamada: bets $0.27
LiveFreeNow: calls $0.27
*** TURN *** [6s Jh Jc] [Qh]
LiveFreeNow: checks 
RinkoYamada: bets $0.79
LiveFreeNow: calls $0.79
*** RIVER *** [6s Jh Jc Qh] [2h]
LiveFreeNow: checks 
RinkoYamada: bets $1.55
LiveFreeNow: calls $1.55
*** SHOW DOWN ***
RinkoYamada: shows [Ad As] (two pair, Aces and Jacks)
LiveFreeNow: shows [Jd Kd] (three of a kind, Jacks)
LiveFreeNow collected $6.07 from pot
*** SUMMARY ***
Total pot $6.33 | Rake $0.26 
Board [6s Jh Jc Qh 2h]
Seat 1: RinkoYamada (button) showed [Ad As] and lost with two pair, Aces and Jacks
Seat 2: Dimks46 (small blind) folded before Flop
Seat 3: anjuukh (big blind) folded before Flop
Seat 4: Nikobugatti folded before Flop (didn't bet)
Seat 5: LiveFreeNow showed [Jd Kd] and won ($6.07) with three of a kind, Jacks
Seat 6: HubertusB folded before Flop (didn't bet)



PokerStars Zoom Hand #177281004227:  Hold'em No Limit ($0.02/$0.05) - 2017/10/23 23:15:54 CCT [2017/10/23 11:15:54 ET]
Table 'Donati' 6-max Seat #1 is the button
Seat 1: HubertusB ($11.61 in chips) 
Seat 2: dörk411 ($5.02 in chips) 
Seat 3: Antash.RU ($5.80 in chips) 
Seat 4: mmx2016 ($5.17 in chips) 
Seat 5: Dimks46 ($5 in chips) 
Seat 6: Morgot339 ($6.37 in chips) 
dörk411: posts small blind $0.02
Antash.RU: posts big blind $0.05
*** HOLE CARDS ***
Dealt to HubertusB [7s 8s]
mmx2016: raises $0.10 to $0.15
Dimks46: folds 
Morgot339: folds 
HubertusB: calls $0.15
dörk411: folds 
Antash.RU: folds 
*** FLOP *** [8c Qc Qh]
mmx2016: bets $0.15
HubertusB: calls $0.15
*** TURN *** [8c Qc Qh] [Td]
mmx2016: bets $0.35
HubertusB: raises $0.40 to $0.75
mmx2016: calls $0.40
*** RIVER *** [8c Qc Qh Td] [8d]
mmx2016: checks 
HubertusB: checks 
*** SHOW DOWN ***
mmx2016: shows [Jd Ac] (two pair, Queens and Eights)
HubertusB: shows [7s 8s] (a full house, Eights full of Queens)
HubertusB collected $2.08 from pot
*** SUMMARY ***
Total pot $2.17 | Rake $0.09 
Board [8c Qc Qh Td 8d]
Seat 1: HubertusB (button) showed [7s 8s] and won ($2.08) with a full house, Eights full of Queens
Seat 2: dörk411 (small blind) folded before Flop
Seat 3: Antash.RU (big blind) folded before Flop
Seat 4: mmx2016 showed [Jd Ac] and lost with two pair, Queens and Eights
Seat 5: Dimks46 folded before Flop (didn't bet)
Seat 6: Morgot339 folded before Flop (didn't bet)



PokerStars Zoom Hand #177281048495:  Hold'em No Limit ($0.02/$0.05) - 2017/10/23 23:17:07 CCT [2017/10/23 11:17:07 ET]
Table 'Donati' 6-max Seat #1 is the button
Seat 1: MustJokker ($5 in chips) 
Seat 2: theodore146 ($3.10 in chips) 
Seat 3: trombal1908 ($4.53 in chips) 
Seat 4: EasyGamerrr ($5.20 in chips) 
Seat 5: korobo4ka138 ($5 in chips) 
Seat 6: HubertusB ($12.64 in chips) 
theodore146: posts small blind $0.02
trombal1908: posts big blind $0.05
*** HOLE CARDS ***
Dealt to HubertusB [9c As]
EasyGamerrr: folds 
korobo4ka138: folds 
HubertusB: raises $0.05 to $0.10
MustJokker: folds 
theodore146: folds 
trombal1908: raises $0.10 to $0.20
HubertusB: calls $0.10
*** FLOP *** [Jd 8d 9d]
trombal1908: bets $0.30
HubertusB: folds 
Uncalled bet ($0.30) returned to trombal1908
trombal1908 collected $0.40 from pot
trombal1908: doesn't show hand 
*** SUMMARY ***
Total pot $0.42 | Rake $0.02 
Board [Jd 8d 9d]
Seat 1: MustJokker (button) folded before Flop (didn't bet)
Seat 2: theodore146 (small blind) folded before Flop
Seat 3: trombal1908 (big blind) collected ($0.40)
Seat 4: EasyGamerrr folded before Flop (didn't bet)
Seat 5: korobo4ka138 folded before Flop (didn't bet)
Seat 6: HubertusB folded on the Flop



PokerStars Zoom Hand #177281071010:  Hold'em No Limit ($0.02/$0.05) - 2017/10/23 23:17:44 CCT [2017/10/23 11:17:44 ET]
Table 'Donati' 6-max Seat #1 is the button
Seat 1: Schallschlu ($4.83 in chips) 
Seat 2: matanPS ($5 in chips) 
Seat 3: tigrusha21 ($8.59 in chips) 
Seat 4: BiggieJoe27 ($4 in chips) 
Seat 5: HubertusB ($12.44 in chips) 
Seat 6: Thanator84 ($5.10 in chips) 
matanPS: posts small blind $0.02
tigrusha21: posts big blind $0.05
*** HOLE CARDS ***
Dealt to HubertusB [9d 8h]
BiggieJoe27: folds 
HubertusB: folds 
Thanator84: raises $0.10 to $0.15
Schallschlu: folds 
matanPS: folds 
tigrusha21: folds 
Uncalled bet ($0.10) returned to Thanator84
Thanator84 collected $0.12 from pot
Thanator84: doesn't show hand 
*** SUMMARY ***
Total pot $0.12 | Rake $0 
Seat 1: Schallschlu (button) folded before Flop (didn't bet)
Seat 2: matanPS (small blind) folded before Flop
Seat 3: tigrusha21 (big blind) folded before Flop
Seat 4: BiggieJoe27 folded before Flop (didn't bet)
Seat 5: HubertusB folded before Flop (didn't bet)
Seat 6: Thanator84 collected ($0.12)



