PokerStars Zoom Hand #177274520523:  Hold'em No Limit ($0.02/$0.05) - 2017/10/23 19:41:05 CCT [2017/10/23 7:41:05 ET]
Table 'Donati' 6-max Seat #1 is the button
Seat 1: Region059 ($5.83 in chips) 
Seat 2: =ssonia177= ($4.95 in chips) 
Seat 3: HubertusB ($5 in chips) 
Seat 4: rükav54 ($6.28 in chips) 
Seat 5: Faustaaaa777 ($1.25 in chips) 
Seat 6: TapehaS ($7.30 in chips) 
=ssonia177=: posts small blind $0.02
HubertusB: posts big blind $0.05
*** HOLE CARDS ***
Dealt to HubertusB [Ks 9h]
rükav54: raises $0.05 to $0.10
Faustaaaa777: folds 
TapehaS: folds 
Region059: folds 
=ssonia177=: folds 
HubertusB: folds 
Uncalled bet ($0.05) returned to rükav54
rükav54 collected $0.12 from pot
rükav54: doesn't show hand 
*** SUMMARY ***
Total pot $0.12 | Rake $0 
Seat 1: Region059 (button) folded before Flop (didn't bet)
Seat 2: =ssonia177= (small blind) folded before Flop
Seat 3: HubertusB (big blind) folded before Flop
Seat 4: rükav54 collected ($0.12)
Seat 5: Faustaaaa777 folded before Flop (didn't bet)
Seat 6: TapehaS folded before Flop (didn't bet)



PokerStars Zoom Hand #177274524360:  Hold'em No Limit ($0.02/$0.05) - 2017/10/23 19:41:14 CCT [2017/10/23 7:41:14 ET]
Table 'Donati' 6-max Seat #1 is the button
Seat 1: diablo4824 ($6.38 in chips) 
Seat 2: HubertusB ($4.95 in chips) 
Seat 3: GerSchwa ($5 in chips) 
Seat 4: Raux17 ($10.18 in chips) 
Seat 5: MellivoraSto ($12.81 in chips) 
Seat 6: somov03 ($5.10 in chips) 
HubertusB: posts small blind $0.02
GerSchwa: posts big blind $0.05
*** HOLE CARDS ***
Dealt to HubertusB [7d 2h]
Raux17: folds 
MellivoraSto: folds 
somov03: folds 
diablo4824: folds 
HubertusB: folds 
Uncalled bet ($0.03) returned to GerSchwa
GerSchwa collected $0.04 from pot
GerSchwa: doesn't show hand 
*** SUMMARY ***
Total pot $0.04 | Rake $0 
Seat 1: diablo4824 (button) folded before Flop (didn't bet)
Seat 2: HubertusB (small blind) folded before Flop
Seat 3: GerSchwa (big blind) collected ($0.04)
Seat 4: Raux17 folded before Flop (didn't bet)
Seat 5: MellivoraSto folded before Flop (didn't bet)
Seat 6: somov03 folded before Flop (didn't bet)



PokerStars Zoom Hand #177274526383:  Hold'em No Limit ($0.02/$0.05) - 2017/10/23 19:41:19 CCT [2017/10/23 7:41:19 ET]
Table 'Donati' 6-max Seat #1 is the button
Seat 1: HubertusB ($4.93 in chips) 
Seat 2: V1rtu()3 ($5.41 in chips) 
Seat 3: lazur94 ($6.74 in chips) 
Seat 4: FarFromFish ($15.96 in chips) 
Seat 5: dionnis007 ($5.48 in chips) 
Seat 6: RomaJudah ($3.61 in chips) 
V1rtu()3: posts small blind $0.02
lazur94: posts big blind $0.05
*** HOLE CARDS ***
Dealt to HubertusB [2s 8s]
FarFromFish: folds 
dionnis007: folds 
RomaJudah: folds 
HubertusB: raises $0.08 to $0.13
V1rtu()3: folds 
lazur94: calls $0.08
*** FLOP *** [2c 5s Ts]
lazur94: checks 
HubertusB: bets $0.20
lazur94: folds 
Uncalled bet ($0.20) returned to HubertusB
HubertusB collected $0.27 from pot
HubertusB: doesn't show hand 
*** SUMMARY ***
Total pot $0.28 | Rake $0.01 
Board [2c 5s Ts]
Seat 1: HubertusB (button) collected ($0.27)
Seat 2: V1rtu()3 (small blind) folded before Flop
Seat 3: lazur94 (big blind) folded on the Flop
Seat 4: FarFromFish folded before Flop (didn't bet)
Seat 5: dionnis007 folded before Flop (didn't bet)
Seat 6: RomaJudah folded before Flop (didn't bet)



PokerStars Zoom Hand #177274548378:  Hold'em No Limit ($0.02/$0.05) - 2017/10/23 19:42:12 CCT [2017/10/23 7:42:12 ET]
Table 'Donati' 6-max Seat #1 is the button
Seat 1: 81denis81 ($5.25 in chips) 
Seat 2: Lady.Lyck ($6.68 in chips) 
Seat 3: belmain.by ($5 in chips) 
Seat 4: k1v0k ($5 in chips) 
Seat 5: Region059 ($16.97 in chips) 
Seat 6: HubertusB ($5.07 in chips) 
Lady.Lyck: posts small blind $0.02
belmain.by: posts big blind $0.05
*** HOLE CARDS ***
Dealt to HubertusB [Ad 4s]
k1v0k: folds 
Region059: folds 
HubertusB: folds 
81denis81: raises $0.07 to $0.12
Lady.Lyck: folds 
belmain.by: folds 
Uncalled bet ($0.07) returned to 81denis81
81denis81 collected $0.12 from pot
81denis81: doesn't show hand 
*** SUMMARY ***
Total pot $0.12 | Rake $0 
Seat 1: 81denis81 (button) collected ($0.12)
Seat 2: Lady.Lyck (small blind) folded before Flop
Seat 3: belmain.by (big blind) folded before Flop
Seat 4: k1v0k folded before Flop (didn't bet)
Seat 5: Region059 folded before Flop (didn't bet)
Seat 6: HubertusB folded before Flop (didn't bet)



PokerStars Zoom Hand #177274550484:  Hold'em No Limit ($0.02/$0.05) - 2017/10/23 19:42:17 CCT [2017/10/23 7:42:17 ET]
Table 'Donati' 6-max Seat #1 is the button
Seat 1: k1v0k ($6.90 in chips) 
Seat 2: sixfeetabove ($5.11 in chips) 
Seat 3: Comra1d ($5.37 in chips) 
Seat 4: shashechka ($6.72 in chips) 
Seat 5: HubertusB ($5.07 in chips) 
Seat 6: 777zloba777 ($10.38 in chips) 
sixfeetabove: posts small blind $0.02
Comra1d: posts big blind $0.05
*** HOLE CARDS ***
Dealt to HubertusB [5s As]
shashechka: raises $0.10 to $0.15
HubertusB: folds 
777zloba777: folds 
k1v0k: folds 
sixfeetabove: folds 
Comra1d: folds 
Uncalled bet ($0.10) returned to shashechka
shashechka collected $0.12 from pot
shashechka: doesn't show hand 
*** SUMMARY ***
Total pot $0.12 | Rake $0 
Seat 1: k1v0k (button) folded before Flop (didn't bet)
Seat 2: sixfeetabove (small blind) folded before Flop
Seat 3: Comra1d (big blind) folded before Flop
Seat 4: shashechka collected ($0.12)
Seat 5: HubertusB folded before Flop (didn't bet)
Seat 6: 777zloba777 folded before Flop (didn't bet)



PokerStars Zoom Hand #177274556757:  Hold'em No Limit ($0.02/$0.05) - 2017/10/23 19:42:32 CCT [2017/10/23 7:42:32 ET]
Table 'Donati' 6-max Seat #1 is the button
Seat 1: karanask21 ($4.95 in chips) 
Seat 2: Dimks46 ($5 in chips) 
Seat 3: Jape60 ($12.35 in chips) 
Seat 4: HubertusB ($5.07 in chips) 
Seat 5: MellivoraSto ($9.99 in chips) 
Seat 6: Juxxy2601 ($12.95 in chips) 
Dimks46: posts small blind $0.02
Jape60: posts big blind $0.05
*** HOLE CARDS ***
Dealt to HubertusB [3c 4c]
HubertusB: folds 
MellivoraSto: folds 
Juxxy2601: folds 
karanask21: folds 
Dimks46: folds 
Uncalled bet ($0.03) returned to Jape60
Jape60 collected $0.04 from pot
Jape60: doesn't show hand 
*** SUMMARY ***
Total pot $0.04 | Rake $0 
Seat 1: karanask21 (button) folded before Flop (didn't bet)
Seat 2: Dimks46 (small blind) folded before Flop
Seat 3: Jape60 (big blind) collected ($0.04)
Seat 4: HubertusB folded before Flop (didn't bet)
Seat 5: MellivoraSto folded before Flop (didn't bet)
Seat 6: Juxxy2601 folded before Flop (didn't bet)



PokerStars Zoom Hand #177274558753:  Hold'em No Limit ($0.02/$0.05) - 2017/10/23 19:42:37 CCT [2017/10/23 7:42:37 ET]
Table 'Donati' 6-max Seat #1 is the button
Seat 1: bohdanovitch ($5.64 in chips) 
Seat 2: Pandabear11 ($5.03 in chips) 
Seat 3: HubertusB ($5.07 in chips) 
Seat 4: Rei X KT ($4.51 in chips) 
Seat 5: jrb180 ($5 in chips) 
Seat 6: GNabeth ($7.73 in chips) 
Pandabear11: posts small blind $0.02
HubertusB: posts big blind $0.05
*** HOLE CARDS ***
Dealt to HubertusB [7h 8h]
Rei X KT: calls $0.05
jrb180: folds 
GNabeth: calls $0.05
bohdanovitch: folds 
Pandabear11: folds 
HubertusB: checks 
*** FLOP *** [9d 8c Ah]
HubertusB: checks 
Rei X KT: bets $0.08
GNabeth: folds 
HubertusB: folds 
Uncalled bet ($0.08) returned to Rei X KT
Rei X KT collected $0.16 from pot
Rei X KT: doesn't show hand 
*** SUMMARY ***
Total pot $0.17 | Rake $0.01 
Board [9d 8c Ah]
Seat 1: bohdanovitch (button) folded before Flop (didn't bet)
Seat 2: Pandabear11 (small blind) folded before Flop
Seat 3: HubertusB (big blind) folded on the Flop
Seat 4: Rei X KT collected ($0.16)
Seat 5: jrb180 folded before Flop (didn't bet)
Seat 6: GNabeth folded on the Flop



PokerStars Zoom Hand #177274566674:  Hold'em No Limit ($0.02/$0.05) - 2017/10/23 19:42:56 CCT [2017/10/23 7:42:56 ET]
Table 'Donati' 6-max Seat #1 is the button
Seat 1: OMON_BRAT ($14.55 in chips) 
Seat 2: HubertusB ($5.02 in chips) 
Seat 3: sixfeetabove ($5.09 in chips) 
Seat 4: HH-hour ($8.92 in chips) 
Seat 5: Jape60 ($9.01 in chips) 
Seat 6: jenars23 ($2.49 in chips) 
HubertusB: posts small blind $0.02
sixfeetabove: posts big blind $0.05
*** HOLE CARDS ***
Dealt to HubertusB [Ad Td]
HH-hour: folds 
Jape60: folds 
jenars23: folds 
OMON_BRAT: raises $0.10 to $0.15
HubertusB: raises $0.30 to $0.45
sixfeetabove: folds 
OMON_BRAT: folds 
Uncalled bet ($0.30) returned to HubertusB
HubertusB collected $0.35 from pot
HubertusB: doesn't show hand 
*** SUMMARY ***
Total pot $0.35 | Rake $0 
Seat 1: OMON_BRAT (button) folded before Flop
Seat 2: HubertusB (small blind) collected ($0.35)
Seat 3: sixfeetabove (big blind) folded before Flop
Seat 4: HH-hour folded before Flop (didn't bet)
Seat 5: Jape60 folded before Flop (didn't bet)
Seat 6: jenars23 folded before Flop (didn't bet)



PokerStars Zoom Hand #177274576646:  Hold'em No Limit ($0.02/$0.05) - 2017/10/23 19:43:20 CCT [2017/10/23 7:43:20 ET]
Table 'Donati' 6-max Seat #1 is the button
Seat 1: HubertusB ($5.22 in chips) 
Seat 2: Lehi423 ($5.36 in chips) 
Seat 3: karanask21 ($5.17 in chips) 
Seat 4: nullnullnull ($5.23 in chips) 
Seat 5: Oliana88 ($5.07 in chips) 
Seat 6: ancqPRO ($8.35 in chips) 
Lehi423: posts small blind $0.02
karanask21: posts big blind $0.05
*** HOLE CARDS ***
Dealt to HubertusB [7d Kh]
nullnullnull: folds 
Oliana88: raises $0.07 to $0.12
ancqPRO: folds 
HubertusB: folds 
Lehi423: folds 
karanask21: folds 
Uncalled bet ($0.07) returned to Oliana88
Oliana88 collected $0.12 from pot
Oliana88: doesn't show hand 
*** SUMMARY ***
Total pot $0.12 | Rake $0 
Seat 1: HubertusB (button) folded before Flop (didn't bet)
Seat 2: Lehi423 (small blind) folded before Flop
Seat 3: karanask21 (big blind) folded before Flop
Seat 4: nullnullnull folded before Flop (didn't bet)
Seat 5: Oliana88 collected ($0.12)
Seat 6: ancqPRO folded before Flop (didn't bet)



PokerStars Zoom Hand #177274581187:  Hold'em No Limit ($0.02/$0.05) - 2017/10/23 19:43:31 CCT [2017/10/23 7:43:31 ET]
Table 'Donati' 6-max Seat #1 is the button
Seat 1: AverianovA ($5.19 in chips) 
Seat 2: sixfeetabove ($15.39 in chips) 
Seat 3: straguna ($14.03 in chips) 
Seat 4: waitwalter ($5.58 in chips) 
Seat 5: vasyadyndy ($6.65 in chips) 
Seat 6: HubertusB ($5.22 in chips) 
sixfeetabove: posts small blind $0.02
straguna: posts big blind $0.05
*** HOLE CARDS ***
Dealt to HubertusB [5s 7h]
waitwalter: folds 
vasyadyndy: folds 
HubertusB: folds 
AverianovA: folds 
sixfeetabove: folds 
Uncalled bet ($0.03) returned to straguna
straguna collected $0.04 from pot
straguna: doesn't show hand 
*** SUMMARY ***
Total pot $0.04 | Rake $0 
Seat 1: AverianovA (button) folded before Flop (didn't bet)
Seat 2: sixfeetabove (small blind) folded before Flop
Seat 3: straguna (big blind) collected ($0.04)
Seat 4: waitwalter folded before Flop (didn't bet)
Seat 5: vasyadyndy folded before Flop (didn't bet)
Seat 6: HubertusB folded before Flop (didn't bet)



PokerStars Zoom Hand #177274585042:  Hold'em No Limit ($0.02/$0.05) - 2017/10/23 19:43:40 CCT [2017/10/23 7:43:40 ET]
Table 'Donati' 6-max Seat #1 is the button
Seat 1: ooiaooao ($9.35 in chips) 
Seat 2: Ser Tyapkin ($5 in chips) 
Seat 3: HubertusB ($5.22 in chips) 
Seat 4: Novaa3 ($5.44 in chips) 
Seat 5: matanPS ($5.72 in chips) 
Seat 6: b0n1k ($3.87 in chips) 
Ser Tyapkin: posts small blind $0.02
HubertusB: posts big blind $0.05
*** HOLE CARDS ***
Dealt to HubertusB [5h 8d]
Novaa3: folds 
matanPS: folds 
b0n1k: folds 
ooiaooao has timed out while disconnected
ooiaooao: folds 
Ser Tyapkin: folds 
Uncalled bet ($0.03) returned to HubertusB
HubertusB collected $0.04 from pot
HubertusB: doesn't show hand 
*** SUMMARY ***
Total pot $0.04 | Rake $0 
Seat 1: ooiaooao (button) folded before Flop (didn't bet)
Seat 2: Ser Tyapkin (small blind) folded before Flop
Seat 3: HubertusB (big blind) collected ($0.04)
Seat 4: Novaa3 folded before Flop (didn't bet)
Seat 5: matanPS folded before Flop (didn't bet)
Seat 6: b0n1k folded before Flop (didn't bet)



PokerStars Zoom Hand #177274595150:  Hold'em No Limit ($0.02/$0.05) - 2017/10/23 19:44:04 CCT [2017/10/23 7:44:04 ET]
Table 'Donati' 6-max Seat #1 is the button
Seat 1: dionnis007 ($6.54 in chips) 
Seat 2: HubertusB ($5.24 in chips) 
Seat 3: vasyadyndy ($5.29 in chips) 
Seat 4: boubis555 ($6.53 in chips) 
Seat 5: P0KERB0Y ($5.94 in chips) 
Seat 6: bohdanovitch ($5.78 in chips) 
HubertusB: posts small blind $0.02
vasyadyndy: posts big blind $0.05
*** HOLE CARDS ***
Dealt to HubertusB [5d Qh]
boubis555: folds 
P0KERB0Y: folds 
bohdanovitch: raises $0.09 to $0.14
dionnis007: folds 
HubertusB: folds 
vasyadyndy: folds 
Uncalled bet ($0.09) returned to bohdanovitch
bohdanovitch collected $0.12 from pot
bohdanovitch: doesn't show hand 
*** SUMMARY ***
Total pot $0.12 | Rake $0 
Seat 1: dionnis007 (button) folded before Flop (didn't bet)
Seat 2: HubertusB (small blind) folded before Flop
Seat 3: vasyadyndy (big blind) folded before Flop
Seat 4: boubis555 folded before Flop (didn't bet)
Seat 5: P0KERB0Y folded before Flop (didn't bet)
Seat 6: bohdanovitch collected ($0.12)



PokerStars Zoom Hand #177274597300:  Hold'em No Limit ($0.02/$0.05) - 2017/10/23 19:44:09 CCT [2017/10/23 7:44:09 ET]
Table 'Donati' 6-max Seat #1 is the button
Seat 1: MrVitmal ($22.02 in chips) 
Seat 2: Urkarah945 ($5.75 in chips) 
Seat 3: Bennyh2k0 ($17.08 in chips) 
Seat 4: Makum70 ($15.16 in chips) 
Seat 5: frydodido ($8.69 in chips) 
Seat 6: HubertusB ($5.22 in chips) 
Urkarah945: posts small blind $0.02
Bennyh2k0: posts big blind $0.05
*** HOLE CARDS ***
Dealt to HubertusB [Qd 9h]
Makum70: folds 
frydodido: folds 
HubertusB: raises $0.07 to $0.12
MrVitmal: folds 
Urkarah945: folds 
Bennyh2k0: folds 
Uncalled bet ($0.07) returned to HubertusB
HubertusB collected $0.12 from pot
HubertusB: doesn't show hand 
*** SUMMARY ***
Total pot $0.12 | Rake $0 
Seat 1: MrVitmal (button) folded before Flop (didn't bet)
Seat 2: Urkarah945 (small blind) folded before Flop
Seat 3: Bennyh2k0 (big blind) folded before Flop
Seat 4: Makum70 folded before Flop (didn't bet)
Seat 5: frydodido folded before Flop (didn't bet)
Seat 6: HubertusB collected ($0.12)



PokerStars Zoom Hand #177274583349:  Hold'em No Limit ($0.02/$0.05) - 2017/10/23 19:43:36 CCT [2017/10/23 7:43:36 ET]
Table 'Donati' 6-max Seat #1 is the button
Seat 1: Hrust81 ($10.51 in chips) 
Seat 2: rapthecup ($1.90 in chips) 
Seat 3: Makum70 ($3.93 in chips) 
Seat 4: HubertusB ($5.22 in chips) 
Seat 5: karanask21 ($4.85 in chips) 
Seat 6: kara516 ($5.02 in chips) 
rapthecup: posts small blind $0.02
Makum70: posts big blind $0.05
*** HOLE CARDS ***
Dealt to HubertusB [Jc 7h]
HubertusB: folds 
karanask21: folds 
kara516: raises $0.10 to $0.15
Hrust81: calls $0.15
rapthecup: folds 
Makum70: calls $0.10
*** FLOP *** [8c 4s 4d]
Makum70: checks 
kara516: bets $0.35
Hrust81: folds 
Makum70: calls $0.35
*** TURN *** [8c 4s 4d] [Jh]
Makum70: checks 
kara516: bets $0.75
Makum70: folds 
Uncalled bet ($0.75) returned to kara516
kara516 collected $1.12 from pot
kara516: doesn't show hand 
*** SUMMARY ***
Total pot $1.17 | Rake $0.05 
Board [8c 4s 4d Jh]
Seat 1: Hrust81 (button) folded on the Flop
Seat 2: rapthecup (small blind) folded before Flop
Seat 3: Makum70 (big blind) folded on the Turn
Seat 4: HubertusB folded before Flop (didn't bet)
Seat 5: karanask21 folded before Flop (didn't bet)
Seat 6: kara516 collected ($1.12)



PokerStars Zoom Hand #177274603144:  Hold'em No Limit ($0.02/$0.05) - 2017/10/23 19:44:23 CCT [2017/10/23 7:44:23 ET]
Table 'Donati' 6-max Seat #1 is the button
Seat 1: HubertusB ($5.29 in chips) 
Seat 2: P0KERB0Y ($5 in chips) 
Seat 3: vasyadyndy ($5.04 in chips) 
Seat 4: karanask21 ($5.24 in chips) 
Seat 5: waitwalter ($5.43 in chips) 
Seat 6: AtamanSibiri ($4.33 in chips) 
P0KERB0Y: posts small blind $0.02
vasyadyndy: posts big blind $0.05
*** HOLE CARDS ***
Dealt to HubertusB [9h Th]
karanask21: folds 
waitwalter: folds 
AtamanSibiri: folds 
HubertusB: raises $0.07 to $0.12
P0KERB0Y: folds 
vasyadyndy: calls $0.07
*** FLOP *** [2s 8d Ad]
vasyadyndy: checks 
HubertusB: bets $0.14
vasyadyndy: calls $0.14
*** TURN *** [2s 8d Ad] [6d]
vasyadyndy: checks 
HubertusB: checks 
*** RIVER *** [2s 8d Ad 6d] [6h]
vasyadyndy: bets $0.36
HubertusB: folds 
Uncalled bet ($0.36) returned to vasyadyndy
vasyadyndy collected $0.52 from pot
vasyadyndy: doesn't show hand 
*** SUMMARY ***
Total pot $0.54 | Rake $0.02 
Board [2s 8d Ad 6d 6h]
Seat 1: HubertusB (button) folded on the River
Seat 2: P0KERB0Y (small blind) folded before Flop
Seat 3: vasyadyndy (big blind) collected ($0.52)
Seat 4: karanask21 folded before Flop (didn't bet)
Seat 5: waitwalter folded before Flop (didn't bet)
Seat 6: AtamanSibiri folded before Flop (didn't bet)



PokerStars Zoom Hand #177274618727:  Hold'em No Limit ($0.02/$0.05) - 2017/10/23 19:45:00 CCT [2017/10/23 7:45:00 ET]
Table 'Donati' 6-max Seat #1 is the button
Seat 1: Diso182 ($6.11 in chips) 
Seat 2: Comra1d ($16.16 in chips) 
Seat 3: coidan_AA ($5.12 in chips) 
Seat 4: kopatich52 ($10.28 in chips) 
Seat 5: HubertusB ($5.03 in chips) 
Seat 6: DaToni0 ($5.31 in chips) 
Comra1d: posts small blind $0.02
coidan_AA: posts big blind $0.05
*** HOLE CARDS ***
Dealt to HubertusB [5s 4d]
kopatich52: raises $0.10 to $0.15
HubertusB: folds 
DaToni0: calls $0.15
Diso182: folds 
Comra1d: folds 
coidan_AA: folds 
*** FLOP *** [Qd Ks Qh]
kopatich52: bets $0.20
DaToni0: folds 
Uncalled bet ($0.20) returned to kopatich52
kopatich52 collected $0.35 from pot
kopatich52: doesn't show hand 
*** SUMMARY ***
Total pot $0.37 | Rake $0.02 
Board [Qd Ks Qh]
Seat 1: Diso182 (button) folded before Flop (didn't bet)
Seat 2: Comra1d (small blind) folded before Flop
Seat 3: coidan_AA (big blind) folded before Flop
Seat 4: kopatich52 collected ($0.35)
Seat 5: HubertusB folded before Flop (didn't bet)
Seat 6: DaToni0 folded on the Flop



PokerStars Zoom Hand #177274620887:  Hold'em No Limit ($0.02/$0.05) - 2017/10/23 19:45:05 CCT [2017/10/23 7:45:05 ET]
Table 'Donati' 6-max Seat #1 is the button
Seat 1: Region059 ($6.25 in chips) 
Seat 2: straguna ($13.65 in chips) 
Seat 3: dionnis007 ($5.53 in chips) 
Seat 4: HubertusB ($5.03 in chips) 
Seat 5: Novaa3 ($5.42 in chips) 
Seat 6: unFair235 ($5.20 in chips) 
straguna: posts small blind $0.02
dionnis007: posts big blind $0.05
*** HOLE CARDS ***
Dealt to HubertusB [4d Qh]
HubertusB: folds 
Novaa3: folds 
unFair235: raises $0.07 to $0.12
Region059: folds 
straguna: folds 
dionnis007: folds 
Uncalled bet ($0.07) returned to unFair235
unFair235 collected $0.12 from pot
unFair235: doesn't show hand 
*** SUMMARY ***
Total pot $0.12 | Rake $0 
Seat 1: Region059 (button) folded before Flop (didn't bet)
Seat 2: straguna (small blind) folded before Flop
Seat 3: dionnis007 (big blind) folded before Flop
Seat 4: HubertusB folded before Flop (didn't bet)
Seat 5: Novaa3 folded before Flop (didn't bet)
Seat 6: unFair235 collected ($0.12)



PokerStars Zoom Hand #177274616307:  Hold'em No Limit ($0.02/$0.05) - 2017/10/23 19:44:54 CCT [2017/10/23 7:44:54 ET]
Table 'Donati' 6-max Seat #1 is the button
Seat 1: GNabeth ($7.59 in chips) 
Seat 2: waltstars ($6.38 in chips) 
Seat 3: nullnullnull ($5.27 in chips) 
Seat 4: petr 131313 ($4.76 in chips) 
Seat 5: HubertusB ($5.03 in chips) 
Seat 6: mozz7771 ($1.34 in chips) 
waltstars: posts small blind $0.02
nullnullnull: posts big blind $0.05
*** HOLE CARDS ***
Dealt to HubertusB [4s 6c]
petr 131313: folds 
HubertusB: folds 
mozz7771: raises $0.05 to $0.10
GNabeth: calls $0.10
waltstars: folds 
nullnullnull: folds 
*** FLOP *** [7d 9h Ks]
mozz7771: bets $0.13
GNabeth: calls $0.13
*** TURN *** [7d 9h Ks] [8c]
mozz7771: bets $0.30
GNabeth: calls $0.30
*** RIVER *** [7d 9h Ks 8c] [Kd]
mozz7771: bets $0.81 and is all-in
GNabeth: folds 
Uncalled bet ($0.81) returned to mozz7771
mozz7771 collected $1.08 from pot
mozz7771: doesn't show hand 
*** SUMMARY ***
Total pot $1.13 | Rake $0.05 
Board [7d 9h Ks 8c Kd]
Seat 1: GNabeth (button) folded on the River
Seat 2: waltstars (small blind) folded before Flop
Seat 3: nullnullnull (big blind) folded before Flop
Seat 4: petr 131313 folded before Flop (didn't bet)
Seat 5: HubertusB folded before Flop (didn't bet)
Seat 6: mozz7771 collected ($1.08)



PokerStars Zoom Hand #177274622973:  Hold'em No Limit ($0.02/$0.05) - 2017/10/23 19:45:10 CCT [2017/10/23 7:45:10 ET]
Table 'Donati' 6-max Seat #1 is the button
Seat 1: HubertusB ($5.03 in chips) 
Seat 2: Makum70 ($15.16 in chips) 
Seat 3: Amigo113 ($5 in chips) 
Seat 4: coidan_AA ($5.06 in chips) 
Seat 5: petr 131313 ($4.76 in chips) 
Seat 6: sixfeetabove ($15.32 in chips) 
Makum70: posts small blind $0.02
Amigo113: posts big blind $0.05
*** HOLE CARDS ***
Dealt to HubertusB [Qd Js]
coidan_AA: folds 
petr 131313: raises $0.10 to $0.15
sixfeetabove: folds 
HubertusB: calls $0.15
Makum70: calls $0.13
Amigo113: folds 
*** FLOP *** [Td 5c As]
Makum70: checks 
petr 131313: checks 
HubertusB: bets $0.30
Makum70: folds 
petr 131313: folds 
Uncalled bet ($0.30) returned to HubertusB
HubertusB collected $0.48 from pot
HubertusB: doesn't show hand 
*** SUMMARY ***
Total pot $0.50 | Rake $0.02 
Board [Td 5c As]
Seat 1: HubertusB (button) collected ($0.48)
Seat 2: Makum70 (small blind) folded on the Flop
Seat 3: Amigo113 (big blind) folded before Flop
Seat 4: coidan_AA folded before Flop (didn't bet)
Seat 5: petr 131313 folded on the Flop
Seat 6: sixfeetabove folded before Flop (didn't bet)



PokerStars Zoom Hand #177274638079:  Hold'em No Limit ($0.02/$0.05) - 2017/10/23 19:45:46 CCT [2017/10/23 7:45:46 ET]
Table 'Donati' 6-max Seat #1 is the button
Seat 1: Orboeb ($4.78 in chips) 
Seat 2: DaToni0 ($5.11 in chips) 
Seat 3: HubertusB ($5.36 in chips) 
Seat 4: panos_aek91 ($5.07 in chips) 
Seat 5: Bendiger555 ($5.21 in chips) 
Seat 6: VVolkmans ($3.30 in chips) 
DaToni0: posts small blind $0.02
HubertusB: posts big blind $0.05
*** HOLE CARDS ***
Dealt to HubertusB [Jc Kd]
panos_aek91: folds 
Bendiger555: raises $0.10 to $0.15
VVolkmans: folds 
Orboeb: folds 
DaToni0: folds 
HubertusB: folds 
Uncalled bet ($0.10) returned to Bendiger555
Bendiger555 collected $0.12 from pot
Bendiger555: doesn't show hand 
*** SUMMARY ***
Total pot $0.12 | Rake $0 
Seat 1: Orboeb (button) folded before Flop (didn't bet)
Seat 2: DaToni0 (small blind) folded before Flop
Seat 3: HubertusB (big blind) folded before Flop
Seat 4: panos_aek91 folded before Flop (didn't bet)
Seat 5: Bendiger555 collected ($0.12)
Seat 6: VVolkmans folded before Flop (didn't bet)



PokerStars Zoom Hand #177274641843:  Hold'em No Limit ($0.02/$0.05) - 2017/10/23 19:45:55 CCT [2017/10/23 7:45:55 ET]
Table 'Donati' 6-max Seat #1 is the button
Seat 1: Limitation87 ($3.54 in chips) 
Seat 2: win-skylink ($8.36 in chips) 
Seat 3: QZ1985 ($7.32 in chips) 
Seat 4: cel1974 ($9.98 in chips) 
Seat 5: HubertusB ($5.31 in chips) 
Seat 6: Orboeb ($4.76 in chips) 
win-skylink: posts small blind $0.02
QZ1985: posts big blind $0.05
*** HOLE CARDS ***
Dealt to HubertusB [6s Qc]
cel1974: raises $0.10 to $0.15
HubertusB: folds 
Orboeb: folds 
Limitation87: folds 
win-skylink: folds 
QZ1985: folds 
Uncalled bet ($0.10) returned to cel1974
cel1974 collected $0.12 from pot
cel1974: doesn't show hand 
*** SUMMARY ***
Total pot $0.12 | Rake $0 
Seat 1: Limitation87 (button) folded before Flop (didn't bet)
Seat 2: win-skylink (small blind) folded before Flop
Seat 3: QZ1985 (big blind) folded before Flop
Seat 4: cel1974 collected ($0.12)
Seat 5: HubertusB folded before Flop (didn't bet)
Seat 6: Orboeb folded before Flop (didn't bet)



PokerStars Zoom Hand #177274643569:  Hold'em No Limit ($0.02/$0.05) - 2017/10/23 19:45:59 CCT [2017/10/23 7:45:59 ET]
Table 'Donati' 6-max Seat #1 is the button
Seat 1: Doimuni ($5 in chips) 
Seat 2: HubertusB ($5.31 in chips) 
Seat 3: easylavandos ($5 in chips) 
Seat 4: Guest533 ($5.09 in chips) 
Seat 5: couchmichel ($7.18 in chips) 
Seat 6: galkaDe ($6.58 in chips) 
HubertusB: posts small blind $0.02
easylavandos: posts big blind $0.05
*** HOLE CARDS ***
Dealt to HubertusB [Tc 6c]
Guest533: folds 
couchmichel: folds 
galkaDe: folds 
Doimuni: raises $0.10 to $0.15
HubertusB: folds 
easylavandos: folds 
Uncalled bet ($0.10) returned to Doimuni
Doimuni collected $0.12 from pot
Doimuni: doesn't show hand 
*** SUMMARY ***
Total pot $0.12 | Rake $0 
Seat 1: Doimuni (button) collected ($0.12)
Seat 2: HubertusB (small blind) folded before Flop
Seat 3: easylavandos (big blind) folded before Flop
Seat 4: Guest533 folded before Flop (didn't bet)
Seat 5: couchmichel folded before Flop (didn't bet)
Seat 6: galkaDe folded before Flop (didn't bet)



PokerStars Zoom Hand #177274645662:  Hold'em No Limit ($0.02/$0.05) - 2017/10/23 19:46:04 CCT [2017/10/23 7:46:04 ET]
Table 'Donati' 6-max Seat #1 is the button
Seat 1: darlika774 ($6.36 in chips) 
Seat 2: Comra1d ($6.81 in chips) 
Seat 3: MOROZ056 ($9.41 in chips) 
Seat 4: Diso182 ($7.28 in chips) 
Seat 5: zugunder11 ($5.39 in chips) 
Seat 6: HubertusB ($5.29 in chips) 
Comra1d: posts small blind $0.02
MOROZ056: posts big blind $0.05
*** HOLE CARDS ***
Dealt to HubertusB [2s As]
Diso182: folds 
zugunder11: folds 
HubertusB: raises $0.08 to $0.13
darlika774: folds 
Comra1d: folds 
MOROZ056: folds 
Uncalled bet ($0.08) returned to HubertusB
HubertusB collected $0.12 from pot
HubertusB: doesn't show hand 
*** SUMMARY ***
Total pot $0.12 | Rake $0 
Seat 1: darlika774 (button) folded before Flop (didn't bet)
Seat 2: Comra1d (small blind) folded before Flop
Seat 3: MOROZ056 (big blind) folded before Flop
Seat 4: Diso182 folded before Flop (didn't bet)
Seat 5: zugunder11 folded before Flop (didn't bet)
Seat 6: HubertusB collected ($0.12)



PokerStars Zoom Hand #177274657779:  Hold'em No Limit ($0.02/$0.05) - 2017/10/23 19:46:33 CCT [2017/10/23 7:46:33 ET]
Table 'Donati' 6-max Seat #1 is the button
Seat 1: E.Nester_33 ($10.21 in chips) 
Seat 2: prochy1909 ($10.01 in chips) 
Seat 3: HubertusB ($5.36 in chips) 
Seat 4: NISIY ($7.33 in chips) 
Seat 5: RAYNDDD ($5.34 in chips) 
Seat 6: Only_Vizard ($8.46 in chips) 
prochy1909: posts small blind $0.02
HubertusB: posts big blind $0.05
*** HOLE CARDS ***
Dealt to HubertusB [7s Qh]
NISIY: folds 
RAYNDDD: folds 
Only_Vizard: folds 
E.Nester_33: folds 
prochy1909: folds 
Uncalled bet ($0.03) returned to HubertusB
HubertusB collected $0.04 from pot
HubertusB: doesn't show hand 
*** SUMMARY ***
Total pot $0.04 | Rake $0 
Seat 1: E.Nester_33 (button) folded before Flop (didn't bet)
Seat 2: prochy1909 (small blind) folded before Flop
Seat 3: HubertusB (big blind) collected ($0.04)
Seat 4: NISIY folded before Flop (didn't bet)
Seat 5: RAYNDDD folded before Flop (didn't bet)
Seat 6: Only_Vizard folded before Flop (didn't bet)



PokerStars Zoom Hand #177274662893:  Hold'em No Limit ($0.02/$0.05) - 2017/10/23 19:46:45 CCT [2017/10/23 7:46:45 ET]
Table 'Donati' 6-max Seat #1 is the button
Seat 1: HubertusB ($5.36 in chips) 
Seat 2: RAYNDDD ($5.01 in chips) 
Seat 3: TXHzombie99 ($5.30 in chips) 
Seat 4: E.Nester_33 ($10.19 in chips) 
Seat 5: ikzw ($8.71 in chips) 
Seat 6: Jape60 ($5.66 in chips) 
RAYNDDD: posts small blind $0.02
TXHzombie99: posts big blind $0.05
*** HOLE CARDS ***
Dealt to HubertusB [9c 3d]
E.Nester_33: folds 
ikzw: folds 
Jape60: folds 
HubertusB: folds 
RAYNDDD: folds 
Uncalled bet ($0.03) returned to TXHzombie99
TXHzombie99 collected $0.04 from pot
TXHzombie99: doesn't show hand 
*** SUMMARY ***
Total pot $0.04 | Rake $0 
Seat 1: HubertusB (button) folded before Flop (didn't bet)
Seat 2: RAYNDDD (small blind) folded before Flop
Seat 3: TXHzombie99 (big blind) collected ($0.04)
Seat 4: E.Nester_33 folded before Flop (didn't bet)
Seat 5: ikzw folded before Flop (didn't bet)
Seat 6: Jape60 folded before Flop (didn't bet)



PokerStars Zoom Hand #177274655682:  Hold'em No Limit ($0.02/$0.05) - 2017/10/23 19:46:28 CCT [2017/10/23 7:46:28 ET]
Table 'Donati' 6-max Seat #1 is the button
Seat 1: kappaswe ($4.93 in chips) 
Seat 2: RoMaTa-BaBy ($7.92 in chips) 
Seat 3: petr 131313 ($16.96 in chips) 
Seat 4: 24kk ($1.91 in chips) 
Seat 5: HubertusB ($5.36 in chips) 
Seat 6: Luckerly ($9.73 in chips) 
RoMaTa-BaBy: posts small blind $0.02
petr 131313: posts big blind $0.05
*** HOLE CARDS ***
Dealt to HubertusB [6s Js]
24kk: raises $0.10 to $0.15
HubertusB: folds 
Luckerly: folds 
kappaswe: folds 
RoMaTa-BaBy: folds 
petr 131313: calls $0.10
*** FLOP *** [Kh Jc Tc]
petr 131313: bets $0.15
24kk: calls $0.15
*** TURN *** [Kh Jc Tc] [7h]
petr 131313: bets $0.30
24kk: folds 
Uncalled bet ($0.30) returned to petr 131313
petr 131313 collected $0.59 from pot
petr 131313: doesn't show hand 
*** SUMMARY ***
Total pot $0.62 | Rake $0.03 
Board [Kh Jc Tc 7h]
Seat 1: kappaswe (button) folded before Flop (didn't bet)
Seat 2: RoMaTa-BaBy (small blind) folded before Flop
Seat 3: petr 131313 (big blind) collected ($0.59)
Seat 4: 24kk folded on the Turn
Seat 5: HubertusB folded before Flop (didn't bet)
Seat 6: Luckerly folded before Flop (didn't bet)



PokerStars Zoom Hand #177274660796:  Hold'em No Limit ($0.02/$0.05) - 2017/10/23 19:46:40 CCT [2017/10/23 7:46:40 ET]
Table 'Donati' 6-max Seat #1 is the button
Seat 1: Heisis ($5.12 in chips) 
Seat 2: HubertusB ($5.38 in chips) 
Seat 3: takuto80A ($5 in chips) 
Seat 4: spensor1 ($7.18 in chips) 
Seat 5: Vasyasyan ($4.72 in chips) 
Seat 6: Guest533 ($17.45 in chips) 
HubertusB: posts small blind $0.02
takuto80A: posts big blind $0.05
*** HOLE CARDS ***
Dealt to HubertusB [3c As]
spensor1: folds 
Vasyasyan: folds 
Guest533: folds 
Heisis: raises $0.05 to $0.10
HubertusB: folds 
takuto80A: calls $0.05
*** FLOP *** [Js 7s 9h]
takuto80A: checks 
Heisis: bets $0.05
takuto80A: calls $0.05
*** TURN *** [Js 7s 9h] [2h]
takuto80A: checks 
Heisis: bets $0.05
takuto80A: calls $0.05
*** RIVER *** [Js 7s 9h 2h] [Ah]
takuto80A: checks 
Heisis: checks 
*** SHOW DOWN ***
takuto80A: shows [8d 8c] (a pair of Eights)
Heisis: shows [Jh Qc] (a pair of Jacks)
Heisis collected $0.40 from pot
*** SUMMARY ***
Total pot $0.42 | Rake $0.02 
Board [Js 7s 9h 2h Ah]
Seat 1: Heisis (button) showed [Jh Qc] and won ($0.40) with a pair of Jacks
Seat 2: HubertusB (small blind) folded before Flop
Seat 3: takuto80A (big blind) showed [8d 8c] and lost with a pair of Eights
Seat 4: spensor1 folded before Flop (didn't bet)
Seat 5: Vasyasyan folded before Flop (didn't bet)
Seat 6: Guest533 folded before Flop (didn't bet)



PokerStars Zoom Hand #177274674297:  Hold'em No Limit ($0.02/$0.05) - 2017/10/23 19:47:12 CCT [2017/10/23 7:47:12 ET]
Table 'Donati' 6-max Seat #1 is the button
Seat 1: kara516 ($6.91 in chips) 
Seat 2: woocha33 ($8.53 in chips) 
Seat 3: ooiaooao ($6.64 in chips) 
Seat 4: HubertusB ($5.23 in chips) 
Seat 5: MardarYD ($5.81 in chips) 
Seat 6: Akutagawa ($5 in chips) 
woocha33: posts small blind $0.02
ooiaooao: posts big blind $0.05
*** HOLE CARDS ***
Dealt to HubertusB [Qh 6h]
HubertusB: folds 
MardarYD: folds 
Akutagawa: folds 
kara516: raises $0.05 to $0.10
woocha33: folds 
ooiaooao: calls $0.05
*** FLOP *** [Td Ac 9c]
ooiaooao: checks 
kara516: bets $0.15
ooiaooao: folds 
Uncalled bet ($0.15) returned to kara516
kara516 collected $0.21 from pot
kara516: doesn't show hand 
*** SUMMARY ***
Total pot $0.22 | Rake $0.01 
Board [Td Ac 9c]
Seat 1: kara516 (button) collected ($0.21)
Seat 2: woocha33 (small blind) folded before Flop
Seat 3: ooiaooao (big blind) folded on the Flop
Seat 4: HubertusB folded before Flop (didn't bet)
Seat 5: MardarYD folded before Flop (didn't bet)
Seat 6: Akutagawa folded before Flop (didn't bet)



PokerStars Zoom Hand #177274664987:  Hold'em No Limit ($0.02/$0.05) - 2017/10/23 19:46:50 CCT [2017/10/23 7:46:50 ET]
Table 'Donati' 6-max Seat #1 is the button
Seat 1: zugunder11 ($5.92 in chips) 
Seat 2: Juxxy2601 ($11.66 in chips) 
Seat 3: Amigo113 ($6.58 in chips) 
Seat 4: tatarinnnn ($9.50 in chips) 
Seat 5: belmain.by ($5.73 in chips) 
Seat 6: HubertusB ($5.36 in chips) 
Juxxy2601: posts small blind $0.02
Amigo113: posts big blind $0.05
*** HOLE CARDS ***
Dealt to HubertusB [8d Kd]
tatarinnnn: folds 
belmain.by: folds 
HubertusB: raises $0.08 to $0.13
zugunder11: folds 
Juxxy2601: calls $0.11
Amigo113: raises $0.39 to $0.52
HubertusB: folds 
Juxxy2601: calls $0.39
*** FLOP *** [9c 4h 9d]
Juxxy2601: checks 
Amigo113: checks 
*** TURN *** [9c 4h 9d] [Jh]
Juxxy2601: checks 
Amigo113: bets $0.75
Juxxy2601: calls $0.75
*** RIVER *** [9c 4h 9d Jh] [4d]
Juxxy2601: checks 
Amigo113: checks 
*** SHOW DOWN ***
Juxxy2601: shows [Td Ks] (two pair, Nines and Fours)
Amigo113: shows [5s 5d] (two pair, Nines and Fives)
Amigo113 collected $2.56 from pot
*** SUMMARY ***
Total pot $2.67 | Rake $0.11 
Board [9c 4h 9d Jh 4d]
Seat 1: zugunder11 (button) folded before Flop (didn't bet)
Seat 2: Juxxy2601 (small blind) showed [Td Ks] and lost with two pair, Nines and Fours
Seat 3: Amigo113 (big blind) showed [5s 5d] and won ($2.56) with two pair, Nines and Fives
Seat 4: tatarinnnn folded before Flop (didn't bet)
Seat 5: belmain.by folded before Flop (didn't bet)
Seat 6: HubertusB folded before Flop



PokerStars Zoom Hand #177274678386:  Hold'em No Limit ($0.02/$0.05) - 2017/10/23 19:47:22 CCT [2017/10/23 7:47:22 ET]
Table 'Donati' 6-max Seat #1 is the button
Seat 1: GamblerWW ($6.54 in chips) 
Seat 2: waltstars ($5.93 in chips) 
Seat 3: marie5555 ($3.75 in chips) 
Seat 4: woocha33 ($8.07 in chips) 
Seat 5: HubertusB ($5.23 in chips) 
Seat 6: icemman3600 ($8.27 in chips) 
waltstars: posts small blind $0.02
marie5555: posts big blind $0.05
*** HOLE CARDS ***
Dealt to HubertusB [8c 8d]
woocha33: folds 
HubertusB: raises $0.07 to $0.12
icemman3600: folds 
GamblerWW: folds 
waltstars: folds 
marie5555: calls $0.07
*** FLOP *** [Kc Ts Js]
marie5555: checks 
HubertusB: checks 
*** TURN *** [Kc Ts Js] [3c]
marie5555: bets $0.25
HubertusB: folds 
Uncalled bet ($0.25) returned to marie5555
marie5555 collected $0.25 from pot
marie5555: doesn't show hand 
*** SUMMARY ***
Total pot $0.26 | Rake $0.01 
Board [Kc Ts Js 3c]
Seat 1: GamblerWW (button) folded before Flop (didn't bet)
Seat 2: waltstars (small blind) folded before Flop
Seat 3: marie5555 (big blind) collected ($0.25)
Seat 4: woocha33 folded before Flop (didn't bet)
Seat 5: HubertusB folded on the Turn
Seat 6: icemman3600 folded before Flop (didn't bet)



PokerStars Zoom Hand #177274676342:  Hold'em No Limit ($0.02/$0.05) - 2017/10/23 19:47:17 CCT [2017/10/23 7:47:17 ET]
Table 'Donati' 6-max Seat #1 is the button
Seat 1: Salamon_I.G. ($6.18 in chips) 
Seat 2: Only_Vizard ($5.76 in chips) 
Seat 3: Metalinchen ($5.45 in chips) 
Seat 4: HubertusB ($5.23 in chips) 
Seat 5: Quorthon_Zei ($7.65 in chips) 
Seat 6: Aristovoulos ($5.30 in chips) 
Only_Vizard: posts small blind $0.02
Metalinchen: posts big blind $0.05
*** HOLE CARDS ***
Dealt to HubertusB [4d As]
HubertusB: folds 
Quorthon_Zei: folds 
Aristovoulos: raises $0.10 to $0.15
Salamon_I.G.: folds 
Only_Vizard: folds 
Metalinchen: calls $0.10
*** FLOP *** [7c 2c 8c]
Metalinchen: bets $0.10
Aristovoulos: raises $0.33 to $0.43
Metalinchen: calls $0.33
*** TURN *** [7c 2c 8c] [9c]
Metalinchen: checks 
Aristovoulos: bets $0.72
Metalinchen: calls $0.72
*** RIVER *** [7c 2c 8c 9c] [6h]
Metalinchen: checks 
Aristovoulos: bets $1.33
Metalinchen: calls $1.33
*** SHOW DOWN ***
Aristovoulos: shows [Qc Kc] (a flush, King high)
Metalinchen: mucks hand 
Aristovoulos collected $5.06 from pot
*** SUMMARY ***
Total pot $5.28 | Rake $0.22 
Board [7c 2c 8c 9c 6h]
Seat 1: Salamon_I.G. (button) folded before Flop (didn't bet)
Seat 2: Only_Vizard (small blind) folded before Flop
Seat 3: Metalinchen (big blind) mucked [Js Jc]
Seat 4: HubertusB folded before Flop (didn't bet)
Seat 5: Quorthon_Zei folded before Flop (didn't bet)
Seat 6: Aristovoulos showed [Qc Kc] and won ($5.06) with a flush, King high



PokerStars Zoom Hand #177274692173:  Hold'em No Limit ($0.02/$0.05) - 2017/10/23 19:47:55 CCT [2017/10/23 7:47:55 ET]
Table 'Donati' 6-max Seat #1 is the button
Seat 1: HubertusB ($5.11 in chips) 
Seat 2: ikzw ($8.64 in chips) 
Seat 3: justchill198 ($5.03 in chips) 
Seat 4: karanask21 ($5.10 in chips) 
Seat 5: syuzu08 ($5 in chips) 
Seat 6: r3x1a ($5 in chips) 
ikzw: posts small blind $0.02
justchill198: posts big blind $0.05
*** HOLE CARDS ***
Dealt to HubertusB [9s 8c]
karanask21: raises $0.10 to $0.15
syuzu08: folds 
r3x1a: folds 
HubertusB: folds 
ikzw: folds 
justchill198: folds 
Uncalled bet ($0.10) returned to karanask21
karanask21 collected $0.12 from pot
karanask21: doesn't show hand 
*** SUMMARY ***
Total pot $0.12 | Rake $0 
Seat 1: HubertusB (button) folded before Flop (didn't bet)
Seat 2: ikzw (small blind) folded before Flop
Seat 3: justchill198 (big blind) folded before Flop
Seat 4: karanask21 collected ($0.12)
Seat 5: syuzu08 folded before Flop (didn't bet)
Seat 6: r3x1a folded before Flop (didn't bet)



PokerStars Zoom Hand #177274694673:  Hold'em No Limit ($0.02/$0.05) - 2017/10/23 19:48:01 CCT [2017/10/23 7:48:01 ET]
Table 'Donati' 6-max Seat #1 is the button
Seat 1: straguna ($13.87 in chips) 
Seat 2: zborny ($10.42 in chips) 
Seat 3: HubertusB ($5.11 in chips) 
Seat 4: wennuan ($5 in chips) 
Seat 5: Orboeb ($5.37 in chips) 
Seat 6: ikzw ($8.62 in chips) 
zborny: posts small blind $0.02
HubertusB: posts big blind $0.05
*** HOLE CARDS ***
Dealt to HubertusB [6c Ks]
wennuan: raises $0.10 to $0.15
Orboeb: folds 
ikzw: folds 
straguna: folds 
zborny: folds 
HubertusB: folds 
Uncalled bet ($0.10) returned to wennuan
wennuan collected $0.12 from pot
wennuan: doesn't show hand 
*** SUMMARY ***
Total pot $0.12 | Rake $0 
Seat 1: straguna (button) folded before Flop (didn't bet)
Seat 2: zborny (small blind) folded before Flop
Seat 3: HubertusB (big blind) folded before Flop
Seat 4: wennuan collected ($0.12)
Seat 5: Orboeb folded before Flop (didn't bet)
Seat 6: ikzw folded before Flop (didn't bet)



PokerStars Zoom Hand #177274697596:  Hold'em No Limit ($0.02/$0.05) - 2017/10/23 19:48:08 CCT [2017/10/23 7:48:08 ET]
Table 'Donati' 6-max Seat #1 is the button
Seat 1: Jape60 ($8.16 in chips) 
Seat 2: HubertusB ($5.06 in chips) 
Seat 3: MicroLocoNL ($5.33 in chips) 
Seat 4: Oliana88 ($6.31 in chips) 
Seat 5: justchill198 ($5.87 in chips) 
Seat 6: jrb180 ($5.15 in chips) 
HubertusB: posts small blind $0.02
MicroLocoNL: posts big blind $0.05
*** HOLE CARDS ***
Dealt to HubertusB [2s Th]
Oliana88: folds 
justchill198: folds 
jrb180: folds 
Jape60: folds 
HubertusB: folds 
Uncalled bet ($0.03) returned to MicroLocoNL
MicroLocoNL collected $0.04 from pot
MicroLocoNL: doesn't show hand 
*** SUMMARY ***
Total pot $0.04 | Rake $0 
Seat 1: Jape60 (button) folded before Flop (didn't bet)
Seat 2: HubertusB (small blind) folded before Flop
Seat 3: MicroLocoNL (big blind) collected ($0.04)
Seat 4: Oliana88 folded before Flop (didn't bet)
Seat 5: justchill198 folded before Flop (didn't bet)
Seat 6: jrb180 folded before Flop (didn't bet)



PokerStars Zoom Hand #177274700505:  Hold'em No Limit ($0.02/$0.05) - 2017/10/23 19:48:15 CCT [2017/10/23 7:48:15 ET]
Table 'Donati' 6-max Seat #1 is the button
Seat 1: Luckerly ($7.75 in chips) 
Seat 2: darlika774 ($6.88 in chips) 
Seat 3: brazerOK ($5.14 in chips) 
Seat 4: AnotherWay11 ($13.84 in chips) 
Seat 5: LIghtsout856 ($5 in chips) 
Seat 6: HubertusB ($5.04 in chips) 
darlika774: posts small blind $0.02
brazerOK: posts big blind $0.05
*** HOLE CARDS ***
Dealt to HubertusB [3h 4c]
AnotherWay11: folds 
LIghtsout856: folds 
HubertusB: folds 
Luckerly: raises $0.05 to $0.10
darlika774: folds 
brazerOK: folds 
Uncalled bet ($0.05) returned to Luckerly
Luckerly collected $0.12 from pot
Luckerly: doesn't show hand 
*** SUMMARY ***
Total pot $0.12 | Rake $0 
Seat 1: Luckerly (button) collected ($0.12)
Seat 2: darlika774 (small blind) folded before Flop
Seat 3: brazerOK (big blind) folded before Flop
Seat 4: AnotherWay11 folded before Flop (didn't bet)
Seat 5: LIghtsout856 folded before Flop (didn't bet)
Seat 6: HubertusB folded before Flop (didn't bet)



PokerStars Zoom Hand #177274702999:  Hold'em No Limit ($0.02/$0.05) - 2017/10/23 19:48:21 CCT [2017/10/23 7:48:21 ET]
Table 'Donati' 6-max Seat #1 is the button
Seat 1: Pirotechnima ($5.20 in chips) 
Seat 2: zz3826638 ($5.51 in chips) 
Seat 3: marie5555 ($3.86 in chips) 
Seat 4: HubertusB ($5.04 in chips) 
Seat 5: MicroLocoNL ($5.35 in chips) 
Seat 6: Doimuni ($5.05 in chips) 
zz3826638: posts small blind $0.02
marie5555: posts big blind $0.05
*** HOLE CARDS ***
Dealt to HubertusB [6c Td]
HubertusB: folds 
MicroLocoNL: folds 
Doimuni: raises $0.10 to $0.15
Pirotechnima: folds 
zz3826638: folds 
marie5555: calls $0.10
*** FLOP *** [3d 9h Js]
marie5555: bets $0.15
Doimuni: folds 
Uncalled bet ($0.15) returned to marie5555
marie5555 collected $0.31 from pot
marie5555: doesn't show hand 
*** SUMMARY ***
Total pot $0.32 | Rake $0.01 
Board [3d 9h Js]
Seat 1: Pirotechnima (button) folded before Flop (didn't bet)
Seat 2: zz3826638 (small blind) folded before Flop
Seat 3: marie5555 (big blind) collected ($0.31)
Seat 4: HubertusB folded before Flop (didn't bet)
Seat 5: MicroLocoNL folded before Flop (didn't bet)
Seat 6: Doimuni folded on the Flop



PokerStars Zoom Hand #177274704713:  Hold'em No Limit ($0.02/$0.05) - 2017/10/23 19:48:25 CCT [2017/10/23 7:48:25 ET]
Table 'Donati' 6-max Seat #1 is the button
Seat 1: B00M0508 ($4.57 in chips) 
Seat 2: easylavandos ($5 in chips) 
Seat 3: HubertusB ($5.04 in chips) 
Seat 4: nick6666176 ($18.01 in chips) 
Seat 5: Diso182 ($8.97 in chips) 
Seat 6: leonidsss ($5.06 in chips) 
easylavandos: posts small blind $0.02
HubertusB: posts big blind $0.05
*** HOLE CARDS ***
Dealt to HubertusB [Kh Kd]
nick6666176: folds 
Diso182: folds 
leonidsss: raises $0.10 to $0.15
B00M0508: calls $0.15
easylavandos: folds 
HubertusB: raises $0.45 to $0.60
leonidsss: folds 
B00M0508: folds 
Uncalled bet ($0.45) returned to HubertusB
HubertusB collected $0.47 from pot
HubertusB: doesn't show hand 
*** SUMMARY ***
Total pot $0.47 | Rake $0 
Seat 1: B00M0508 (button) folded before Flop
Seat 2: easylavandos (small blind) folded before Flop
Seat 3: HubertusB (big blind) collected ($0.47)
Seat 4: nick6666176 folded before Flop (didn't bet)
Seat 5: Diso182 folded before Flop (didn't bet)
Seat 6: leonidsss folded before Flop



PokerStars Zoom Hand #177274716876:  Hold'em No Limit ($0.02/$0.05) - 2017/10/23 19:48:54 CCT [2017/10/23 7:48:54 ET]
Table 'Donati' 6-max Seat #1 is the button
Seat 1: HubertusB ($5.36 in chips) 
Seat 2: flatbelieve ($5 in chips) 
Seat 3: karanask21 ($4.95 in chips) 
Seat 4: Quorthon_Zei ($8.07 in chips) 
Seat 5: V1rtu()3 ($5 in chips) 
Seat 6: vladimir7969 ($1.77 in chips) 
flatbelieve: posts small blind $0.02
karanask21: posts big blind $0.05
*** HOLE CARDS ***
Dealt to HubertusB [8c 8d]
Quorthon_Zei: folds 
V1rtu()3: folds 
vladimir7969: folds 
HubertusB: raises $0.08 to $0.13
flatbelieve: folds 
karanask21: folds 
Uncalled bet ($0.08) returned to HubertusB
HubertusB collected $0.12 from pot
HubertusB: doesn't show hand 
*** SUMMARY ***
Total pot $0.12 | Rake $0 
Seat 1: HubertusB (button) collected ($0.12)
Seat 2: flatbelieve (small blind) folded before Flop
Seat 3: karanask21 (big blind) folded before Flop
Seat 4: Quorthon_Zei folded before Flop (didn't bet)
Seat 5: V1rtu()3 folded before Flop (didn't bet)
Seat 6: vladimir7969 folded before Flop (didn't bet)



PokerStars Zoom Hand #177274725791:  Hold'em No Limit ($0.02/$0.05) - 2017/10/23 19:49:15 CCT [2017/10/23 7:49:15 ET]
Table 'Donati' 6-max Seat #1 is the button
Seat 1: skorpio18 ($5.02 in chips) 
Seat 2: Lehi423 ($5.14 in chips) 
Seat 3: Novaa3 ($5.89 in chips) 
Seat 4: justchill198 ($5.65 in chips) 
Seat 5: HubertusB ($5.41 in chips) 
Seat 6: killerita67 ($5.98 in chips) 
Lehi423: posts small blind $0.02
Novaa3: posts big blind $0.05
*** HOLE CARDS ***
Dealt to HubertusB [Qc 8h]
justchill198: folds 
HubertusB: folds 
killerita67: folds 
skorpio18: folds 
Lehi423: folds 
Uncalled bet ($0.03) returned to Novaa3
Novaa3 collected $0.04 from pot
Novaa3: doesn't show hand 
*** SUMMARY ***
Total pot $0.04 | Rake $0 
Seat 1: skorpio18 (button) folded before Flop (didn't bet)
Seat 2: Lehi423 (small blind) folded before Flop
Seat 3: Novaa3 (big blind) collected ($0.04)
Seat 4: justchill198 folded before Flop (didn't bet)
Seat 5: HubertusB folded before Flop (didn't bet)
Seat 6: killerita67 folded before Flop (didn't bet)



PokerStars Zoom Hand #177274723671:  Hold'em No Limit ($0.02/$0.05) - 2017/10/23 19:49:10 CCT [2017/10/23 7:49:10 ET]
Table 'Donati' 6-max Seat #1 is the button
Seat 1: VankaSIP ($4.36 in chips) 
Seat 2: r3x1a ($5 in chips) 
Seat 3: DeadKiriyama ($7.08 in chips) 
Seat 4: karanask21 ($4.28 in chips) 
Seat 5: panos_aek91 ($6.24 in chips) 
Seat 6: HubertusB ($5.41 in chips) 
r3x1a: posts small blind $0.02
DeadKiriyama: posts big blind $0.05
*** HOLE CARDS ***
Dealt to HubertusB [7c Ah]
karanask21: raises $0.10 to $0.15
panos_aek91: raises $0.35 to $0.50
HubertusB: folds 
VankaSIP: folds 
r3x1a: folds 
DeadKiriyama: folds 
karanask21: folds 
Uncalled bet ($0.35) returned to panos_aek91
panos_aek91 collected $0.37 from pot
panos_aek91: doesn't show hand 
*** SUMMARY ***
Total pot $0.37 | Rake $0 
Seat 1: VankaSIP (button) folded before Flop (didn't bet)
Seat 2: r3x1a (small blind) folded before Flop
Seat 3: DeadKiriyama (big blind) folded before Flop
Seat 4: karanask21 folded before Flop
Seat 5: panos_aek91 collected ($0.37)
Seat 6: HubertusB folded before Flop (didn't bet)



PokerStars Zoom Hand #177274727910:  Hold'em No Limit ($0.02/$0.05) - 2017/10/23 19:49:20 CCT [2017/10/23 7:49:20 ET]
Table 'Donati' 6-max Seat #1 is the button
Seat 1: jingisukan ($6.11 in chips) 
Seat 2: Amigo113 ($13.67 in chips) 
Seat 3: dionnis007 ($10.62 in chips) 
Seat 4: HubertusB ($5.41 in chips) 
Seat 5: prochy1909 ($5.11 in chips) 
Seat 6: ooiaooao ($5.63 in chips) 
Amigo113: posts small blind $0.02
dionnis007: posts big blind $0.05
*** HOLE CARDS ***
Dealt to HubertusB [Jd Qd]
HubertusB: raises $0.07 to $0.12
prochy1909: folds 
ooiaooao: folds 
jingisukan: folds 
Amigo113: calls $0.10
dionnis007: folds 
*** FLOP *** [6c 4c Kd]
Amigo113: checks 
HubertusB: bets $0.15
Amigo113: folds 
Uncalled bet ($0.15) returned to HubertusB
HubertusB collected $0.28 from pot
HubertusB: doesn't show hand 
*** SUMMARY ***
Total pot $0.29 | Rake $0.01 
Board [6c 4c Kd]
Seat 1: jingisukan (button) folded before Flop (didn't bet)
Seat 2: Amigo113 (small blind) folded on the Flop
Seat 3: dionnis007 (big blind) folded before Flop
Seat 4: HubertusB collected ($0.28)
Seat 5: prochy1909 folded before Flop (didn't bet)
Seat 6: ooiaooao folded before Flop (didn't bet)



PokerStars Zoom Hand #177274721926:  Hold'em No Limit ($0.02/$0.05) - 2017/10/23 19:49:06 CCT [2017/10/23 7:49:06 ET]
Table 'Donati' 6-max Seat #1 is the button
Seat 1: jrb180 ($5.25 in chips) 
Seat 2: HubertusB ($5.43 in chips) 
Seat 3: flatbelieve ($5 in chips) 
Seat 4: Zvenkov89 ($4.96 in chips) 
Seat 5: Supamaggie ($5.52 in chips) 
Seat 6: blacky0912 ($4.09 in chips) 
HubertusB: posts small blind $0.02
flatbelieve: posts big blind $0.05
*** HOLE CARDS ***
Dealt to HubertusB [Jd 5c]
Zvenkov89: calls $0.05
Supamaggie: folds 
blacky0912: raises $0.05 to $0.10
jrb180: folds 
HubertusB: folds 
flatbelieve: folds 
Zvenkov89: calls $0.05
*** FLOP *** [7h 4h 6s]
Zvenkov89: checks 
blacky0912: bets $0.26
Zvenkov89: calls $0.26
*** TURN *** [7h 4h 6s] [9s]
Zvenkov89: checks 
blacky0912: bets $0.45
Zvenkov89: calls $0.45
*** RIVER *** [7h 4h 6s 9s] [Qc]
Zvenkov89: checks 
blacky0912: checks 
*** SHOW DOWN ***
Zvenkov89: shows [3d 7d] (a pair of Sevens)
blacky0912: shows [7s Ac] (a pair of Sevens - Ace kicker)
blacky0912 collected $1.62 from pot
*** SUMMARY ***
Total pot $1.69 | Rake $0.07 
Board [7h 4h 6s 9s Qc]
Seat 1: jrb180 (button) folded before Flop (didn't bet)
Seat 2: HubertusB (small blind) folded before Flop
Seat 3: flatbelieve (big blind) folded before Flop
Seat 4: Zvenkov89 showed [3d 7d] and lost with a pair of Sevens
Seat 5: Supamaggie folded before Flop (didn't bet)
Seat 6: blacky0912 showed [7s Ac] and won ($1.62) with a pair of Sevens



PokerStars Zoom Hand #177274739571:  Hold'em No Limit ($0.02/$0.05) - 2017/10/23 19:49:48 CCT [2017/10/23 7:49:48 ET]
Table 'Donati' 6-max Seat #1 is the button
Seat 1: QZ1985 ($6.95 in chips) 
Seat 2: zborny ($10.35 in chips) 
Seat 3: HubertusB ($5.57 in chips) 
Seat 4: Guest533 ($5 in chips) 
Seat 5: Jape60 ($5.36 in chips) 
Seat 6: bet782010 ($2.65 in chips) 
zborny: posts small blind $0.02
HubertusB: posts big blind $0.05
*** HOLE CARDS ***
Dealt to HubertusB [6c Js]
Guest533: folds 
Jape60: folds 
bet782010: folds 
QZ1985: folds 
zborny: folds 
Uncalled bet ($0.03) returned to HubertusB
HubertusB collected $0.04 from pot
HubertusB: doesn't show hand 
*** SUMMARY ***
Total pot $0.04 | Rake $0 
Seat 1: QZ1985 (button) folded before Flop (didn't bet)
Seat 2: zborny (small blind) folded before Flop
Seat 3: HubertusB (big blind) collected ($0.04)
Seat 4: Guest533 folded before Flop (didn't bet)
Seat 5: Jape60 folded before Flop (didn't bet)
Seat 6: bet782010 folded before Flop (didn't bet)



PokerStars Zoom Hand #177274737930:  Hold'em No Limit ($0.02/$0.05) - 2017/10/23 19:49:44 CCT [2017/10/23 7:49:44 ET]
Table 'Donati' 6-max Seat #1 is the button
Seat 1: Lehi423 ($5.07 in chips) 
Seat 2: Jape60 ($5.38 in chips) 
Seat 3: Quadrazar ($7.61 in chips) 
Seat 4: Saratushtra ($6.26 in chips) 
Seat 5: HubertusB ($5.57 in chips) 
Seat 6: CO/\OMAT ($5.62 in chips) 
Jape60: posts small blind $0.02
Quadrazar: posts big blind $0.05
*** HOLE CARDS ***
Dealt to HubertusB [6c Td]
Saratushtra: folds 
HubertusB: folds 
CO/\OMAT: folds 
Lehi423: folds 
Jape60: folds 
Uncalled bet ($0.03) returned to Quadrazar
Quadrazar collected $0.04 from pot
Quadrazar: doesn't show hand 
*** SUMMARY ***
Total pot $0.04 | Rake $0 
Seat 1: Lehi423 (button) folded before Flop (didn't bet)
Seat 2: Jape60 (small blind) folded before Flop
Seat 3: Quadrazar (big blind) collected ($0.04)
Seat 4: Saratushtra folded before Flop (didn't bet)
Seat 5: HubertusB folded before Flop (didn't bet)
Seat 6: CO/\OMAT folded before Flop (didn't bet)



PokerStars Zoom Hand #177274745550:  Hold'em No Limit ($0.02/$0.05) - 2017/10/23 19:50:02 CCT [2017/10/23 7:50:02 ET]
Table 'Donati' 6-max Seat #1 is the button
Seat 1: zugunder11 ($4.59 in chips) 
Seat 2: HubertusB ($5.59 in chips) 
Seat 3: Jape60 ($12.03 in chips) 
Seat 4: Bendiger555 ($5.95 in chips) 
Seat 5: Kirikulu ($5.27 in chips) 
Seat 6: Pirotechnima ($5.02 in chips) 
HubertusB: posts small blind $0.02
Jape60: posts big blind $0.05
*** HOLE CARDS ***
Dealt to HubertusB [8c 3s]
Bendiger555: folds 
Kirikulu: folds 
Pirotechnima: folds 
zugunder11: folds 
HubertusB: folds 
Uncalled bet ($0.03) returned to Jape60
Jape60 collected $0.04 from pot
Jape60: doesn't show hand 
*** SUMMARY ***
Total pot $0.04 | Rake $0 
Seat 1: zugunder11 (button) folded before Flop (didn't bet)
Seat 2: HubertusB (small blind) folded before Flop
Seat 3: Jape60 (big blind) collected ($0.04)
Seat 4: Bendiger555 folded before Flop (didn't bet)
Seat 5: Kirikulu folded before Flop (didn't bet)
Seat 6: Pirotechnima folded before Flop (didn't bet)



PokerStars Zoom Hand #177274748031:  Hold'em No Limit ($0.02/$0.05) - 2017/10/23 19:50:08 CCT [2017/10/23 7:50:08 ET]
Table 'Donati' 6-max Seat #1 is the button
Seat 1: HubertusB ($5.57 in chips) 
Seat 2: lazur94 ($5.50 in chips) 
Seat 3: killerita67 ($7.90 in chips) 
Seat 4: prochy1909 ($5 in chips) 
Seat 5: leuzi5 ($6 in chips) 
Seat 6: kizerr ($9.60 in chips) 
lazur94: posts small blind $0.02
killerita67: posts big blind $0.05
*** HOLE CARDS ***
Dealt to HubertusB [8d Qh]
prochy1909: folds 
leuzi5: folds 
kizerr: folds 
HubertusB: raises $0.07 to $0.12
lazur94: folds 
killerita67: calls $0.07
*** FLOP *** [7h Ks 6c]
killerita67: checks 
HubertusB: bets $0.15
killerita67: raises $0.15 to $0.30
HubertusB: folds 
Uncalled bet ($0.15) returned to killerita67
killerita67 collected $0.54 from pot
killerita67: doesn't show hand 
*** SUMMARY ***
Total pot $0.56 | Rake $0.02 
Board [7h Ks 6c]
Seat 1: HubertusB (button) folded on the Flop
Seat 2: lazur94 (small blind) folded before Flop
Seat 3: killerita67 (big blind) collected ($0.54)
Seat 4: prochy1909 folded before Flop (didn't bet)
Seat 5: leuzi5 folded before Flop (didn't bet)
Seat 6: kizerr folded before Flop (didn't bet)



PokerStars Zoom Hand #177274758973:  Hold'em No Limit ($0.02/$0.05) - 2017/10/23 19:50:34 CCT [2017/10/23 7:50:34 ET]
Table 'Donati' 6-max Seat #1 is the button
Seat 1: ancqPRO ($7.82 in chips) 
Seat 2: luk28757 ($5.10 in chips) 
Seat 3: HubertusB ($5.30 in chips) 
Seat 4: spensor1 ($9.22 in chips) 
Seat 5: AverianovA ($5.51 in chips) 
Seat 6: waltstars ($9.52 in chips) 
luk28757: posts small blind $0.02
HubertusB: posts big blind $0.05
*** HOLE CARDS ***
Dealt to HubertusB [As 6h]
spensor1: folds 
AverianovA: folds 
waltstars: folds 
ancqPRO: folds 
luk28757: folds 
Uncalled bet ($0.03) returned to HubertusB
HubertusB collected $0.04 from pot
HubertusB: doesn't show hand 
*** SUMMARY ***
Total pot $0.04 | Rake $0 
Seat 1: ancqPRO (button) folded before Flop (didn't bet)
Seat 2: luk28757 (small blind) folded before Flop
Seat 3: HubertusB (big blind) collected ($0.04)
Seat 4: spensor1 folded before Flop (didn't bet)
Seat 5: AverianovA folded before Flop (didn't bet)
Seat 6: waltstars folded before Flop (didn't bet)



PokerStars Zoom Hand #177274763207:  Hold'em No Limit ($0.02/$0.05) - 2017/10/23 19:50:44 CCT [2017/10/23 7:50:44 ET]
Table 'Donati' 6-max Seat #1 is the button
Seat 1: HubertusB ($5.32 in chips) 
Seat 2: Kirikulu ($5.14 in chips) 
Seat 3: BbIPBu_GLA3 ($4.46 in chips) 
Seat 4: vinkovcani ($3.67 in chips) 
Seat 5: lemn94 ($12.63 in chips) 
Seat 6: bohdanovitch ($5 in chips) 
Kirikulu: posts small blind $0.02
BbIPBu_GLA3: posts big blind $0.05
*** HOLE CARDS ***
Dealt to HubertusB [Td Ks]
vinkovcani: folds 
lemn94: folds 
bohdanovitch: folds 
HubertusB: raises $0.08 to $0.13
Kirikulu: raises $0.35 to $0.48
BbIPBu_GLA3: folds 
HubertusB: folds 
Uncalled bet ($0.35) returned to Kirikulu
Kirikulu collected $0.31 from pot
Kirikulu: doesn't show hand 
*** SUMMARY ***
Total pot $0.31 | Rake $0 
Seat 1: HubertusB (button) folded before Flop
Seat 2: Kirikulu (small blind) collected ($0.31)
Seat 3: BbIPBu_GLA3 (big blind) folded before Flop
Seat 4: vinkovcani folded before Flop (didn't bet)
Seat 5: lemn94 folded before Flop (didn't bet)
Seat 6: bohdanovitch folded before Flop (didn't bet)



PokerStars Zoom Hand #177274779193:  Hold'em No Limit ($0.02/$0.05) - 2017/10/23 19:51:22 CCT [2017/10/23 7:51:22 ET]
Table 'Donati' 6-max Seat #1 is the button
Seat 1: Aaleks111 ($5.16 in chips) 
Seat 2: HubertusB ($5.19 in chips) 
Seat 3: Quorthon_Zei ($7.73 in chips) 
Seat 4: TapehaS ($7.68 in chips) 
Seat 5: HH-hour ($10.87 in chips) 
Seat 6: clodo55 ($5.30 in chips) 
HubertusB: posts small blind $0.02
Quorthon_Zei: posts big blind $0.05
*** HOLE CARDS ***
Dealt to HubertusB [Jh 6d]
TapehaS: folds 
HH-hour: folds 
clodo55: raises $0.12 to $0.17
Aaleks111: folds 
HubertusB: folds 
Quorthon_Zei: folds 
Uncalled bet ($0.12) returned to clodo55
clodo55 collected $0.12 from pot
clodo55: doesn't show hand 
*** SUMMARY ***
Total pot $0.12 | Rake $0 
Seat 1: Aaleks111 (button) folded before Flop (didn't bet)
Seat 2: HubertusB (small blind) folded before Flop
Seat 3: Quorthon_Zei (big blind) folded before Flop
Seat 4: TapehaS folded before Flop (didn't bet)
Seat 5: HH-hour folded before Flop (didn't bet)
Seat 6: clodo55 collected ($0.12)



PokerStars Zoom Hand #177274782971:  Hold'em No Limit ($0.02/$0.05) - 2017/10/23 19:51:31 CCT [2017/10/23 7:51:31 ET]
Table 'Donati' 6-max Seat #1 is the button
Seat 1: HH-hour ($10.04 in chips) 
Seat 2: Taoist-Mutul ($7.30 in chips) 
Seat 3: syuzu08 ($5.14 in chips) 
Seat 4: flatbelieve ($5.71 in chips) 
Seat 5: Salamon_I.G. ($8.26 in chips) 
Seat 6: HubertusB ($5.17 in chips) 
Taoist-Mutul: posts small blind $0.02
syuzu08: posts big blind $0.05
*** HOLE CARDS ***
Dealt to HubertusB [Th Js]
flatbelieve: folds 
Salamon_I.G.: folds 
HubertusB: raises $0.07 to $0.12
HH-hour: folds 
Taoist-Mutul: folds 
syuzu08: folds 
Uncalled bet ($0.07) returned to HubertusB
HubertusB collected $0.12 from pot
HubertusB: doesn't show hand 
*** SUMMARY ***
Total pot $0.12 | Rake $0 
Seat 1: HH-hour (button) folded before Flop (didn't bet)
Seat 2: Taoist-Mutul (small blind) folded before Flop
Seat 3: syuzu08 (big blind) folded before Flop
Seat 4: flatbelieve folded before Flop (didn't bet)
Seat 5: Salamon_I.G. folded before Flop (didn't bet)
Seat 6: HubertusB collected ($0.12)



PokerStars Zoom Hand #177274775363:  Hold'em No Limit ($0.02/$0.05) - 2017/10/23 19:51:13 CCT [2017/10/23 7:51:13 ET]
Table 'Donati' 6-max Seat #1 is the button
Seat 1: ViaraPL ($6.51 in chips) 
Seat 2: spliter 27 ($4.16 in chips) 
Seat 3: bantatsu ($6.29 in chips) 
Seat 4: straguna ($13.36 in chips) 
Seat 5: Pirotechnima ($5 in chips) 
Seat 6: HubertusB ($5.19 in chips) 
spliter 27: posts small blind $0.02
bantatsu: posts big blind $0.05
*** HOLE CARDS ***
Dealt to HubertusB [Th 4s]
straguna: folds 
Pirotechnima: raises $0.10 to $0.15
HubertusB: folds 
ViaraPL: folds 
spliter 27: raises $0.35 to $0.50
bantatsu: folds 
Pirotechnima: calls $0.35
*** FLOP *** [4h 8d 4d]
spliter 27: bets $0.50
Pirotechnima: calls $0.50
*** TURN *** [4h 8d 4d] [5c]
spliter 27: bets $3.16 and is all-in
Pirotechnima: folds 
Uncalled bet ($3.16) returned to spliter 27
spliter 27 collected $1.97 from pot
spliter 27: doesn't show hand 
*** SUMMARY ***
Total pot $2.05 | Rake $0.08 
Board [4h 8d 4d 5c]
Seat 1: ViaraPL (button) folded before Flop (didn't bet)
Seat 2: spliter 27 (small blind) collected ($1.97)
Seat 3: bantatsu (big blind) folded before Flop
Seat 4: straguna folded before Flop (didn't bet)
Seat 5: Pirotechnima folded on the Turn
Seat 6: HubertusB folded before Flop (didn't bet)



PokerStars Zoom Hand #177274792904:  Hold'em No Limit ($0.02/$0.05) - 2017/10/23 19:51:55 CCT [2017/10/23 7:51:55 ET]
Table 'Donati' 6-max Seat #1 is the button
Seat 1: Jape60 ($11.68 in chips) 
Seat 2: mielleken ($2.76 in chips) 
Seat 3: Draber06 ($5.18 in chips) 
Seat 4: HubertusB ($5.24 in chips) 
Seat 5: onenzone ($7.05 in chips) 
Seat 6: Only_Vizard ($5.94 in chips) 
mielleken: posts small blind $0.02
Draber06: posts big blind $0.05
*** HOLE CARDS ***
Dealt to HubertusB [5h Qs]
HubertusB: folds 
onenzone: folds 
Only_Vizard: folds 
Jape60: folds 
mielleken: folds 
Uncalled bet ($0.03) returned to Draber06
Draber06 collected $0.04 from pot
Draber06: doesn't show hand 
*** SUMMARY ***
Total pot $0.04 | Rake $0 
Seat 1: Jape60 (button) folded before Flop (didn't bet)
Seat 2: mielleken (small blind) folded before Flop
Seat 3: Draber06 (big blind) collected ($0.04)
Seat 4: HubertusB folded before Flop (didn't bet)
Seat 5: onenzone folded before Flop (didn't bet)
Seat 6: Only_Vizard folded before Flop (didn't bet)



PokerStars Zoom Hand #177274777517:  Hold'em No Limit ($0.02/$0.05) - 2017/10/23 19:51:18 CCT [2017/10/23 7:51:18 ET]
Table 'Donati' 6-max Seat #1 is the button
Seat 1: zsolo480 ($2.90 in chips) 
Seat 2: TapehaS ($7.70 in chips) 
Seat 3: Marcicheku ($5.85 in chips) 
Seat 4: jrb180 ($5 in chips) 
Seat 5: HubertusB ($5.19 in chips) 
Seat 6: LOLO33394 ($5.71 in chips) 
TapehaS: posts small blind $0.02
Marcicheku: posts big blind $0.05
*** HOLE CARDS ***
Dealt to HubertusB [7s 3h]
jrb180: folds 
HubertusB: folds 
LOLO33394: raises $0.10 to $0.15
zsolo480: folds 
TapehaS: folds 
Marcicheku: calls $0.10
*** FLOP *** [Ad 6s Js]
Marcicheku: checks 
LOLO33394: bets $0.20
Marcicheku: calls $0.20
*** TURN *** [Ad 6s Js] [Th]
Marcicheku: checks 
LOLO33394: bets $0.48
Marcicheku: raises $0.57 to $1.05
LOLO33394: calls $0.57
*** RIVER *** [Ad 6s Js Th] [5d]
Marcicheku: bets $1.50
LOLO33394: folds 
Uncalled bet ($1.50) returned to Marcicheku
Marcicheku collected $2.70 from pot
Marcicheku: doesn't show hand 
*** SUMMARY ***
Total pot $2.82 | Rake $0.12 
Board [Ad 6s Js Th 5d]
Seat 1: zsolo480 (button) folded before Flop (didn't bet)
Seat 2: TapehaS (small blind) folded before Flop
Seat 3: Marcicheku (big blind) collected ($2.70)
Seat 4: jrb180 folded before Flop (didn't bet)
Seat 5: HubertusB folded before Flop (didn't bet)
Seat 6: LOLO33394 folded on the River



PokerStars Zoom Hand #177274794944:  Hold'em No Limit ($0.02/$0.05) - 2017/10/23 19:52:00 CCT [2017/10/23 7:52:00 ET]
Table 'Donati' 6-max Seat #1 is the button
Seat 1: Santorino ($5.29 in chips) 
Seat 2: nullnullnull ($5.18 in chips) 
Seat 3: AsFirs ($7.45 in chips) 
Seat 4: syuzu08 ($5 in chips) 
Seat 5: HubertusB ($5.24 in chips) 
Seat 6: h@st@ baby ($9.43 in chips) 
nullnullnull: posts small blind $0.02
AsFirs: posts big blind $0.05
*** HOLE CARDS ***
Dealt to HubertusB [6h Ad]
syuzu08: folds 
HubertusB: folds 
h@st@ baby: folds 
Santorino: raises $0.08 to $0.13
nullnullnull: folds 
AsFirs: folds 
Uncalled bet ($0.08) returned to Santorino
Santorino collected $0.12 from pot
Santorino: doesn't show hand 
*** SUMMARY ***
Total pot $0.12 | Rake $0 
Seat 1: Santorino (button) collected ($0.12)
Seat 2: nullnullnull (small blind) folded before Flop
Seat 3: AsFirs (big blind) folded before Flop
Seat 4: syuzu08 folded before Flop (didn't bet)
Seat 5: HubertusB folded before Flop (didn't bet)
Seat 6: h@st@ baby folded before Flop (didn't bet)



PokerStars Zoom Hand #177274781303:  Hold'em No Limit ($0.02/$0.05) - 2017/10/23 19:51:27 CCT [2017/10/23 7:51:27 ET]
Table 'Donati' 6-max Seat #1 is the button
Seat 1: Quadrazar ($8.82 in chips) 
Seat 2: Amigo113 ($5.80 in chips) 
Seat 3: waltstars ($5 in chips) 
Seat 4: HubertusB ($5.17 in chips) 
Seat 5: Supamaggie ($5 in chips) 
Seat 6: Bossnia007 ($6.06 in chips) 
Amigo113: posts small blind $0.02
waltstars: posts big blind $0.05
*** HOLE CARDS ***
Dealt to HubertusB [2h 2s]
HubertusB: folds 
Supamaggie: folds 
Bossnia007: raises $0.10 to $0.15
Quadrazar: folds 
Amigo113: folds 
waltstars: calls $0.10
*** FLOP *** [3c 7d Js]
waltstars: checks 
Bossnia007: bets $0.20
waltstars: calls $0.20
*** TURN *** [3c 7d Js] [3d]
waltstars: checks 
Bossnia007: checks 
*** RIVER *** [3c 7d Js 3d] [Ac]
waltstars: checks 
Bossnia007: bets $0.35
waltstars: folds 
Uncalled bet ($0.35) returned to Bossnia007
Bossnia007 collected $0.69 from pot
Bossnia007: doesn't show hand 
*** SUMMARY ***
Total pot $0.72 | Rake $0.03 
Board [3c 7d Js 3d Ac]
Seat 1: Quadrazar (button) folded before Flop (didn't bet)
Seat 2: Amigo113 (small blind) folded before Flop
Seat 3: waltstars (big blind) folded on the River
Seat 4: HubertusB folded before Flop (didn't bet)
Seat 5: Supamaggie folded before Flop (didn't bet)
Seat 6: Bossnia007 collected ($0.69)



PokerStars Zoom Hand #177274797101:  Hold'em No Limit ($0.02/$0.05) - 2017/10/23 19:52:05 CCT [2017/10/23 7:52:05 ET]
Table 'Donati' 6-max Seat #1 is the button
Seat 1: JPN0606 ($5.45 in chips) 
Seat 2: mr.mineiro ($5.02 in chips) 
Seat 3: HubertusB ($5.24 in chips) 
Seat 4: leonidsss ($5.52 in chips) 
Seat 5: AnotherWay11 ($15.34 in chips) 
Seat 6: dionnis007 ($5 in chips) 
mr.mineiro: posts small blind $0.02
HubertusB: posts big blind $0.05
*** HOLE CARDS ***
Dealt to HubertusB [2s Js]
leonidsss: folds 
AnotherWay11: folds 
dionnis007: calls $0.05
JPN0606: folds 
mr.mineiro: folds 
HubertusB: checks 
*** FLOP *** [8h Tc 2c]
HubertusB: checks 
dionnis007: checks 
*** TURN *** [8h Tc 2c] [4h]
HubertusB: checks 
dionnis007: checks 
*** RIVER *** [8h Tc 2c 4h] [4d]
HubertusB: bets $0.05
dionnis007: folds 
Uncalled bet ($0.05) returned to HubertusB
HubertusB collected $0.12 from pot
HubertusB: doesn't show hand 
*** SUMMARY ***
Total pot $0.12 | Rake $0 
Board [8h Tc 2c 4h 4d]
Seat 1: JPN0606 (button) folded before Flop (didn't bet)
Seat 2: mr.mineiro (small blind) folded before Flop
Seat 3: HubertusB (big blind) collected ($0.12)
Seat 4: leonidsss folded before Flop (didn't bet)
Seat 5: AnotherWay11 folded before Flop (didn't bet)
Seat 6: dionnis007 folded on the River



PokerStars Zoom Hand #177274808042:  Hold'em No Limit ($0.02/$0.05) - 2017/10/23 19:52:31 CCT [2017/10/23 7:52:31 ET]
Table 'Donati' 6-max Seat #1 is the button
Seat 1: k1v0k ($5.26 in chips) 
Seat 2: HubertusB ($5.31 in chips) 
Seat 3: hsingyang ($12.18 in chips) 
Seat 4: morgan3366 ($13.34 in chips) 
Seat 5: T0M5T3R ($5.07 in chips) 
Seat 6: REZYLTAT+1 ($6.93 in chips) 
HubertusB: posts small blind $0.02
hsingyang: posts big blind $0.05
*** HOLE CARDS ***
Dealt to HubertusB [Qd 4h]
morgan3366: folds 
T0M5T3R: folds 
REZYLTAT+1: folds 
k1v0k: folds 
HubertusB: folds 
Uncalled bet ($0.03) returned to hsingyang
hsingyang collected $0.04 from pot
hsingyang: doesn't show hand 
*** SUMMARY ***
Total pot $0.04 | Rake $0 
Seat 1: k1v0k (button) folded before Flop (didn't bet)
Seat 2: HubertusB (small blind) folded before Flop
Seat 3: hsingyang (big blind) collected ($0.04)
Seat 4: morgan3366 folded before Flop (didn't bet)
Seat 5: T0M5T3R folded before Flop (didn't bet)
Seat 6: REZYLTAT+1 folded before Flop (didn't bet)



PokerStars Zoom Hand #177274810118:  Hold'em No Limit ($0.02/$0.05) - 2017/10/23 19:52:36 CCT [2017/10/23 7:52:36 ET]
Table 'Donati' 6-max Seat #1 is the button
Seat 1: HubertusB ($5.29 in chips) 
Seat 2: Fikcyjny ($5.84 in chips) 
Seat 3: zeys99 ($3.51 in chips) 
Seat 4: Dimks46 ($5.07 in chips) 
Seat 5: JPN0606 ($5.43 in chips) 
Seat 6: uhlilas01 ($5 in chips) 
Fikcyjny: posts small blind $0.02
zeys99: posts big blind $0.05
*** HOLE CARDS ***
Dealt to HubertusB [5s 8s]
Dimks46: folds 
JPN0606: raises $0.10 to $0.15
uhlilas01: folds 
HubertusB: folds 
Fikcyjny: folds 
zeys99: folds 
Uncalled bet ($0.10) returned to JPN0606
JPN0606 collected $0.12 from pot
JPN0606: doesn't show hand 
*** SUMMARY ***
Total pot $0.12 | Rake $0 
Seat 1: HubertusB (button) folded before Flop (didn't bet)
Seat 2: Fikcyjny (small blind) folded before Flop
Seat 3: zeys99 (big blind) folded before Flop
Seat 4: Dimks46 folded before Flop (didn't bet)
Seat 5: JPN0606 collected ($0.12)
Seat 6: uhlilas01 folded before Flop (didn't bet)



PokerStars Zoom Hand #177274812637:  Hold'em No Limit ($0.02/$0.05) - 2017/10/23 19:52:42 CCT [2017/10/23 7:52:42 ET]
Table 'Donati' 6-max Seat #1 is the button
Seat 1: Guest533 ($60.63 in chips) 
Seat 2: 24kk ($5.94 in chips) 
Seat 3: waitwalter ($5.10 in chips) 
Seat 4: JIekToP_3a ($4.46 in chips) 
Seat 5: prochy1909 ($5 in chips) 
Seat 6: HubertusB ($5.29 in chips) 
24kk: posts small blind $0.02
waitwalter: posts big blind $0.05
*** HOLE CARDS ***
Dealt to HubertusB [9c 2c]
JIekToP_3a: folds 
prochy1909: folds 
HubertusB: folds 
Guest533: folds 
24kk: raises $0.10 to $0.15
waitwalter: folds 
Uncalled bet ($0.10) returned to 24kk
24kk collected $0.10 from pot
24kk: doesn't show hand 
*** SUMMARY ***
Total pot $0.10 | Rake $0 
Seat 1: Guest533 (button) folded before Flop (didn't bet)
Seat 2: 24kk (small blind) collected ($0.10)
Seat 3: waitwalter (big blind) folded before Flop
Seat 4: JIekToP_3a folded before Flop (didn't bet)
Seat 5: prochy1909 folded before Flop (didn't bet)
Seat 6: HubertusB folded before Flop (didn't bet)



PokerStars Zoom Hand #177274814735:  Hold'em No Limit ($0.02/$0.05) - 2017/10/23 19:52:47 CCT [2017/10/23 7:52:47 ET]
Table 'Donati' 6-max Seat #1 is the button
Seat 1: vasyadyndy ($5 in chips) 
Seat 2: belmain.by ($6.43 in chips) 
Seat 3: butler992 ($3.77 in chips) 
Seat 4: HubertusB ($5.29 in chips) 
Seat 5: straguna ($13.05 in chips) 
Seat 6: YGYRANCH183 ($4.98 in chips) 
belmain.by: posts small blind $0.02
butler992: posts big blind $0.05
*** HOLE CARDS ***
Dealt to HubertusB [2c As]
HubertusB: folds 
straguna: folds 
YGYRANCH183: folds 
vasyadyndy: raises $0.07 to $0.12
belmain.by: folds 
butler992: folds 
Uncalled bet ($0.07) returned to vasyadyndy
vasyadyndy collected $0.12 from pot
vasyadyndy: doesn't show hand 
*** SUMMARY ***
Total pot $0.12 | Rake $0 
Seat 1: vasyadyndy (button) collected ($0.12)
Seat 2: belmain.by (small blind) folded before Flop
Seat 3: butler992 (big blind) folded before Flop
Seat 4: HubertusB folded before Flop (didn't bet)
Seat 5: straguna folded before Flop (didn't bet)
Seat 6: YGYRANCH183 folded before Flop (didn't bet)



PokerStars Zoom Hand #177274816357:  Hold'em No Limit ($0.02/$0.05) - 2017/10/23 19:52:51 CCT [2017/10/23 7:52:51 ET]
Table 'Donati' 6-max Seat #1 is the button
Seat 1: belmain.by ($5.25 in chips) 
Seat 2: Lehi423 ($5.36 in chips) 
Seat 3: HubertusB ($5.29 in chips) 
Seat 4: Raux17 ($11.59 in chips) 
Seat 5: FarFromFish ($16.11 in chips) 
Seat 6: woocha33 ($3.12 in chips) 
Lehi423: posts small blind $0.02
HubertusB: posts big blind $0.05
*** HOLE CARDS ***
Dealt to HubertusB [6c Qs]
Raux17: folds 
FarFromFish: raises $0.10 to $0.15
woocha33: folds 
belmain.by: folds 
Lehi423: folds 
HubertusB: folds 
Uncalled bet ($0.10) returned to FarFromFish
FarFromFish collected $0.12 from pot
FarFromFish: doesn't show hand 
*** SUMMARY ***
Total pot $0.12 | Rake $0 
Seat 1: belmain.by (button) folded before Flop (didn't bet)
Seat 2: Lehi423 (small blind) folded before Flop
Seat 3: HubertusB (big blind) folded before Flop
Seat 4: Raux17 folded before Flop (didn't bet)
Seat 5: FarFromFish collected ($0.12)
Seat 6: woocha33 folded before Flop (didn't bet)



PokerStars Zoom Hand #177274822320:  Hold'em No Limit ($0.02/$0.05) - 2017/10/23 19:53:05 CCT [2017/10/23 7:53:05 ET]
Table 'Donati' 6-max Seat #1 is the button
Seat 1: Bossnia007 ($6.33 in chips) 
Seat 2: HubertusB ($5.24 in chips) 
Seat 3: MiniD011 ($4.12 in chips) 
Seat 4: redbkey ($2.57 in chips) 
Seat 5: MrVitmal ($4.93 in chips) 
Seat 6: GerSchwa ($5.74 in chips) 
HubertusB: posts small blind $0.02
MiniD011: posts big blind $0.05
*** HOLE CARDS ***
Dealt to HubertusB [Th 7c]
redbkey: folds 
MrVitmal: folds 
GerSchwa: folds 
Bossnia007: folds 
HubertusB: folds 
Uncalled bet ($0.03) returned to MiniD011
MiniD011 collected $0.04 from pot
MiniD011: doesn't show hand 
*** SUMMARY ***
Total pot $0.04 | Rake $0 
Seat 1: Bossnia007 (button) folded before Flop (didn't bet)
Seat 2: HubertusB (small blind) folded before Flop
Seat 3: MiniD011 (big blind) collected ($0.04)
Seat 4: redbkey folded before Flop (didn't bet)
Seat 5: MrVitmal folded before Flop (didn't bet)
Seat 6: GerSchwa folded before Flop (didn't bet)



PokerStars Zoom Hand #177274826459:  Hold'em No Limit ($0.02/$0.05) - 2017/10/23 19:53:15 CCT [2017/10/23 7:53:15 ET]
Table 'Donati' 6-max Seat #1 is the button
Seat 1: HubertusB ($5.22 in chips) 
Seat 2: ancqPRO ($12.87 in chips) 
Seat 3: maxniger007 ($6.18 in chips) 
Seat 4: danjmekeru ($6.53 in chips) 
Seat 5: wibiggi ($3.65 in chips) 
Seat 6: T0M5T3R ($5 in chips) 
ancqPRO: posts small blind $0.02
maxniger007: posts big blind $0.05
*** HOLE CARDS ***
Dealt to HubertusB [2h Ac]
danjmekeru: folds 
wibiggi: raises $0.05 to $0.10
T0M5T3R: folds 
HubertusB: folds 
ancqPRO: folds 
maxniger007: folds 
Uncalled bet ($0.05) returned to wibiggi
wibiggi collected $0.12 from pot
wibiggi: doesn't show hand 
*** SUMMARY ***
Total pot $0.12 | Rake $0 
Seat 1: HubertusB (button) folded before Flop (didn't bet)
Seat 2: ancqPRO (small blind) folded before Flop
Seat 3: maxniger007 (big blind) folded before Flop
Seat 4: danjmekeru folded before Flop (didn't bet)
Seat 5: wibiggi collected ($0.12)
Seat 6: T0M5T3R folded before Flop (didn't bet)



PokerStars Zoom Hand #177274829719:  Hold'em No Limit ($0.02/$0.05) - 2017/10/23 19:53:23 CCT [2017/10/23 7:53:23 ET]
Table 'Donati' 6-max Seat #1 is the button
Seat 1: kappaswe ($5.75 in chips) 
Seat 2: nullnullnull ($5.34 in chips) 
Seat 3: diceman0909 ($9.43 in chips) 
Seat 4: leuzi5 ($6.82 in chips) 
Seat 5: artemlennon ($5.86 in chips) 
Seat 6: HubertusB ($5.22 in chips) 
nullnullnull: posts small blind $0.02
diceman0909: posts big blind $0.05
*** HOLE CARDS ***
Dealt to HubertusB [Ah 3h]
leuzi5: folds 
artemlennon: folds 
HubertusB: raises $0.06 to $0.11
kappaswe: folds 
nullnullnull: folds 
diceman0909: folds 
Uncalled bet ($0.06) returned to HubertusB
HubertusB collected $0.12 from pot
HubertusB: doesn't show hand 
*** SUMMARY ***
Total pot $0.12 | Rake $0 
Seat 1: kappaswe (button) folded before Flop (didn't bet)
Seat 2: nullnullnull (small blind) folded before Flop
Seat 3: diceman0909 (big blind) folded before Flop
Seat 4: leuzi5 folded before Flop (didn't bet)
Seat 5: artemlennon folded before Flop (didn't bet)
Seat 6: HubertusB collected ($0.12)



PokerStars Zoom Hand #177274824327:  Hold'em No Limit ($0.02/$0.05) - 2017/10/23 19:53:10 CCT [2017/10/23 7:53:10 ET]
Table 'Donati' 6-max Seat #1 is the button
Seat 1: diablo4824 ($5.41 in chips) 
Seat 2: MaximGusev ($7.25 in chips) 
Seat 3: shashechka ($3.05 in chips) 
Seat 4: u369063c ($8.65 in chips) 
Seat 5: HubertusB ($5.22 in chips) 
Seat 6: onenzone ($6.37 in chips) 
MaximGusev: posts small blind $0.02
shashechka: posts big blind $0.05
*** HOLE CARDS ***
Dealt to HubertusB [Th 3c]
u369063c: calls $0.05
HubertusB: folds 
onenzone: folds 
diablo4824: folds 
MaximGusev: folds 
shashechka: checks 
*** FLOP *** [9h 8d 4s]
shashechka: checks 
u369063c: checks 
*** TURN *** [9h 8d 4s] [Kd]
shashechka: bets $0.10
u369063c: raises $0.16 to $0.26
shashechka: folds 
Uncalled bet ($0.16) returned to u369063c
u369063c collected $0.31 from pot
u369063c: doesn't show hand 
*** SUMMARY ***
Total pot $0.32 | Rake $0.01 
Board [9h 8d 4s Kd]
Seat 1: diablo4824 (button) folded before Flop (didn't bet)
Seat 2: MaximGusev (small blind) folded before Flop
Seat 3: shashechka (big blind) folded on the Turn
Seat 4: u369063c collected ($0.31)
Seat 5: HubertusB folded before Flop (didn't bet)
Seat 6: onenzone folded before Flop (didn't bet)



PokerStars Zoom Hand #177274842787:  Hold'em No Limit ($0.02/$0.05) - 2017/10/23 19:53:54 CCT [2017/10/23 7:53:54 ET]
Table 'Donati' 6-max Seat #1 is the button
Seat 1: HubertusB ($5.29 in chips) 
Seat 2: T0M5T3R ($7.43 in chips) 
Seat 3: pehtaras22 ($5.05 in chips) 
Seat 4: fzjy ($3.99 in chips) 
Seat 5: Region059 ($5 in chips) 
Seat 6: bohdanovitch ($5.50 in chips) 
T0M5T3R: posts small blind $0.02
pehtaras22: posts big blind $0.05
*** HOLE CARDS ***
Dealt to HubertusB [9c Ac]
fzjy: raises $0.07 to $0.12
Region059: folds 
bohdanovitch: folds 
HubertusB: folds 
T0M5T3R: folds 
pehtaras22: calls $0.07
*** FLOP *** [3d 6h Jd]
pehtaras22: checks 
fzjy: bets $0.13
pehtaras22: folds 
Uncalled bet ($0.13) returned to fzjy
fzjy collected $0.25 from pot
fzjy: doesn't show hand 
*** SUMMARY ***
Total pot $0.26 | Rake $0.01 
Board [3d 6h Jd]
Seat 1: HubertusB (button) folded before Flop (didn't bet)
Seat 2: T0M5T3R (small blind) folded before Flop
Seat 3: pehtaras22 (big blind) folded on the Flop
Seat 4: fzjy collected ($0.25)
Seat 5: Region059 folded before Flop (didn't bet)
Seat 6: bohdanovitch folded before Flop (didn't bet)



PokerStars Zoom Hand #177274854137:  Hold'em No Limit ($0.02/$0.05) - 2017/10/23 19:54:21 CCT [2017/10/23 7:54:21 ET]
Table 'Donati' 6-max Seat #1 is the button
Seat 1: japtah77 ($2.27 in chips) 
Seat 2: HubertusB ($5.29 in chips) 
Seat 3: nullnullnull ($5.32 in chips) 
Seat 4: panos_aek91 ($6.15 in chips) 
Seat 5: Saratushtra ($6.84 in chips) 
Seat 6: palanci ($2.11 in chips) 
HubertusB: posts small blind $0.02
nullnullnull: posts big blind $0.05
*** HOLE CARDS ***
Dealt to HubertusB [Qd Jh]
panos_aek91: folds 
Saratushtra: folds 
palanci: folds 
japtah77: raises $0.05 to $0.10
HubertusB: folds 
nullnullnull: folds 
Uncalled bet ($0.05) returned to japtah77
japtah77 collected $0.12 from pot
japtah77: doesn't show hand 
*** SUMMARY ***
Total pot $0.12 | Rake $0 
Seat 1: japtah77 (button) collected ($0.12)
Seat 2: HubertusB (small blind) folded before Flop
Seat 3: nullnullnull (big blind) folded before Flop
Seat 4: panos_aek91 folded before Flop (didn't bet)
Seat 5: Saratushtra folded before Flop (didn't bet)
Seat 6: palanci folded before Flop (didn't bet)



PokerStars Zoom Hand #177274856171:  Hold'em No Limit ($0.02/$0.05) - 2017/10/23 19:54:26 CCT [2017/10/23 7:54:26 ET]
Table 'Donati' 6-max Seat #1 is the button
Seat 1: PonasAurimas ($9.66 in chips) 
Seat 2: gutshotHuntr ($10.93 in chips) 
Seat 3: HubertusB ($5.27 in chips) 
Seat 4: h@st@ baby ($10.91 in chips) 
Seat 5: Doimuni ($5.32 in chips) 
Seat 6: AsFirs ($7.24 in chips) 
gutshotHuntr: posts small blind $0.02
HubertusB: posts big blind $0.05
*** HOLE CARDS ***
Dealt to HubertusB [6d Qh]
h@st@ baby: folds 
Doimuni: raises $0.10 to $0.15
AsFirs: folds 
PonasAurimas: folds 
gutshotHuntr: folds 
HubertusB: folds 
Uncalled bet ($0.10) returned to Doimuni
Doimuni collected $0.12 from pot
Doimuni: doesn't show hand 
*** SUMMARY ***
Total pot $0.12 | Rake $0 
Seat 1: PonasAurimas (button) folded before Flop (didn't bet)
Seat 2: gutshotHuntr (small blind) folded before Flop
Seat 3: HubertusB (big blind) folded before Flop
Seat 4: h@st@ baby folded before Flop (didn't bet)
Seat 5: Doimuni collected ($0.12)
Seat 6: AsFirs folded before Flop (didn't bet)



PokerStars Zoom Hand #177274860343:  Hold'em No Limit ($0.02/$0.05) - 2017/10/23 19:54:36 CCT [2017/10/23 7:54:36 ET]
Table 'Donati' 6-max Seat #1 is the button
Seat 1: sixfeetabove ($13.19 in chips) 
Seat 2: syuzu08 ($5 in chips) 
Seat 3: diablo4824 ($5.15 in chips) 
Seat 4: Region059 ($7.40 in chips) 
Seat 5: volnyshka ($1.26 in chips) 
Seat 6: HubertusB ($5.22 in chips) 
syuzu08: posts small blind $0.02
diablo4824: posts big blind $0.05
*** HOLE CARDS ***
Dealt to HubertusB [Ad 3d]
Region059: folds 
volnyshka: folds 
HubertusB: raises $0.07 to $0.12
sixfeetabove: folds 
syuzu08: folds 
diablo4824: folds 
Uncalled bet ($0.07) returned to HubertusB
HubertusB collected $0.12 from pot
HubertusB: doesn't show hand 
*** SUMMARY ***
Total pot $0.12 | Rake $0 
Seat 1: sixfeetabove (button) folded before Flop (didn't bet)
Seat 2: syuzu08 (small blind) folded before Flop
Seat 3: diablo4824 (big blind) folded before Flop
Seat 4: Region059 folded before Flop (didn't bet)
Seat 5: volnyshka folded before Flop (didn't bet)
Seat 6: HubertusB collected ($0.12)



PokerStars Zoom Hand #177274851643:  Hold'em No Limit ($0.02/$0.05) - 2017/10/23 19:54:15 CCT [2017/10/23 7:54:15 ET]
Table 'Donati' 6-max Seat #1 is the button
Seat 1: S.V.M.1899. ($3 in chips) 
Seat 2: Doimuni ($5.02 in chips) 
Seat 3: JIekToP_3a ($4.53 in chips) 
Seat 4: Diso182 ($5.70 in chips) 
Seat 5: HubertusB ($5.29 in chips) 
Seat 6: panos_aek91 ($6.15 in chips) 
Doimuni: posts small blind $0.02
JIekToP_3a: posts big blind $0.05
*** HOLE CARDS ***
Dealt to HubertusB [Qh 8h]
Diso182: folds 
HubertusB: folds 
panos_aek91: folds 
S.V.M.1899.: raises $0.10 to $0.15
Doimuni: calls $0.13
JIekToP_3a: calls $0.10
*** FLOP *** [Ah 9s Ts]
Doimuni: checks 
JIekToP_3a: checks 
S.V.M.1899.: bets $0.20
Doimuni: folds 
JIekToP_3a: folds 
Uncalled bet ($0.20) returned to S.V.M.1899.
S.V.M.1899. collected $0.43 from pot
S.V.M.1899.: doesn't show hand 
*** SUMMARY ***
Total pot $0.45 | Rake $0.02 
Board [Ah 9s Ts]
Seat 1: S.V.M.1899. (button) collected ($0.43)
Seat 2: Doimuni (small blind) folded on the Flop
Seat 3: JIekToP_3a (big blind) folded on the Flop
Seat 4: Diso182 folded before Flop (didn't bet)
Seat 5: HubertusB folded before Flop (didn't bet)
Seat 6: panos_aek91 folded before Flop (didn't bet)



PokerStars Zoom Hand #177274868790:  Hold'em No Limit ($0.02/$0.05) - 2017/10/23 19:54:56 CCT [2017/10/23 7:54:56 ET]
Table 'Donati' 6-max Seat #1 is the button
Seat 1: Marcicheku ($5.89 in chips) 
Seat 2: SergusAA ($5 in chips) 
Seat 3: cel1974 ($9.03 in chips) 
Seat 4: HubertusB ($5.29 in chips) 
Seat 5: Pirotechnima ($8.48 in chips) 
Seat 6: Quadrazar ($6.48 in chips) 
SergusAA: posts small blind $0.02
cel1974: posts big blind $0.05
*** HOLE CARDS ***
Dealt to HubertusB [5d Jc]
HubertusB: folds 
Pirotechnima: folds 
Quadrazar: folds 
Marcicheku: folds 
SergusAA: folds 
Uncalled bet ($0.03) returned to cel1974
cel1974 collected $0.04 from pot
cel1974: doesn't show hand 
*** SUMMARY ***
Total pot $0.04 | Rake $0 
Seat 1: Marcicheku (button) folded before Flop (didn't bet)
Seat 2: SergusAA (small blind) folded before Flop
Seat 3: cel1974 (big blind) collected ($0.04)
Seat 4: HubertusB folded before Flop (didn't bet)
Seat 5: Pirotechnima folded before Flop (didn't bet)
Seat 6: Quadrazar folded before Flop (didn't bet)



PokerStars Zoom Hand #177274871326:  Hold'em No Limit ($0.02/$0.05) - 2017/10/23 19:55:02 CCT [2017/10/23 7:55:02 ET]
Table 'Donati' 6-max Seat #1 is the button
Seat 1: Bennyh2k0 ($9.29 in chips) 
Seat 2: -=KZ PRO=- ($5.18 in chips) 
Seat 3: gutshotHuntr ($8.84 in chips) 
Seat 4: HubertusB ($5.29 in chips) 
Seat 5: ooiaooao ($6.29 in chips) 
Seat 6: Oliana88 ($6.70 in chips) 
-=KZ PRO=-: posts small blind $0.02
gutshotHuntr: posts big blind $0.05
*** HOLE CARDS ***
Dealt to HubertusB [3d Kc]
HubertusB: folds 
ooiaooao: folds 
Oliana88: folds 
Bennyh2k0: folds 
-=KZ PRO=-: folds 
Uncalled bet ($0.03) returned to gutshotHuntr
gutshotHuntr collected $0.04 from pot
gutshotHuntr: doesn't show hand 
*** SUMMARY ***
Total pot $0.04 | Rake $0 
Seat 1: Bennyh2k0 (button) folded before Flop (didn't bet)
Seat 2: -=KZ PRO=- (small blind) folded before Flop
Seat 3: gutshotHuntr (big blind) collected ($0.04)
Seat 4: HubertusB folded before Flop (didn't bet)
Seat 5: ooiaooao folded before Flop (didn't bet)
Seat 6: Oliana88 folded before Flop (didn't bet)



PokerStars Zoom Hand #177274873341:  Hold'em No Limit ($0.02/$0.05) - 2017/10/23 19:55:07 CCT [2017/10/23 7:55:07 ET]
Table 'Donati' 6-max Seat #1 is the button
Seat 1: palanci ($2.44 in chips) 
Seat 2: Bennyh2k0 ($17.13 in chips) 
Seat 3: HubertusB ($5.29 in chips) 
Seat 4: danjmekeru ($6.77 in chips) 
Seat 5: Jape60 ($5 in chips) 
Seat 6: jrb180 ($5.05 in chips) 
Bennyh2k0: posts small blind $0.02
HubertusB: posts big blind $0.05
*** HOLE CARDS ***
Dealt to HubertusB [Qd 6c]
danjmekeru: raises $0.10 to $0.15
Jape60: folds 
jrb180: folds 
palanci: folds 
Bennyh2k0: folds 
HubertusB: folds 
Uncalled bet ($0.10) returned to danjmekeru
danjmekeru collected $0.12 from pot
danjmekeru: doesn't show hand 
*** SUMMARY ***
Total pot $0.12 | Rake $0 
Seat 1: palanci (button) folded before Flop (didn't bet)
Seat 2: Bennyh2k0 (small blind) folded before Flop
Seat 3: HubertusB (big blind) folded before Flop
Seat 4: danjmekeru collected ($0.12)
Seat 5: Jape60 folded before Flop (didn't bet)
Seat 6: jrb180 folded before Flop (didn't bet)



PokerStars Zoom Hand #177274875985:  Hold'em No Limit ($0.02/$0.05) - 2017/10/23 19:55:14 CCT [2017/10/23 7:55:14 ET]
Table 'Donati' 6-max Seat #1 is the button
Seat 1: HubertusB ($5.24 in chips) 
Seat 2: Guest533 ($18.18 in chips) 
Seat 3: saymon696 ($5.04 in chips) 
Seat 4: Supamaggie ($5.07 in chips) 
Seat 5: Vegetarian93 ($5.05 in chips) 
Seat 6: Diso182 ($5 in chips) 
Guest533: posts small blind $0.02
saymon696: posts big blind $0.05
*** HOLE CARDS ***
Dealt to HubertusB [7h 7s]
Supamaggie: folds 
Vegetarian93: folds 
Diso182: folds 
HubertusB: raises $0.07 to $0.12
Guest533: folds 
saymon696: calls $0.07
*** FLOP *** [3c Ks 2c]
saymon696: bets $0.09
HubertusB: calls $0.09
*** TURN *** [3c Ks 2c] [Ad]
saymon696: checks 
HubertusB: checks 
*** RIVER *** [3c Ks 2c Ad] [Jh]
saymon696: bets $0.31
HubertusB: folds 
Uncalled bet ($0.31) returned to saymon696
saymon696 collected $0.42 from pot
saymon696: doesn't show hand 
*** SUMMARY ***
Total pot $0.44 | Rake $0.02 
Board [3c Ks 2c Ad Jh]
Seat 1: HubertusB (button) folded on the River
Seat 2: Guest533 (small blind) folded before Flop
Seat 3: saymon696 (big blind) collected ($0.42)
Seat 4: Supamaggie folded before Flop (didn't bet)
Seat 5: Vegetarian93 folded before Flop (didn't bet)
Seat 6: Diso182 folded before Flop (didn't bet)



PokerStars Zoom Hand #177274890075:  Hold'em No Limit ($0.02/$0.05) - 2017/10/23 19:55:51 CCT [2017/10/23 7:55:51 ET]
Table 'Donati' 6-max Seat #1 is the button
Seat 1: Santorino ($6.64 in chips) 
Seat 2: HubertusB ($5.03 in chips) 
Seat 3: dragcom ($1.48 in chips) 
Seat 4: prochy1909 ($5.57 in chips) 
Seat 5: xampos77 ($5 in chips) 
Seat 6: Raux17 ($13.55 in chips) 
HubertusB: posts small blind $0.02
dragcom: posts big blind $0.05
*** HOLE CARDS ***
Dealt to HubertusB [Th 9s]
prochy1909: folds 
xampos77: folds 
Raux17: folds 
Santorino: raises $0.08 to $0.13
HubertusB: folds 
dragcom: calls $0.08
*** FLOP *** [2h Kh 3d]
dragcom: checks 
Santorino: bets $0.22
dragcom: folds 
Uncalled bet ($0.22) returned to Santorino
Santorino collected $0.27 from pot
Santorino: doesn't show hand 
*** SUMMARY ***
Total pot $0.28 | Rake $0.01 
Board [2h Kh 3d]
Seat 1: Santorino (button) collected ($0.27)
Seat 2: HubertusB (small blind) folded before Flop
Seat 3: dragcom (big blind) folded on the Flop
Seat 4: prochy1909 folded before Flop (didn't bet)
Seat 5: xampos77 folded before Flop (didn't bet)
Seat 6: Raux17 folded before Flop (didn't bet)



PokerStars Zoom Hand #177274893838:  Hold'em No Limit ($0.02/$0.05) - 2017/10/23 19:56:01 CCT [2017/10/23 7:56:01 ET]
Table 'Donati' 6-max Seat #1 is the button
Seat 1: HubertusB ($5.01 in chips) 
Seat 2: flatbelieve ($7.62 in chips) 
Seat 3: Ydjin111 ($1.41 in chips) 
Seat 4: ganryu plop ($4.93 in chips) 
Seat 5: diablo4824 ($5.94 in chips) 
Seat 6: LIghtsout856 ($5 in chips) 
flatbelieve: posts small blind $0.02
Ydjin111: posts big blind $0.05
*** HOLE CARDS ***
Dealt to HubertusB [Jc 2d]
ganryu plop: folds 
diablo4824: folds 
LIghtsout856: folds 
HubertusB: folds 
flatbelieve: raises $0.10 to $0.15
Ydjin111: folds 
Uncalled bet ($0.10) returned to flatbelieve
flatbelieve collected $0.10 from pot
flatbelieve: doesn't show hand 
*** SUMMARY ***
Total pot $0.10 | Rake $0 
Seat 1: HubertusB (button) folded before Flop (didn't bet)
Seat 2: flatbelieve (small blind) collected ($0.10)
Seat 3: Ydjin111 (big blind) folded before Flop
Seat 4: ganryu plop folded before Flop (didn't bet)
Seat 5: diablo4824 folded before Flop (didn't bet)
Seat 6: LIghtsout856 folded before Flop (didn't bet)



PokerStars Zoom Hand #177274895720:  Hold'em No Limit ($0.02/$0.05) - 2017/10/23 19:56:06 CCT [2017/10/23 7:56:06 ET]
Table 'Donati' 6-max Seat #1 is the button
Seat 1: feofeo90 ($2.79 in chips) 
Seat 2: osfp7john ($5.02 in chips) 
Seat 3: Vegetarian93 ($5.07 in chips) 
Seat 4: BbIPBu_GLA3 ($3.99 in chips) 
Seat 5: HubertusB ($5.01 in chips) 
Seat 6: easylavandos ($5.49 in chips) 
osfp7john: posts small blind $0.02
Vegetarian93: posts big blind $0.05
*** HOLE CARDS ***
Dealt to HubertusB [2s Jc]
BbIPBu_GLA3: raises $0.10 to $0.15
HubertusB: folds 
easylavandos: folds 
feofeo90: calls $0.15
osfp7john: folds 
Vegetarian93: folds 
*** FLOP *** [7s Kc 3d]
BbIPBu_GLA3: bets $0.25
feofeo90: folds 
Uncalled bet ($0.25) returned to BbIPBu_GLA3
BbIPBu_GLA3 collected $0.35 from pot
BbIPBu_GLA3: doesn't show hand 
*** SUMMARY ***
Total pot $0.37 | Rake $0.02 
Board [7s Kc 3d]
Seat 1: feofeo90 (button) folded on the Flop
Seat 2: osfp7john (small blind) folded before Flop
Seat 3: Vegetarian93 (big blind) folded before Flop
Seat 4: BbIPBu_GLA3 collected ($0.35)
Seat 5: HubertusB folded before Flop (didn't bet)
Seat 6: easylavandos folded before Flop (didn't bet)



PokerStars Zoom Hand #177274891907:  Hold'em No Limit ($0.02/$0.05) - 2017/10/23 19:55:56 CCT [2017/10/23 7:55:56 ET]
Table 'Donati' 6-max Seat #1 is the button
Seat 1: AgaiveS ($2.81 in chips) 
Seat 2: Tchakka-BRA ($5.98 in chips) 
Seat 3: Faustaaaa777 ($2.14 in chips) 
Seat 4: h@st@ baby ($10.62 in chips) 
Seat 5: karanask21 ($4.83 in chips) 
Seat 6: HubertusB ($5.01 in chips) 
Tchakka-BRA: posts small blind $0.02
Faustaaaa777: posts big blind $0.05
*** HOLE CARDS ***
Dealt to HubertusB [3s Ac]
h@st@ baby: folds 
karanask21: raises $0.10 to $0.15
HubertusB: folds 
AgaiveS: raises $0.20 to $0.35
Tchakka-BRA: folds 
Faustaaaa777: folds 
karanask21: calls $0.20
*** FLOP *** [8d 2s 6c]
karanask21: checks 
AgaiveS: bets $0.30
karanask21: folds 
Uncalled bet ($0.30) returned to AgaiveS
AgaiveS collected $0.74 from pot
AgaiveS: doesn't show hand 
*** SUMMARY ***
Total pot $0.77 | Rake $0.03 
Board [8d 2s 6c]
Seat 1: AgaiveS (button) collected ($0.74)
Seat 2: Tchakka-BRA (small blind) folded before Flop
Seat 3: Faustaaaa777 (big blind) folded before Flop
Seat 4: h@st@ baby folded before Flop (didn't bet)
Seat 5: karanask21 folded on the Flop
Seat 6: HubertusB folded before Flop (didn't bet)



PokerStars Zoom Hand #177274898101:  Hold'em No Limit ($0.02/$0.05) - 2017/10/23 19:56:12 CCT [2017/10/23 7:56:12 ET]
Table 'Donati' 6-max Seat #1 is the button
Seat 1: Valerij V.S. ($5.34 in chips) 
Seat 2: Lehi423 ($5.41 in chips) 
Seat 3: LOLO33394 ($4.78 in chips) 
Seat 4: V1rtu()3 ($7.17 in chips) 
Seat 5: M.BLOCH74 ($5 in chips) 
Seat 6: HubertusB ($5.01 in chips) 
Lehi423: posts small blind $0.02
LOLO33394: posts big blind $0.05
*** HOLE CARDS ***
Dealt to HubertusB [5s 5d]
V1rtu()3: folds 
M.BLOCH74: folds 
HubertusB: raises $0.07 to $0.12
Valerij V.S.: folds 
Lehi423: folds 
LOLO33394: calls $0.07
*** FLOP *** [3c Kd 8d]
LOLO33394: checks 
HubertusB: bets $0.15
LOLO33394: calls $0.15
*** TURN *** [3c Kd 8d] [6h]
LOLO33394: checks 
HubertusB: bets $0.35
LOLO33394: calls $0.35
*** RIVER *** [3c Kd 8d 6h] [8s]
LOLO33394: bets $0.85
HubertusB: folds 
Uncalled bet ($0.85) returned to LOLO33394
LOLO33394 collected $1.21 from pot
LOLO33394: doesn't show hand 
*** SUMMARY ***
Total pot $1.26 | Rake $0.05 
Board [3c Kd 8d 6h 8s]
Seat 1: Valerij V.S. (button) folded before Flop (didn't bet)
Seat 2: Lehi423 (small blind) folded before Flop
Seat 3: LOLO33394 (big blind) collected ($1.21)
Seat 4: V1rtu()3 folded before Flop (didn't bet)
Seat 5: M.BLOCH74 folded before Flop (didn't bet)
Seat 6: HubertusB folded on the River



PokerStars Zoom Hand #177274919828:  Hold'em No Limit ($0.02/$0.05) - 2017/10/23 19:57:09 CCT [2017/10/23 7:57:09 ET]
Table 'Donati' 6-max Seat #1 is the button
Seat 1: Oliana88 ($5.54 in chips) 
Seat 2: Ydjin111 ($1.69 in chips) 
Seat 3: HubertusB ($4.39 in chips) 
Seat 4: Inploy ($10.22 in chips) 
Seat 5: ViaraPL ($5.29 in chips) 
Seat 6: sauruman990 ($4.48 in chips) 
Ydjin111: posts small blind $0.02
HubertusB: posts big blind $0.05
*** HOLE CARDS ***
Dealt to HubertusB [Kd 9s]
Inploy: folds 
ViaraPL: folds 
sauruman990: raises $0.07 to $0.12
Oliana88: folds 
Ydjin111: folds 
HubertusB: folds 
Uncalled bet ($0.07) returned to sauruman990
sauruman990 collected $0.12 from pot
sauruman990: doesn't show hand 
*** SUMMARY ***
Total pot $0.12 | Rake $0 
Seat 1: Oliana88 (button) folded before Flop (didn't bet)
Seat 2: Ydjin111 (small blind) folded before Flop
Seat 3: HubertusB (big blind) folded before Flop
Seat 4: Inploy folded before Flop (didn't bet)
Seat 5: ViaraPL folded before Flop (didn't bet)
Seat 6: sauruman990 collected ($0.12)



PokerStars Zoom Hand #177274923239:  Hold'em No Limit ($0.02/$0.05) - 2017/10/23 19:57:18 CCT [2017/10/23 7:57:18 ET]
Table 'Donati' 6-max Seat #1 is the button
Seat 1: prochy1909 ($5 in chips) 
Seat 2: HubertusB ($4.34 in chips) 
Seat 3: Akutagawa ($5.07 in chips) 
Seat 4: nullnullnull ($5.02 in chips) 
Seat 5: Brest 77 ($4.46 in chips) 
Seat 6: AnotherWay11 ($6.78 in chips) 
HubertusB: posts small blind $0.02
Akutagawa: posts big blind $0.05
*** HOLE CARDS ***
Dealt to HubertusB [9s Kd]
nullnullnull: folds 
Brest 77: folds 
AnotherWay11: folds 
prochy1909: raises $0.08 to $0.13
HubertusB: folds 
Akutagawa: folds 
Uncalled bet ($0.08) returned to prochy1909
prochy1909 collected $0.12 from pot
prochy1909: doesn't show hand 
*** SUMMARY ***
Total pot $0.12 | Rake $0 
Seat 1: prochy1909 (button) collected ($0.12)
Seat 2: HubertusB (small blind) folded before Flop
Seat 3: Akutagawa (big blind) folded before Flop
Seat 4: nullnullnull folded before Flop (didn't bet)
Seat 5: Brest 77 folded before Flop (didn't bet)
Seat 6: AnotherWay11 folded before Flop (didn't bet)



PokerStars Zoom Hand #177274925506:  Hold'em No Limit ($0.02/$0.05) - 2017/10/23 19:57:24 CCT [2017/10/23 7:57:24 ET]
Table 'Donati' 6-max Seat #1 is the button
Seat 1: Svirepun ($5.32 in chips) 
Seat 2: luk28757 ($3.42 in chips) 
Seat 3: SergusAA ($6 in chips) 
Seat 4: HubertusB ($4.32 in chips) 
Seat 5: Tchakka-BRA ($6.29 in chips) 
Seat 6: bartneymar ($5.11 in chips) 
luk28757: posts small blind $0.02
SergusAA: posts big blind $0.05
*** HOLE CARDS ***
Dealt to HubertusB [As Ad]
HubertusB: raises $0.10 to $0.15
Tchakka-BRA has timed out
Tchakka-BRA: folds 
bartneymar: folds 
Svirepun: folds 
luk28757: folds 
SergusAA: folds 
Uncalled bet ($0.10) returned to HubertusB
HubertusB collected $0.12 from pot
HubertusB: doesn't show hand 
*** SUMMARY ***
Total pot $0.12 | Rake $0 
Seat 1: Svirepun (button) folded before Flop (didn't bet)
Seat 2: luk28757 (small blind) folded before Flop
Seat 3: SergusAA (big blind) folded before Flop
Seat 4: HubertusB collected ($0.12)
Seat 5: Tchakka-BRA folded before Flop (didn't bet)
Seat 6: bartneymar folded before Flop (didn't bet)



PokerStars Zoom Hand #177274936098:  Hold'em No Limit ($0.02/$0.05) - 2017/10/23 19:57:52 CCT [2017/10/23 7:57:52 ET]
Table 'Donati' 6-max Seat #1 is the button
Seat 1: karanask21 ($6.75 in chips) 
Seat 2: ganryu plop ($5.02 in chips) 
Seat 3: lucluc007 ($1.16 in chips) 
Seat 4: ronnisize ($4.84 in chips) 
Seat 5: HubertusB ($4.39 in chips) 
Seat 6: LLehoczky ($3.48 in chips) 
ganryu plop: posts small blind $0.02
lucluc007: posts big blind $0.05
*** HOLE CARDS ***
Dealt to HubertusB [Js As]
ronnisize: folds 
HubertusB: raises $0.07 to $0.12
LLehoczky: folds 
karanask21: folds 
ganryu plop: folds 
lucluc007: calls $0.07
*** FLOP *** [9c Tc Td]
lucluc007: bets $0.10
HubertusB: calls $0.10
*** TURN *** [9c Tc Td] [Ks]
lucluc007: bets $0.10
HubertusB: calls $0.10
*** RIVER *** [9c Tc Td Ks] [2s]
lucluc007: bets $0.84 and is all-in
HubertusB: folds 
Uncalled bet ($0.84) returned to lucluc007
lucluc007 collected $0.63 from pot
lucluc007: doesn't show hand 
*** SUMMARY ***
Total pot $0.66 | Rake $0.03 
Board [9c Tc Td Ks 2s]
Seat 1: karanask21 (button) folded before Flop (didn't bet)
Seat 2: ganryu plop (small blind) folded before Flop
Seat 3: lucluc007 (big blind) collected ($0.63)
Seat 4: ronnisize folded before Flop (didn't bet)
Seat 5: HubertusB folded on the River
Seat 6: LLehoczky folded before Flop (didn't bet)



PokerStars Zoom Hand #177274962124:  Hold'em No Limit ($0.02/$0.05) - 2017/10/23 19:59:01 CCT [2017/10/23 7:59:01 ET]
Table 'Donati' 6-max Seat #1 is the button
Seat 1: butler992 ($5.57 in chips) 
Seat 2: artemlennon ($5.11 in chips) 
Seat 3: HubertusB ($4.07 in chips) 
Seat 4: evilcharl1 ($11.10 in chips) 
Seat 5: kopatich52 ($4.86 in chips) 
Seat 6: BrunoWolf80 ($5.37 in chips) 
artemlennon: posts small blind $0.02
HubertusB: posts big blind $0.05
*** HOLE CARDS ***
Dealt to HubertusB [5s 2h]
evilcharl1: folds 
kopatich52: raises $0.10 to $0.15
BrunoWolf80: folds 
butler992: folds 
artemlennon: folds 
HubertusB: folds 
Uncalled bet ($0.10) returned to kopatich52
kopatich52 collected $0.12 from pot
kopatich52: doesn't show hand 
*** SUMMARY ***
Total pot $0.12 | Rake $0 
Seat 1: butler992 (button) folded before Flop (didn't bet)
Seat 2: artemlennon (small blind) folded before Flop
Seat 3: HubertusB (big blind) folded before Flop
Seat 4: evilcharl1 folded before Flop (didn't bet)
Seat 5: kopatich52 collected ($0.12)
Seat 6: BrunoWolf80 folded before Flop (didn't bet)



PokerStars Zoom Hand #177274967492:  Hold'em No Limit ($0.02/$0.05) - 2017/10/23 19:59:15 CCT [2017/10/23 7:59:15 ET]
Table 'Donati' 6-max Seat #1 is the button
Seat 1: spliter 27 ($5.08 in chips) 
Seat 2: T0M5T3R ($5.54 in chips) 
Seat 3: leonidsss ($16.27 in chips) 
Seat 4: HubertusB ($4.02 in chips) 
Seat 5: Brest 77 ($2.58 in chips) 
Seat 6: Saratushtra ($7.07 in chips) 
T0M5T3R: posts small blind $0.02
leonidsss: posts big blind $0.05
*** HOLE CARDS ***
Dealt to HubertusB [8s 8c]
HubertusB: raises $0.10 to $0.15
Brest 77: folds 
Saratushtra: folds 
spliter 27: folds 
T0M5T3R: folds 
leonidsss: folds 
Uncalled bet ($0.10) returned to HubertusB
HubertusB collected $0.12 from pot
HubertusB: doesn't show hand 
*** SUMMARY ***
Total pot $0.12 | Rake $0 
Seat 1: spliter 27 (button) folded before Flop (didn't bet)
Seat 2: T0M5T3R (small blind) folded before Flop
Seat 3: leonidsss (big blind) folded before Flop
Seat 4: HubertusB collected ($0.12)
Seat 5: Brest 77 folded before Flop (didn't bet)
Seat 6: Saratushtra folded before Flop (didn't bet)



PokerStars Zoom Hand #177274960237:  Hold'em No Limit ($0.02/$0.05) - 2017/10/23 19:58:56 CCT [2017/10/23 7:58:56 ET]
Table 'Donati' 6-max Seat #1 is the button
Seat 1: Novaa3 ($12.62 in chips) 
Seat 2: oOMWMOo ($5 in chips) 
Seat 3: jingisukan ($5.52 in chips) 
Seat 4: HubertusB ($4.07 in chips) 
Seat 5: sauruman990 ($7.12 in chips) 
Seat 6: P0KERB0Y ($5 in chips) 
oOMWMOo: posts small blind $0.02
jingisukan: posts big blind $0.05
*** HOLE CARDS ***
Dealt to HubertusB [8c 2s]
HubertusB: folds 
sauruman990: folds 
P0KERB0Y: raises $0.07 to $0.12
Novaa3: folds 
oOMWMOo: raises $0.17 to $0.29
jingisukan: folds 
P0KERB0Y: calls $0.17
*** FLOP *** [Ks 4c Kd]
oOMWMOo: checks 
P0KERB0Y: checks 
*** TURN *** [Ks 4c Kd] [5h]
oOMWMOo: bets $0.25
P0KERB0Y: folds 
Uncalled bet ($0.25) returned to oOMWMOo
oOMWMOo collected $0.60 from pot
oOMWMOo: doesn't show hand 
*** SUMMARY ***
Total pot $0.63 | Rake $0.03 
Board [Ks 4c Kd 5h]
Seat 1: Novaa3 (button) folded before Flop (didn't bet)
Seat 2: oOMWMOo (small blind) collected ($0.60)
Seat 3: jingisukan (big blind) folded before Flop
Seat 4: HubertusB folded before Flop (didn't bet)
Seat 5: sauruman990 folded before Flop (didn't bet)
Seat 6: P0KERB0Y folded on the Turn



PokerStars Zoom Hand #177274975551:  Hold'em No Limit ($0.02/$0.05) - 2017/10/23 19:59:36 CCT [2017/10/23 7:59:36 ET]
Table 'Donati' 6-max Seat #1 is the button
Seat 1: P0KERB0Y ($5 in chips) 
Seat 2: HubertusB ($4.04 in chips) 
Seat 3: k1v0k ($5.72 in chips) 
Seat 4: wibiggi ($4.45 in chips) 
Seat 5: h@st@ baby ($11.21 in chips) 
Seat 6: weeeqa ($5.09 in chips) 
HubertusB: posts small blind $0.02
k1v0k: posts big blind $0.05
*** HOLE CARDS ***
Dealt to HubertusB [Tc 2c]
wibiggi: folds 
h@st@ baby: folds 
weeeqa: folds 
P0KERB0Y: folds 
HubertusB: folds 
Uncalled bet ($0.03) returned to k1v0k
k1v0k collected $0.04 from pot
k1v0k: doesn't show hand 
*** SUMMARY ***
Total pot $0.04 | Rake $0 
Seat 1: P0KERB0Y (button) folded before Flop (didn't bet)
Seat 2: HubertusB (small blind) folded before Flop
Seat 3: k1v0k (big blind) collected ($0.04)
Seat 4: wibiggi folded before Flop (didn't bet)
Seat 5: h@st@ baby folded before Flop (didn't bet)
Seat 6: weeeqa folded before Flop (didn't bet)



PokerStars Zoom Hand #177274972464:  Hold'em No Limit ($0.02/$0.05) - 2017/10/23 19:59:28 CCT [2017/10/23 7:59:28 ET]
Table 'Donati' 6-max Seat #1 is the button
Seat 1: Draber06 ($5.06 in chips) 
Seat 2: Exclusive394 ($8.60 in chips) 
Seat 3: HubertusB ($4.09 in chips) 
Seat 4: couchmichel ($7 in chips) 
Seat 5: fzjy ($4.06 in chips) 
Seat 6: Supamaggie ($14.57 in chips) 
Exclusive394: posts small blind $0.02
HubertusB: posts big blind $0.05
*** HOLE CARDS ***
Dealt to HubertusB [7c 8d]
couchmichel: folds 
fzjy: folds 
Supamaggie: folds 
Draber06: raises $0.07 to $0.12
Exclusive394: raises $0.44 to $0.56
HubertusB: folds 
Draber06: calls $0.44
*** FLOP *** [5s Jh 7h]
Exclusive394: bets $0.80
Draber06: folds 
Uncalled bet ($0.80) returned to Exclusive394
Exclusive394 collected $1.12 from pot
Exclusive394: doesn't show hand 
*** SUMMARY ***
Total pot $1.17 | Rake $0.05 
Board [5s Jh 7h]
Seat 1: Draber06 (button) folded on the Flop
Seat 2: Exclusive394 (small blind) collected ($1.12)
Seat 3: HubertusB (big blind) folded before Flop
Seat 4: couchmichel folded before Flop (didn't bet)
Seat 5: fzjy folded before Flop (didn't bet)
Seat 6: Supamaggie folded before Flop (didn't bet)



PokerStars Zoom Hand #177274978956:  Hold'em No Limit ($0.02/$0.05) - 2017/10/23 19:59:45 CCT [2017/10/23 7:59:45 ET]
Table 'Donati' 6-max Seat #1 is the button
Seat 1: HubertusB ($4.02 in chips) 
Seat 2: Akutagawa ($6.28 in chips) 
Seat 3: Amigo113 ($8.23 in chips) 
Seat 4: vasyadyndy ($5 in chips) 
Seat 5: FarFromFish ($16.50 in chips) 
Seat 6: eriunios ($5 in chips) 
Akutagawa: posts small blind $0.02
Amigo113: posts big blind $0.05
*** HOLE CARDS ***
Dealt to HubertusB [2s 6s]
vasyadyndy: folds 
FarFromFish: folds 
eriunios: folds 
HubertusB: folds 
Akutagawa: raises $0.07 to $0.12
Amigo113: raises $0.33 to $0.45
Akutagawa: folds 
Uncalled bet ($0.33) returned to Amigo113
Amigo113 collected $0.24 from pot
Amigo113: doesn't show hand 
*** SUMMARY ***
Total pot $0.24 | Rake $0 
Seat 1: HubertusB (button) folded before Flop (didn't bet)
Seat 2: Akutagawa (small blind) folded before Flop
Seat 3: Amigo113 (big blind) collected ($0.24)
Seat 4: vasyadyndy folded before Flop (didn't bet)
Seat 5: FarFromFish folded before Flop (didn't bet)
Seat 6: eriunios folded before Flop (didn't bet)



PokerStars Zoom Hand #177274985862:  Hold'em No Limit ($0.02/$0.05) - 2017/10/23 20:00:03 CCT [2017/10/23 8:00:03 ET]
Table 'Donati' 6-max Seat #1 is the button
Seat 1: keenakeena73 ($4.99 in chips) 
Seat 2: Silencer91 ($5 in chips) 
Seat 3: Svirepun ($5.98 in chips) 
Seat 4: Tchakka-BRA ($5.41 in chips) 
Seat 5: T0M5T3R ($6.20 in chips) 
Seat 6: HubertusB ($4.02 in chips) 
Silencer91: posts small blind $0.02
Svirepun: posts big blind $0.05
*** HOLE CARDS ***
Dealt to HubertusB [9s 8c]
Tchakka-BRA: folds 
T0M5T3R: folds 
HubertusB: raises $0.10 to $0.15
keenakeena73: folds 
Silencer91: folds 
Svirepun: folds 
Uncalled bet ($0.10) returned to HubertusB
HubertusB collected $0.12 from pot
HubertusB: doesn't show hand 
*** SUMMARY ***
Total pot $0.12 | Rake $0 
Seat 1: keenakeena73 (button) folded before Flop (didn't bet)
Seat 2: Silencer91 (small blind) folded before Flop
Seat 3: Svirepun (big blind) folded before Flop
Seat 4: Tchakka-BRA folded before Flop (didn't bet)
Seat 5: T0M5T3R folded before Flop (didn't bet)
Seat 6: HubertusB collected ($0.12)



PokerStars Zoom Hand #177274991349:  Hold'em No Limit ($0.02/$0.05) - 2017/10/23 20:00:17 CCT [2017/10/23 8:00:17 ET]
Table 'Donati' 6-max Seat #1 is the button
Seat 1: HubertusB ($4.09 in chips) 
Seat 2: TXHzombie99 ($5.20 in chips) 
Seat 3: eriunios ($5.12 in chips) 
Seat 4: Oliana88 ($7.35 in chips) 
Seat 5: zz3826638 ($5.54 in chips) 
Seat 6: Luckerly ($12.08 in chips) 
TXHzombie99: posts small blind $0.02
eriunios: posts big blind $0.05
*** HOLE CARDS ***
Dealt to HubertusB [Jd Qd]
Oliana88: folds 
zz3826638: folds 
Luckerly: folds 
HubertusB: raises $0.10 to $0.15
TXHzombie99: folds 
eriunios: calls $0.10
*** FLOP *** [3h 4h 6s]
eriunios: checks 
HubertusB: bets $0.17
eriunios: calls $0.17
*** TURN *** [3h 4h 6s] [5s]
eriunios: checks 
HubertusB: checks 
*** RIVER *** [3h 4h 6s 5s] [7c]
eriunios: checks 
HubertusB: checks 
*** SHOW DOWN ***
eriunios: shows [7s Ad] (a straight, Three to Seven)
HubertusB: shows [Jd Qd] (a straight, Three to Seven)
eriunios collected $0.32 from pot
HubertusB collected $0.31 from pot
*** SUMMARY ***
Total pot $0.66 | Rake $0.03 
Board [3h 4h 6s 5s 7c]
Seat 1: HubertusB (button) showed [Jd Qd] and won ($0.31) with a straight, Three to Seven
Seat 2: TXHzombie99 (small blind) folded before Flop
Seat 3: eriunios (big blind) showed [7s Ad] and won ($0.32) with a straight, Three to Seven
Seat 4: Oliana88 folded before Flop (didn't bet)
Seat 5: zz3826638 folded before Flop (didn't bet)
Seat 6: Luckerly folded before Flop (didn't bet)



PokerStars Zoom Hand #177275006889:  Hold'em No Limit ($0.02/$0.05) - 2017/10/23 20:00:56 CCT [2017/10/23 8:00:56 ET]
Table 'Donati' 6-max Seat #1 is the button
Seat 1: sh1p1t0bv ($5.61 in chips) 
Seat 2: oleggarrich ($4.88 in chips) 
Seat 3: jingisukan ($5.61 in chips) 
Seat 4: nullnullnull ($5.43 in chips) 
Seat 5: LIghtsout856 ($5.56 in chips) 
Seat 6: HubertusB ($4.08 in chips) 
oleggarrich: posts small blind $0.02
jingisukan: posts big blind $0.05
*** HOLE CARDS ***
Dealt to HubertusB [As 2c]
nullnullnull: folds 
LIghtsout856: folds 
HubertusB: folds 
sh1p1t0bv: raises $0.10 to $0.15
oleggarrich: folds 
jingisukan: folds 
Uncalled bet ($0.10) returned to sh1p1t0bv
sh1p1t0bv collected $0.12 from pot
sh1p1t0bv: doesn't show hand 
*** SUMMARY ***
Total pot $0.12 | Rake $0 
Seat 1: sh1p1t0bv (button) collected ($0.12)
Seat 2: oleggarrich (small blind) folded before Flop
Seat 3: jingisukan (big blind) folded before Flop
Seat 4: nullnullnull folded before Flop (didn't bet)
Seat 5: LIghtsout856 folded before Flop (didn't bet)
Seat 6: HubertusB folded before Flop (didn't bet)



PokerStars Zoom Hand #177275011038:  Hold'em No Limit ($0.02/$0.05) - 2017/10/23 20:01:06 CCT [2017/10/23 8:01:06 ET]
Table 'Donati' 6-max Seat #1 is the button
Seat 1: Lady.Lyck ($5 in chips) 
Seat 2: HubertusB ($4.08 in chips) 
Seat 3: nnbook ($6.23 in chips) 
Seat 4: fzjy ($4.41 in chips) 
Seat 5: bohdanovitch ($5.84 in chips) 
Seat 6: GerSchwa ($7.96 in chips) 
HubertusB: posts small blind $0.02
nnbook: posts big blind $0.05
*** HOLE CARDS ***
Dealt to HubertusB [5h 4d]
fzjy: raises $0.07 to $0.12
bohdanovitch: folds 
GerSchwa: folds 
Lady.Lyck: folds 
HubertusB: folds 
nnbook: folds 
Uncalled bet ($0.07) returned to fzjy
fzjy collected $0.12 from pot
fzjy: doesn't show hand 
*** SUMMARY ***
Total pot $0.12 | Rake $0 
Seat 1: Lady.Lyck (button) folded before Flop (didn't bet)
Seat 2: HubertusB (small blind) folded before Flop
Seat 3: nnbook (big blind) folded before Flop
Seat 4: fzjy collected ($0.12)
Seat 5: bohdanovitch folded before Flop (didn't bet)
Seat 6: GerSchwa folded before Flop (didn't bet)



PokerStars Zoom Hand #177275013151:  Hold'em No Limit ($0.02/$0.05) - 2017/10/23 20:01:11 CCT [2017/10/23 8:01:11 ET]
Table 'Donati' 6-max Seat #1 is the button
Seat 1: MicroLocoNL ($7.10 in chips) 
Seat 2: Dennybm ($5 in chips) 
Seat 3: frydodido ($5.05 in chips) 
Seat 4: HubertusB ($4.06 in chips) 
Seat 5: juliya22.132 ($7.32 in chips) 
Seat 6: Bessarabka ($2.81 in chips) 
Dennybm: posts small blind $0.02
frydodido: posts big blind $0.05
*** HOLE CARDS ***
Dealt to HubertusB [2h Ah]
HubertusB: folds 
juliya22.132: folds 
Bessarabka: folds 
MicroLocoNL: folds 
Dennybm: folds 
Uncalled bet ($0.03) returned to frydodido
frydodido collected $0.04 from pot
frydodido: doesn't show hand 
*** SUMMARY ***
Total pot $0.04 | Rake $0 
Seat 1: MicroLocoNL (button) folded before Flop (didn't bet)
Seat 2: Dennybm (small blind) folded before Flop
Seat 3: frydodido (big blind) collected ($0.04)
Seat 4: HubertusB folded before Flop (didn't bet)
Seat 5: juliya22.132 folded before Flop (didn't bet)
Seat 6: Bessarabka folded before Flop (didn't bet)



PokerStars Zoom Hand #177275015229:  Hold'em No Limit ($0.02/$0.05) - 2017/10/23 20:01:16 CCT [2017/10/23 8:01:16 ET]
Table 'Donati' 6-max Seat #1 is the button
Seat 1: brazerOK ($3.79 in chips) 
Seat 2: GerSchwa ($12.06 in chips) 
Seat 3: MicroLocoNL ($7.10 in chips) 
Seat 4: petr 131313 ($7.34 in chips) 
Seat 5: HubertusB ($4.06 in chips) 
Seat 6: AndreiV34rus ($10.40 in chips) 
GerSchwa: posts small blind $0.02
MicroLocoNL: posts big blind $0.05
*** HOLE CARDS ***
Dealt to HubertusB [9c 3d]
petr 131313: folds 
HubertusB: folds 
AndreiV34rus: folds 
brazerOK: raises $0.10 to $0.15
GerSchwa: folds 
MicroLocoNL: folds 
Uncalled bet ($0.10) returned to brazerOK
brazerOK collected $0.12 from pot
brazerOK: doesn't show hand 
*** SUMMARY ***
Total pot $0.12 | Rake $0 
Seat 1: brazerOK (button) collected ($0.12)
Seat 2: GerSchwa (small blind) folded before Flop
Seat 3: MicroLocoNL (big blind) folded before Flop
Seat 4: petr 131313 folded before Flop (didn't bet)
Seat 5: HubertusB folded before Flop (didn't bet)
Seat 6: AndreiV34rus folded before Flop (didn't bet)



PokerStars Zoom Hand #177275008990:  Hold'em No Limit ($0.02/$0.05) - 2017/10/23 20:01:01 CCT [2017/10/23 8:01:01 ET]
Table 'Donati' 6-max Seat #1 is the button
Seat 1: Diso182 ($5 in chips) 
Seat 2: zugunder11 ($4.54 in chips) 
Seat 3: Jape60 ($11.89 in chips) 
Seat 4: SergusAA ($6.82 in chips) 
Seat 5: HubertusB ($4.08 in chips) 
Seat 6: galkaDe ($6.64 in chips) 
zugunder11: posts small blind $0.02
Jape60: posts big blind $0.05
*** HOLE CARDS ***
Dealt to HubertusB [Qd 3h]
SergusAA: raises $0.10 to $0.15
HubertusB: folds 
galkaDe: calls $0.15
Diso182: folds 
zugunder11: folds 
Jape60: folds 
*** FLOP *** [Ah 8h Ks]
SergusAA: bets $0.23
galkaDe: calls $0.23
*** TURN *** [Ah 8h Ks] [8c]
SergusAA: bets $0.53
galkaDe: calls $0.53
*** RIVER *** [Ah 8h Ks 8c] [3d]
SergusAA: bets $1.21
galkaDe: folds 
Uncalled bet ($1.21) returned to SergusAA
SergusAA collected $1.81 from pot
SergusAA: doesn't show hand 
*** SUMMARY ***
Total pot $1.89 | Rake $0.08 
Board [Ah 8h Ks 8c 3d]
Seat 1: Diso182 (button) folded before Flop (didn't bet)
Seat 2: zugunder11 (small blind) folded before Flop
Seat 3: Jape60 (big blind) folded before Flop
Seat 4: SergusAA collected ($1.81)
Seat 5: HubertusB folded before Flop (didn't bet)
Seat 6: galkaDe folded on the River



PokerStars Zoom Hand #177275018216:  Hold'em No Limit ($0.02/$0.05) - 2017/10/23 20:01:23 CCT [2017/10/23 8:01:23 ET]
Table 'Donati' 6-max Seat #1 is the button
Seat 1: HubertusB ($4.06 in chips) 
Seat 2: Lehi423 ($5 in chips) 
Seat 3: Bendiger555 ($8.92 in chips) 
Seat 4: Bossnia007 ($5.71 in chips) 
Seat 5: DeadKiriyama ($5.42 in chips) 
Seat 6: Dennybm ($9.39 in chips) 
Lehi423: posts small blind $0.02
Bendiger555: posts big blind $0.05
*** HOLE CARDS ***
Dealt to HubertusB [5s 3s]
Bossnia007: folds 
DeadKiriyama: folds 
Dennybm: folds 
HubertusB: raises $0.07 to $0.12
Lehi423: folds 
Bendiger555: raises $0.43 to $0.55
HubertusB: folds 
Uncalled bet ($0.43) returned to Bendiger555
Bendiger555 collected $0.26 from pot
Bendiger555: doesn't show hand 
*** SUMMARY ***
Total pot $0.26 | Rake $0 
Seat 1: HubertusB (button) folded before Flop
Seat 2: Lehi423 (small blind) folded before Flop
Seat 3: Bendiger555 (big blind) collected ($0.26)
Seat 4: Bossnia007 folded before Flop (didn't bet)
Seat 5: DeadKiriyama folded before Flop (didn't bet)
Seat 6: Dennybm folded before Flop (didn't bet)



PokerStars Zoom Hand #177275031912:  Hold'em No Limit ($0.02/$0.05) - 2017/10/23 20:01:56 CCT [2017/10/23 8:01:56 ET]
Table 'Donati' 6-max Seat #1 is the button
Seat 1: Tomirlan8 ($5.79 in chips) 
Seat 2: HubertusB ($3.89 in chips) 
Seat 3: P0KERB0Y ($12.29 in chips) 
Seat 4: OnlyTop0 ($2.53 in chips) 
Seat 5: Siarzis ($5.60 in chips) 
Seat 6: Aaleks111 ($5.37 in chips) 
HubertusB: posts small blind $0.02
P0KERB0Y: posts big blind $0.05
*** HOLE CARDS ***
Dealt to HubertusB [9d Ah]
OnlyTop0: folds 
Siarzis: folds 
Aaleks111: folds 
Tomirlan8: raises $0.05 to $0.10
HubertusB: folds 
P0KERB0Y: folds 
Uncalled bet ($0.05) returned to Tomirlan8
Tomirlan8 collected $0.12 from pot
Tomirlan8: doesn't show hand 
*** SUMMARY ***
Total pot $0.12 | Rake $0 
Seat 1: Tomirlan8 (button) collected ($0.12)
Seat 2: HubertusB (small blind) folded before Flop
Seat 3: P0KERB0Y (big blind) folded before Flop
Seat 4: OnlyTop0 folded before Flop (didn't bet)
Seat 5: Siarzis folded before Flop (didn't bet)
Seat 6: Aaleks111 folded before Flop (didn't bet)



PokerStars Zoom Hand #177275034498:  Hold'em No Limit ($0.02/$0.05) - 2017/10/23 20:02:02 CCT [2017/10/23 8:02:02 ET]
Table 'Donati' 6-max Seat #1 is the button
Seat 1: T0M5T3R ($5.39 in chips) 
Seat 2: babay77744 ($10.72 in chips) 
Seat 3: freeman 1333 ($6.09 in chips) 
Seat 4: HubertusB ($3.87 in chips) 
Seat 5: luk28757 ($1.61 in chips) 
Seat 6: GamblerWW ($5.15 in chips) 
babay77744: posts small blind $0.02
freeman 1333: posts big blind $0.05
*** HOLE CARDS ***
Dealt to HubertusB [4c Jh]
HubertusB: folds 
luk28757: folds 
GamblerWW: folds 
T0M5T3R: raises $0.10 to $0.15
babay77744: folds 
freeman 1333: folds 
Uncalled bet ($0.10) returned to T0M5T3R
T0M5T3R collected $0.12 from pot
T0M5T3R: doesn't show hand 
*** SUMMARY ***
Total pot $0.12 | Rake $0 
Seat 1: T0M5T3R (button) collected ($0.12)
Seat 2: babay77744 (small blind) folded before Flop
Seat 3: freeman 1333 (big blind) folded before Flop
Seat 4: HubertusB folded before Flop (didn't bet)
Seat 5: luk28757 folded before Flop (didn't bet)
Seat 6: GamblerWW folded before Flop (didn't bet)



PokerStars Zoom Hand #177275029447:  Hold'em No Limit ($0.02/$0.05) - 2017/10/23 20:01:50 CCT [2017/10/23 8:01:50 ET]
Table 'Donati' 6-max Seat #1 is the button
Seat 1: MrVitmal ($4.02 in chips) 
Seat 2: LIghtsout856 ($6.40 in chips) 
Seat 3: HubertusB ($3.94 in chips) 
Seat 4: MrSuperior ($3.59 in chips) 
Seat 5: Draber06 ($6.26 in chips) 
Seat 6: Faustaaaa777 ($2.58 in chips) 
LIghtsout856: posts small blind $0.02
HubertusB: posts big blind $0.05
*** HOLE CARDS ***
Dealt to HubertusB [2h 5h]
MrSuperior: raises $0.10 to $0.15
Draber06: folds 
Faustaaaa777: folds 
MrVitmal: calls $0.15
LIghtsout856: calls $0.13
HubertusB: folds 
*** FLOP *** [9d Jc 4d]
LIghtsout856: checks 
MrSuperior: checks 
MrVitmal: checks 
*** TURN *** [9d Jc 4d] [7h]
LIghtsout856: checks 
MrSuperior: checks 
MrVitmal: bets $0.25
LIghtsout856: folds 
MrSuperior: folds 
Uncalled bet ($0.25) returned to MrVitmal
MrVitmal collected $0.48 from pot
MrVitmal: doesn't show hand 
*** SUMMARY ***
Total pot $0.50 | Rake $0.02 
Board [9d Jc 4d 7h]
Seat 1: MrVitmal (button) collected ($0.48)
Seat 2: LIghtsout856 (small blind) folded on the Turn
Seat 3: HubertusB (big blind) folded before Flop
Seat 4: MrSuperior folded on the Turn
Seat 5: Draber06 folded before Flop (didn't bet)
Seat 6: Faustaaaa777 folded before Flop (didn't bet)



PokerStars Zoom Hand #177281807546:  Hold'em No Limit ($0.02/$0.05) - 2017/10/23 23:37:49 CCT [2017/10/23 11:37:49 ET]
Table 'Donati' 6-max Seat #1 is the button
Seat 1: hlaek ($5.63 in chips) 
Seat 2: xSNVx ($8.10 in chips) 
Seat 3: HubertusB ($5 in chips) 
Seat 4: kevincase281 ($6.75 in chips) 
Seat 5: Fedor199191 ($6.91 in chips) 
Seat 6: Hoxt0n ($11.10 in chips) 
xSNVx: posts small blind $0.02
HubertusB: posts big blind $0.05
*** HOLE CARDS ***
Dealt to HubertusB [Qs 3c]
kevincase281: raises $0.10 to $0.15
Fedor199191: folds 
Hoxt0n: folds 
hlaek: folds 
xSNVx: folds 
HubertusB: folds 
Uncalled bet ($0.10) returned to kevincase281
kevincase281 collected $0.12 from pot
kevincase281: doesn't show hand 
*** SUMMARY ***
Total pot $0.12 | Rake $0 
Seat 1: hlaek (button) folded before Flop (didn't bet)
Seat 2: xSNVx (small blind) folded before Flop
Seat 3: HubertusB (big blind) folded before Flop
Seat 4: kevincase281 collected ($0.12)
Seat 5: Fedor199191 folded before Flop (didn't bet)
Seat 6: Hoxt0n folded before Flop (didn't bet)



