PokerStars Zoom Hand #186956027938:  Hold'em No Limit ($0.02/$0.05) - 2018/05/28 21:41:08 CCT [2018/05/28 9:41:08 ET]
Table 'Donati' 6-max Seat #1 is the button
Seat 1: ProjetRed ($5.55 in chips) 
Seat 2: born8sleepy ($5.60 in chips) 
Seat 3: HubertusB ($5 in chips) 
Seat 4: Peter10Pan ($5.07 in chips) 
Seat 5: GlamKudes ($5.54 in chips) 
Seat 6: T4NK.nl ($5.25 in chips) 
born8sleepy: posts small blind $0.02
HubertusB: posts big blind $0.05
*** HOLE CARDS ***
Dealt to HubertusB [7h 2s]
Peter10Pan: folds 
GlamKudes: folds 
T4NK.nl: folds 
ProjetRed: raises $0.07 to $0.12
born8sleepy: folds 
HubertusB: folds 
Uncalled bet ($0.07) returned to ProjetRed
ProjetRed collected $0.12 from pot
ProjetRed: doesn't show hand 
*** SUMMARY ***
Total pot $0.12 | Rake $0 
Seat 1: ProjetRed (button) collected ($0.12)
Seat 2: born8sleepy (small blind) folded before Flop
Seat 3: HubertusB (big blind) folded before Flop
Seat 4: Peter10Pan folded before Flop (didn't bet)
Seat 5: GlamKudes folded before Flop (didn't bet)
Seat 6: T4NK.nl folded before Flop (didn't bet)



PokerStars Zoom Hand #186956035201:  Hold'em No Limit ($0.02/$0.05) - 2018/05/28 21:41:24 CCT [2018/05/28 9:41:24 ET]
Table 'Donati' 6-max Seat #1 is the button
Seat 1: zanderalek ($5.08 in chips) 
Seat 2: HubertusB ($4.95 in chips) 
Seat 3: Pho0n ($8.67 in chips) 
Seat 4: Restorm1 ($5.61 in chips) 
Seat 5: 3blessings ($7.59 in chips) 
Seat 6: foster556210 ($5 in chips) 
HubertusB: posts small blind $0.02
Pho0n: posts big blind $0.05
*** HOLE CARDS ***
Dealt to HubertusB [3c 4d]
Restorm1: folds 
3blessings: folds 
foster556210: raises $0.10 to $0.15
zanderalek: folds 
HubertusB: folds 
Pho0n: folds 
Uncalled bet ($0.10) returned to foster556210
foster556210 collected $0.12 from pot
foster556210: doesn't show hand 
*** SUMMARY ***
Total pot $0.12 | Rake $0 
Seat 1: zanderalek (button) folded before Flop (didn't bet)
Seat 2: HubertusB (small blind) folded before Flop
Seat 3: Pho0n (big blind) folded before Flop
Seat 4: Restorm1 folded before Flop (didn't bet)
Seat 5: 3blessings folded before Flop (didn't bet)
Seat 6: foster556210 collected ($0.12)



PokerStars Zoom Hand #186956039831:  Hold'em No Limit ($0.02/$0.05) - 2018/05/28 21:41:34 CCT [2018/05/28 9:41:34 ET]
Table 'Donati' 6-max Seat #1 is the button
Seat 1: scotseng ($5.24 in chips) 
Seat 2: Dimoni797979 ($3.97 in chips) 
Seat 3: jkru005 ($5 in chips) 
Seat 4: progre$$or ($7.44 in chips) 
Seat 5: HubertusB ($4.93 in chips) 
Seat 6: vamtytnetam ($19.90 in chips) 
Dimoni797979: posts small blind $0.02
jkru005: posts big blind $0.05
*** HOLE CARDS ***
Dealt to HubertusB [Kd 3c]
progre$$or: folds 
HubertusB: folds 
vamtytnetam: folds 
scotseng: raises $0.05 to $0.10
Dimoni797979: folds 
jkru005: folds 
Uncalled bet ($0.05) returned to scotseng
scotseng collected $0.12 from pot
scotseng: doesn't show hand 
*** SUMMARY ***
Total pot $0.12 | Rake $0 
Seat 1: scotseng (button) collected ($0.12)
Seat 2: Dimoni797979 (small blind) folded before Flop
Seat 3: jkru005 (big blind) folded before Flop
Seat 4: progre$$or folded before Flop (didn't bet)
Seat 5: HubertusB folded before Flop (didn't bet)
Seat 6: vamtytnetam folded before Flop (didn't bet)



PokerStars Zoom Hand #186956052662:  Hold'em No Limit ($0.02/$0.05) - 2018/05/28 21:42:02 CCT [2018/05/28 9:42:02 ET]
Table 'Donati' 6-max Seat #1 is the button
Seat 1: TiKovKa ($10.64 in chips) 
Seat 2: HubertusB ($4.93 in chips) 
Seat 3: @bob1977503 ($7.70 in chips) 
Seat 4: Nachrichterh ($5 in chips) 
Seat 5: kfcsekirata ($7.40 in chips) 
Seat 6: antonull ($5 in chips) 
HubertusB: posts small blind $0.02
@bob1977503: posts big blind $0.05
*** HOLE CARDS ***
Dealt to HubertusB [7d 5c]
Nachrichterh: folds 
kfcsekirata: folds 
antonull: folds 
TiKovKa: folds 
HubertusB: folds 
Uncalled bet ($0.03) returned to @bob1977503
@bob1977503 collected $0.04 from pot
@bob1977503: doesn't show hand 
*** SUMMARY ***
Total pot $0.04 | Rake $0 
Seat 1: TiKovKa (button) folded before Flop (didn't bet)
Seat 2: HubertusB (small blind) folded before Flop
Seat 3: @bob1977503 (big blind) collected ($0.04)
Seat 4: Nachrichterh folded before Flop (didn't bet)
Seat 5: kfcsekirata folded before Flop (didn't bet)
Seat 6: antonull folded before Flop (didn't bet)



PokerStars Zoom Hand #186956043001:  Hold'em No Limit ($0.02/$0.05) - 2018/05/28 21:41:41 CCT [2018/05/28 9:41:41 ET]
Table 'Donati' 6-max Seat #1 is the button
Seat 1: HubertusB ($4.93 in chips) 
Seat 2: LQ Wu ($10 in chips) 
Seat 3: maskishow4f ($5.33 in chips) 
Seat 4: kaype ($4.73 in chips) 
Seat 5: Tajesitus ($7.68 in chips) 
Seat 6: Patojenajlepsi ($5.59 in chips) 
LQ Wu: posts small blind $0.02
maskishow4f: posts big blind $0.05
*** HOLE CARDS ***
Dealt to HubertusB [Td 4s]
kaype: folds 
Tajesitus: folds 
Patojenajlepsi: raises $0.10 to $0.15
HubertusB: folds 
LQ Wu: folds 
maskishow4f: calls $0.10
*** FLOP *** [6h 5d 3s]
maskishow4f: checks 
Patojenajlepsi: checks 
*** TURN *** [6h 5d 3s] [5h]
maskishow4f: bets $0.23
Patojenajlepsi: calls $0.23
*** RIVER *** [6h 5d 3s 5h] [3d]
maskishow4f: bets $0.41
Patojenajlepsi: folds 
Uncalled bet ($0.41) returned to maskishow4f
maskishow4f collected $0.75 from pot
maskishow4f: doesn't show hand 
*** SUMMARY ***
Total pot $0.78 | Rake $0.03 
Board [6h 5d 3s 5h 3d]
Seat 1: HubertusB (button) folded before Flop (didn't bet)
Seat 2: LQ Wu (small blind) folded before Flop
Seat 3: maskishow4f (big blind) collected ($0.75)
Seat 4: kaype folded before Flop (didn't bet)
Seat 5: Tajesitus folded before Flop (didn't bet)
Seat 6: Patojenajlepsi folded on the River



PokerStars Zoom Hand #186956057781:  Hold'em No Limit ($0.02/$0.05) - 2018/05/28 21:42:13 CCT [2018/05/28 9:42:13 ET]
Table 'Donati' 6-max Seat #1 is the button
Seat 1: HubertusB ($4.91 in chips) 
Seat 2: Setapouch ($5 in chips) 
Seat 3: oderint73 ($8.71 in chips) 
Seat 4: Kava_V ($4.74 in chips) 
Seat 5: Fighter485 ($5.02 in chips) 
Seat 6: jorge1145 ($5.09 in chips) 
Setapouch: posts small blind $0.02
oderint73: posts big blind $0.05
*** HOLE CARDS ***
Dealt to HubertusB [Kc 3h]
Kava_V: folds 
Fighter485: folds 
jorge1145: raises $0.07 to $0.12
HubertusB: folds 
Setapouch: folds 
oderint73: folds 
Uncalled bet ($0.07) returned to jorge1145
jorge1145 collected $0.12 from pot
jorge1145: doesn't show hand 
*** SUMMARY ***
Total pot $0.12 | Rake $0 
Seat 1: HubertusB (button) folded before Flop (didn't bet)
Seat 2: Setapouch (small blind) folded before Flop
Seat 3: oderint73 (big blind) folded before Flop
Seat 4: Kava_V folded before Flop (didn't bet)
Seat 5: Fighter485 folded before Flop (didn't bet)
Seat 6: jorge1145 collected ($0.12)



PokerStars Zoom Hand #186956049945:  Hold'em No Limit ($0.02/$0.05) - 2018/05/28 21:41:56 CCT [2018/05/28 9:41:56 ET]
Table 'Donati' 6-max Seat #1 is the button
Seat 1: andthewest ($5.62 in chips) 
Seat 2: hate rocha ($10.16 in chips) 
Seat 3: oleg777886 ($5.40 in chips) 
Seat 4: ninobel88 ($5.30 in chips) 
Seat 5: ProjetRed ($5 in chips) 
Seat 6: HubertusB ($4.93 in chips) 
hate rocha: posts small blind $0.02
oleg777886: posts big blind $0.05
*** HOLE CARDS ***
Dealt to HubertusB [Jd 2c]
ninobel88: folds 
ProjetRed: folds 
HubertusB: folds 
andthewest: raises $0.10 to $0.15
hate rocha: folds 
oleg777886: calls $0.10
*** FLOP *** [6h 9d Tc]
oleg777886: checks 
andthewest: checks 
*** TURN *** [6h 9d Tc] [Ah]
oleg777886: checks 
andthewest: bets $0.16
oleg777886: calls $0.16
*** RIVER *** [6h 9d Tc Ah] [3s]
oleg777886: checks 
andthewest: checks 
*** SHOW DOWN ***
oleg777886: shows [Qh Ac] (a pair of Aces)
andthewest: mucks hand 
oleg777886 collected $0.61 from pot
*** SUMMARY ***
Total pot $0.64 | Rake $0.03 
Board [6h 9d Tc Ah 3s]
Seat 1: andthewest (button) mucked [Kd Jh]
Seat 2: hate rocha (small blind) folded before Flop
Seat 3: oleg777886 (big blind) showed [Qh Ac] and won ($0.61) with a pair of Aces
Seat 4: ninobel88 folded before Flop (didn't bet)
Seat 5: ProjetRed folded before Flop (didn't bet)
Seat 6: HubertusB folded before Flop (didn't bet)



PokerStars Zoom Hand #186956063675:  Hold'em No Limit ($0.02/$0.05) - 2018/05/28 21:42:26 CCT [2018/05/28 9:42:26 ET]
Table 'Donati' 6-max Seat #1 is the button
Seat 1: FightMe!-LOOSER ($5.50 in chips) 
Seat 2: Girigal ($5.87 in chips) 
Seat 3: HubertusB ($4.91 in chips) 
Seat 4: alebomos ($5.82 in chips) 
Seat 5: Kava_V ($3.85 in chips) 
Seat 6: rasta4ever1 ($3.50 in chips) 
Girigal: posts small blind $0.02
HubertusB: posts big blind $0.05
*** HOLE CARDS ***
Dealt to HubertusB [Td Kd]
alebomos: folds 
Kava_V: folds 
rasta4ever1: calls $0.05
FightMe!-LOOSER: folds 
Girigal: folds 
HubertusB: raises $0.25 to $0.30
rasta4ever1: calls $0.25
*** FLOP *** [Kh 4h Qh]
HubertusB: bets $0.40
rasta4ever1: raises $0.40 to $0.80
HubertusB: calls $0.40
*** TURN *** [Kh 4h Qh] [6h]
HubertusB: checks 
rasta4ever1: checks 
*** RIVER *** [Kh 4h Qh 6h] [3s]
HubertusB: checks 
rasta4ever1: checks 
*** SHOW DOWN ***
HubertusB: shows [Td Kd] (a pair of Kings)
rasta4ever1: shows [9c Th] (a flush, King high)
rasta4ever1 collected $2.13 from pot
*** SUMMARY ***
Total pot $2.22 | Rake $0.09 
Board [Kh 4h Qh 6h 3s]
Seat 1: FightMe!-LOOSER (button) folded before Flop (didn't bet)
Seat 2: Girigal (small blind) folded before Flop
Seat 3: HubertusB (big blind) showed [Td Kd] and lost with a pair of Kings
Seat 4: alebomos folded before Flop (didn't bet)
Seat 5: Kava_V folded before Flop (didn't bet)
Seat 6: rasta4ever1 showed [9c Th] and won ($2.13) with a flush, King high



PokerStars Zoom Hand #186956093138:  Hold'em No Limit ($0.02/$0.05) - 2018/05/28 21:43:30 CCT [2018/05/28 9:43:30 ET]
Table 'Donati' 6-max Seat #1 is the button
Seat 1: FieluFlag ($7.32 in chips) 
Seat 2: Silencer91 ($13.97 in chips) 
Seat 3: muli999 ($4.98 in chips) 
Seat 4: HubertusB ($3.81 in chips) 
Seat 5: Invader_0908 ($1.48 in chips) 
Seat 6: livluvlif951 ($5 in chips) 
Silencer91: posts small blind $0.02
muli999: posts big blind $0.05
*** HOLE CARDS ***
Dealt to HubertusB [6c 3h]
HubertusB: folds 
Invader_0908: folds 
livluvlif951: folds 
FieluFlag: raises $0.10 to $0.15
Silencer91: folds 
muli999: folds 
Uncalled bet ($0.10) returned to FieluFlag
FieluFlag collected $0.12 from pot
FieluFlag: doesn't show hand 
*** SUMMARY ***
Total pot $0.12 | Rake $0 
Seat 1: FieluFlag (button) collected ($0.12)
Seat 2: Silencer91 (small blind) folded before Flop
Seat 3: muli999 (big blind) folded before Flop
Seat 4: HubertusB folded before Flop (didn't bet)
Seat 5: Invader_0908 folded before Flop (didn't bet)
Seat 6: livluvlif951 folded before Flop (didn't bet)



PokerStars Zoom Hand #186956099131:  Hold'em No Limit ($0.02/$0.05) - 2018/05/28 21:43:43 CCT [2018/05/28 9:43:43 ET]
Table 'Donati' 6-max Seat #1 is the button
Seat 1: bigtez4545 ($5.61 in chips) 
Seat 2: AkoAySugarol ($2.50 in chips) 
Seat 3: thekvlt ($12.63 in chips) 
Seat 4: ValentjNN ($8.60 in chips) 
Seat 5: GodRunsBad ($9.42 in chips) 
Seat 6: HubertusB ($3.81 in chips) 
AkoAySugarol: posts small blind $0.02
thekvlt: posts big blind $0.05
*** HOLE CARDS ***
Dealt to HubertusB [Ks Jc]
ValentjNN: folds 
GodRunsBad: folds 
HubertusB: raises $0.10 to $0.15
bigtez4545: calls $0.15
AkoAySugarol: folds 
thekvlt: folds 
*** FLOP *** [Th 5s Kh]
HubertusB: bets $0.20
bigtez4545: raises $0.20 to $0.40
HubertusB: raises $0.90 to $1.30
bigtez4545: calls $0.90
*** TURN *** [Th 5s Kh] [7c]
HubertusB: checks 
bigtez4545: bets $0.40
HubertusB: raises $1.96 to $2.36 and is all-in
bigtez4545: calls $1.96
*** RIVER *** [Th 5s Kh 7c] [6h]
*** SHOW DOWN ***
HubertusB: shows [Ks Jc] (a pair of Kings)
bigtez4545: shows [6d Kd] (two pair, Kings and Sixes)
bigtez4545 collected $7.37 from pot
*** SUMMARY ***
Total pot $7.69 | Rake $0.32 
Board [Th 5s Kh 7c 6h]
Seat 1: bigtez4545 (button) showed [6d Kd] and won ($7.37) with two pair, Kings and Sixes
Seat 2: AkoAySugarol (small blind) folded before Flop
Seat 3: thekvlt (big blind) folded before Flop
Seat 4: ValentjNN folded before Flop (didn't bet)
Seat 5: GodRunsBad folded before Flop (didn't bet)
Seat 6: HubertusB showed [Ks Jc] and lost with a pair of Kings



PokerStars Zoom Hand #186956134498:  Hold'em No Limit ($0.02/$0.05) - 2018/05/28 21:45:00 CCT [2018/05/28 9:45:00 ET]
Table 'Donati' 6-max Seat #1 is the button
Seat 1: whitewhisper ($11.93 in chips) 
Seat 2: pashaExWeQu ($2.60 in chips) 
Seat 3: sherhen ($3.47 in chips) 
Seat 4: FFForasteiro ($5.02 in chips) 
Seat 5: HubertusB ($5 in chips) 
Seat 6: Einf ($7.99 in chips) 
pashaExWeQu: posts small blind $0.02
sherhen: posts big blind $0.05
*** HOLE CARDS ***
Dealt to HubertusB [9c 9h]
FFForasteiro: folds 
HubertusB: raises $0.10 to $0.15
Einf: raises $0.35 to $0.50
whitewhisper: folds 
pashaExWeQu: raises $2.10 to $2.60 and is all-in
sherhen: folds 
HubertusB: folds 
Einf: folds 
Uncalled bet ($2.10) returned to pashaExWeQu
pashaExWeQu collected $1.20 from pot
pashaExWeQu: doesn't show hand 
*** SUMMARY ***
Total pot $1.20 | Rake $0 
Seat 1: whitewhisper (button) folded before Flop (didn't bet)
Seat 2: pashaExWeQu (small blind) collected ($1.20)
Seat 3: sherhen (big blind) folded before Flop
Seat 4: FFForasteiro folded before Flop (didn't bet)
Seat 5: HubertusB folded before Flop
Seat 6: Einf folded before Flop



PokerStars Zoom Hand #186956155486:  Hold'em No Limit ($0.02/$0.05) - 2018/05/28 21:45:45 CCT [2018/05/28 9:45:45 ET]
Table 'Donati' 6-max Seat #1 is the button
Seat 1: Nambert ($15.31 in chips) 
Seat 2: Marian V. 31 ($5 in chips) 
Seat 3: FFForasteiro ($7.26 in chips) 
Seat 4: Hydra183 ($4.50 in chips) 
Seat 5: frajosa ($4.22 in chips) 
Seat 6: HubertusB ($4.85 in chips) 
Marian V. 31: posts small blind $0.02
FFForasteiro: posts big blind $0.05
*** HOLE CARDS ***
Dealt to HubertusB [Kc Ts]
Hydra183: folds 
frajosa: folds 
HubertusB: raises $0.10 to $0.15
Nambert: calls $0.15
Marian V. 31: folds 
FFForasteiro: folds 
*** FLOP *** [Ah 2h 4s]
HubertusB: checks 
Nambert: bets $0.20
HubertusB: folds 
Uncalled bet ($0.20) returned to Nambert
Nambert collected $0.35 from pot
Nambert: doesn't show hand 
*** SUMMARY ***
Total pot $0.37 | Rake $0.02 
Board [Ah 2h 4s]
Seat 1: Nambert (button) collected ($0.35)
Seat 2: Marian V. 31 (small blind) folded before Flop
Seat 3: FFForasteiro (big blind) folded before Flop
Seat 4: Hydra183 folded before Flop (didn't bet)
Seat 5: frajosa folded before Flop (didn't bet)
Seat 6: HubertusB folded on the Flop



PokerStars Zoom Hand #186956176274:  Hold'em No Limit ($0.02/$0.05) - 2018/05/28 21:46:29 CCT [2018/05/28 9:46:29 ET]
Table 'Donati' 6-max Seat #1 is the button
Seat 1: j.martinto ($5.24 in chips) 
Seat 2: DeniaEbashit ($6.12 in chips) 
Seat 3: HubertusB ($4.70 in chips) 
Seat 4: Fe4rF4ctor ($5.89 in chips) 
Seat 5: HandBoyForever ($5.75 in chips) 
Seat 6: Ianus72 ($5.19 in chips) 
DeniaEbashit: posts small blind $0.02
HubertusB: posts big blind $0.05
*** HOLE CARDS ***
Dealt to HubertusB [Ad 7c]
Fe4rF4ctor: folds 
HandBoyForever: folds 
Ianus72: folds 
j.martinto: folds 
DeniaEbashit: raises $0.10 to $0.15
HubertusB: calls $0.10
*** FLOP *** [7d 4s 2c]
DeniaEbashit: bets $0.20
HubertusB: calls $0.20
*** TURN *** [7d 4s 2c] [Qs]
DeniaEbashit: checks 
HubertusB: bets $0.45
DeniaEbashit: folds 
Uncalled bet ($0.45) returned to HubertusB
HubertusB collected $0.67 from pot
HubertusB: doesn't show hand 
*** SUMMARY ***
Total pot $0.70 | Rake $0.03 
Board [7d 4s 2c Qs]
Seat 1: j.martinto (button) folded before Flop (didn't bet)
Seat 2: DeniaEbashit (small blind) folded on the Turn
Seat 3: HubertusB (big blind) collected ($0.67)
Seat 4: Fe4rF4ctor folded before Flop (didn't bet)
Seat 5: HandBoyForever folded before Flop (didn't bet)
Seat 6: Ianus72 folded before Flop (didn't bet)



PokerStars Zoom Hand #186956209499:  Hold'em No Limit ($0.02/$0.05) - 2018/05/28 21:47:40 CCT [2018/05/28 9:47:40 ET]
Table 'Donati' 6-max Seat #1 is the button
Seat 1: oleg777886 ($5 in chips) 
Seat 2: HubertusB ($5.02 in chips) 
Seat 3: Georgiy870 ($5.36 in chips) 
Seat 4: Silencer91 ($14.49 in chips) 
Seat 5: jeffpig16 ($5.91 in chips) 
Seat 6: FieluFlag ($6 in chips) 
HubertusB: posts small blind $0.02
Georgiy870: posts big blind $0.05
*** HOLE CARDS ***
Dealt to HubertusB [5c Ad]
Silencer91: folds 
jeffpig16: folds 
FieluFlag: folds 
oleg777886: folds 
HubertusB: calls $0.03
Georgiy870: checks 
*** FLOP *** [Kc 3h 9d]
HubertusB: checks 
Georgiy870: checks 
*** TURN *** [Kc 3h 9d] [4d]
HubertusB: checks 
Georgiy870: checks 
*** RIVER *** [Kc 3h 9d 4d] [3c]
HubertusB: checks 
Georgiy870: checks 
*** SHOW DOWN ***
HubertusB: shows [5c Ad] (a pair of Threes)
Georgiy870: shows [7d 4c] (two pair, Fours and Threes)
Georgiy870 collected $0.10 from pot
*** SUMMARY ***
Total pot $0.10 | Rake $0 
Board [Kc 3h 9d 4d 3c]
Seat 1: oleg777886 (button) folded before Flop (didn't bet)
Seat 2: HubertusB (small blind) showed [5c Ad] and lost with a pair of Threes
Seat 3: Georgiy870 (big blind) showed [7d 4c] and won ($0.10) with two pair, Fours and Threes
Seat 4: Silencer91 folded before Flop (didn't bet)
Seat 5: jeffpig16 folded before Flop (didn't bet)
Seat 6: FieluFlag folded before Flop (didn't bet)



PokerStars Zoom Hand #186956243684:  Hold'em No Limit ($0.02/$0.05) - 2018/05/28 21:48:53 CCT [2018/05/28 9:48:53 ET]
Table 'Donati' 6-max Seat #1 is the button
Seat 1: HubertusB ($4.97 in chips) 
Seat 2: undersize ($5.28 in chips) 
Seat 3: Bluecrust ($23.59 in chips) 
Seat 4: positionlimp ($9.87 in chips) 
Seat 5: xxxOneginxxx ($8.23 in chips) 
Seat 6: U_RULIA ($5 in chips) 
undersize: posts small blind $0.02
Bluecrust: posts big blind $0.05
*** HOLE CARDS ***
Dealt to HubertusB [3h Th]
positionlimp: folds 
xxxOneginxxx: folds 
U_RULIA: folds 
HubertusB: raises $0.10 to $0.15
undersize: folds 
Bluecrust: folds 
Uncalled bet ($0.10) returned to HubertusB
HubertusB collected $0.12 from pot
HubertusB: doesn't show hand 
*** SUMMARY ***
Total pot $0.12 | Rake $0 
Seat 1: HubertusB (button) collected ($0.12)
Seat 2: undersize (small blind) folded before Flop
Seat 3: Bluecrust (big blind) folded before Flop
Seat 4: positionlimp folded before Flop (didn't bet)
Seat 5: xxxOneginxxx folded before Flop (didn't bet)
Seat 6: U_RULIA folded before Flop (didn't bet)



PokerStars Zoom Hand #186956261523:  Hold'em No Limit ($0.02/$0.05) - 2018/05/28 21:49:31 CCT [2018/05/28 9:49:31 ET]
Table 'Donati' 6-max Seat #1 is the button
Seat 1: positionlimp ($6.60 in chips) 
Seat 2: Zvonarev ($0.56 in chips) 
Seat 3: egiu28 ($5.76 in chips) 
Seat 4: HubertusB ($5.04 in chips) 
Seat 5: xiazhen ($4.74 in chips) 
Seat 6: LQ Wu ($5.97 in chips) 
Zvonarev: posts small blind $0.02
egiu28: posts big blind $0.05
*** HOLE CARDS ***
Dealt to HubertusB [5s 5d]
HubertusB: raises $0.10 to $0.15
xiazhen: folds 
LQ Wu: folds 
positionlimp: calls $0.15
Zvonarev: folds 
egiu28: calls $0.10
*** FLOP *** [6s Js 7d]
egiu28: checks 
HubertusB: bets $0.25
positionlimp: raises $0.50 to $0.75
egiu28: folds 
HubertusB: folds 
Uncalled bet ($0.50) returned to positionlimp
positionlimp collected $0.93 from pot
positionlimp: doesn't show hand 
*** SUMMARY ***
Total pot $0.97 | Rake $0.04 
Board [6s Js 7d]
Seat 1: positionlimp (button) collected ($0.93)
Seat 2: Zvonarev (small blind) folded before Flop
Seat 3: egiu28 (big blind) folded on the Flop
Seat 4: HubertusB folded on the Flop
Seat 5: xiazhen folded before Flop (didn't bet)
Seat 6: LQ Wu folded before Flop (didn't bet)



PokerStars Zoom Hand #186956283403:  Hold'em No Limit ($0.02/$0.05) - 2018/05/28 21:50:18 CCT [2018/05/28 9:50:18 ET]
Table 'Donati' 6-max Seat #1 is the button
Seat 1: Simkooo ($5.34 in chips) 
Seat 2: whitewhisper ($11.79 in chips) 
Seat 3: undersize ($6.38 in chips) 
Seat 4: avawawa ($8.37 in chips) 
Seat 5: HubertusB ($4.64 in chips) 
Seat 6: muli999 ($4.44 in chips) 
whitewhisper: posts small blind $0.02
undersize: posts big blind $0.05
*** HOLE CARDS ***
Dealt to HubertusB [3c 7c]
avawawa: folds 
HubertusB: folds 
muli999: folds 
Simkooo: folds 
whitewhisper: folds 
Uncalled bet ($0.03) returned to undersize
undersize collected $0.04 from pot
undersize: doesn't show hand 
*** SUMMARY ***
Total pot $0.04 | Rake $0 
Seat 1: Simkooo (button) folded before Flop (didn't bet)
Seat 2: whitewhisper (small blind) folded before Flop
Seat 3: undersize (big blind) collected ($0.04)
Seat 4: avawawa folded before Flop (didn't bet)
Seat 5: HubertusB folded before Flop (didn't bet)
Seat 6: muli999 folded before Flop (didn't bet)



PokerStars Zoom Hand #186956286704:  Hold'em No Limit ($0.02/$0.05) - 2018/05/28 21:50:25 CCT [2018/05/28 9:50:25 ET]
Table 'Donati' 6-max Seat #1 is the button
Seat 1: Fysio_Logia ($5.62 in chips) 
Seat 2: higgins1989 ($7.95 in chips) 
Seat 3: Maoochan ($5 in chips) 
Seat 4: HubertusB ($4.64 in chips) 
Seat 5: ivan 73834 ($4.58 in chips) 
Seat 6: ryomoon ($3.57 in chips) 
higgins1989: posts small blind $0.02
Maoochan: posts big blind $0.05
*** HOLE CARDS ***
Dealt to HubertusB [Ts 2c]
HubertusB: folds 
ivan 73834: raises $0.12 to $0.17
ryomoon: folds 
Fysio_Logia: folds 
higgins1989: folds 
Maoochan: calls $0.12
*** FLOP *** [7c 7d 8h]
Maoochan: checks 
ivan 73834: bets $0.35
Maoochan: calls $0.35
*** TURN *** [7c 7d 8h] [Qh]
Maoochan: checks 
ivan 73834: checks 
*** RIVER *** [7c 7d 8h Qh] [5h]
Maoochan: checks 
ivan 73834: bets $1.02
Maoochan: calls $1.02
*** SHOW DOWN ***
ivan 73834: shows [9c Kc] (a pair of Sevens)
Maoochan: shows [8d 6d] (two pair, Eights and Sevens)
Maoochan collected $2.97 from pot
*** SUMMARY ***
Total pot $3.10 | Rake $0.13 
Board [7c 7d 8h Qh 5h]
Seat 1: Fysio_Logia (button) folded before Flop (didn't bet)
Seat 2: higgins1989 (small blind) folded before Flop
Seat 3: Maoochan (big blind) showed [8d 6d] and won ($2.97) with two pair, Eights and Sevens
Seat 4: HubertusB folded before Flop (didn't bet)
Seat 5: ivan 73834 showed [9c Kc] and lost with a pair of Sevens
Seat 6: ryomoon folded before Flop (didn't bet)



PokerStars Zoom Hand #186956292751:  Hold'em No Limit ($0.02/$0.05) - 2018/05/28 21:50:38 CCT [2018/05/28 9:50:38 ET]
Table 'Donati' 6-max Seat #1 is the button
Seat 1: iLLuRi ($6.69 in chips) 
Seat 2: killer bud ($3.49 in chips) 
Seat 3: HubertusB ($4.64 in chips) 
Seat 4: GlamKudes ($5 in chips) 
Seat 5: FloatsMyBoat ($7.64 in chips) 
Seat 6: tofsty ($13.36 in chips) 
killer bud: posts small blind $0.02
HubertusB: posts big blind $0.05
*** HOLE CARDS ***
Dealt to HubertusB [Qc 6s]
GlamKudes: folds 
FloatsMyBoat: folds 
tofsty: folds 
iLLuRi: folds 
killer bud: calls $0.03
HubertusB: checks 
*** FLOP *** [2d Qs 4h]
killer bud: checks 
HubertusB: bets $0.08
killer bud: folds 
Uncalled bet ($0.08) returned to HubertusB
HubertusB collected $0.10 from pot
HubertusB: doesn't show hand 
*** SUMMARY ***
Total pot $0.10 | Rake $0 
Board [2d Qs 4h]
Seat 1: iLLuRi (button) folded before Flop (didn't bet)
Seat 2: killer bud (small blind) folded on the Flop
Seat 3: HubertusB (big blind) collected ($0.10)
Seat 4: GlamKudes folded before Flop (didn't bet)
Seat 5: FloatsMyBoat folded before Flop (didn't bet)
Seat 6: tofsty folded before Flop (didn't bet)



PokerStars Zoom Hand #186956309711:  Hold'em No Limit ($0.02/$0.05) - 2018/05/28 21:51:14 CCT [2018/05/28 9:51:14 ET]
Table 'Donati' 6-max Seat #1 is the button
Seat 1: Nambert ($13.63 in chips) 
Seat 2: HubertusB ($4.69 in chips) 
Seat 3: Setapouch ($5.95 in chips) 
Seat 4: oderint73 ($8.13 in chips) 
Seat 5: d dimitris88 ($1.04 in chips) 
Seat 6: SPORT_KO1 ($4.83 in chips) 
HubertusB: posts small blind $0.02
Setapouch: posts big blind $0.05
*** HOLE CARDS ***
Dealt to HubertusB [8c 4h]
oderint73: folds 
d dimitris88: folds 
SPORT_KO1: folds 
Nambert: raises $0.07 to $0.12
HubertusB: folds 
Setapouch: folds 
Uncalled bet ($0.07) returned to Nambert
Nambert collected $0.12 from pot
Nambert: doesn't show hand 
*** SUMMARY ***
Total pot $0.12 | Rake $0 
Seat 1: Nambert (button) collected ($0.12)
Seat 2: HubertusB (small blind) folded before Flop
Seat 3: Setapouch (big blind) folded before Flop
Seat 4: oderint73 folded before Flop (didn't bet)
Seat 5: d dimitris88 folded before Flop (didn't bet)
Seat 6: SPORT_KO1 folded before Flop (didn't bet)



PokerStars Zoom Hand #186956312549:  Hold'em No Limit ($0.02/$0.05) - 2018/05/28 21:51:20 CCT [2018/05/28 9:51:20 ET]
Table 'Donati' 6-max Seat #1 is the button
Seat 1: HubertusB ($4.67 in chips) 
Seat 2: GlamKudes ($5.07 in chips) 
Seat 3: gfif776 ($5.50 in chips) 
Seat 4: iLLuRi ($6.67 in chips) 
Seat 5: bogdanti ($6.02 in chips) 
Seat 6: instabio ($4.93 in chips) 
GlamKudes: posts small blind $0.02
gfif776: posts big blind $0.05
*** HOLE CARDS ***
Dealt to HubertusB [Qh Kc]
iLLuRi: folds 
bogdanti: folds 
instabio: folds 
HubertusB: raises $0.10 to $0.15
GlamKudes: folds 
gfif776: folds 
Uncalled bet ($0.10) returned to HubertusB
HubertusB collected $0.12 from pot
HubertusB: doesn't show hand 
*** SUMMARY ***
Total pot $0.12 | Rake $0 
Seat 1: HubertusB (button) collected ($0.12)
Seat 2: GlamKudes (small blind) folded before Flop
Seat 3: gfif776 (big blind) folded before Flop
Seat 4: iLLuRi folded before Flop (didn't bet)
Seat 5: bogdanti folded before Flop (didn't bet)
Seat 6: instabio folded before Flop (didn't bet)



PokerStars Zoom Hand #186956323401:  Hold'em No Limit ($0.02/$0.05) - 2018/05/28 21:51:43 CCT [2018/05/28 9:51:43 ET]
Table 'Donati' 6-max Seat #1 is the button
Seat 1: Uraji Namura ($4.34 in chips) 
Seat 2: vladpinsk93 ($27.24 in chips) 
Seat 3: willcybernet ($19.25 in chips) 
Seat 4: Ludovik ($2.19 in chips) 
Seat 5: Glolight ($30.81 in chips) 
Seat 6: HubertusB ($4.74 in chips) 
vladpinsk93: posts small blind $0.02
willcybernet: posts big blind $0.05
*** HOLE CARDS ***
Dealt to HubertusB [9d Jh]
Ludovik: folds 
Glolight: folds 
HubertusB: raises $0.10 to $0.15
Uraji Namura: calls $0.15
vladpinsk93: calls $0.13
willcybernet: folds 
*** FLOP *** [9h 7d Qd]
vladpinsk93: checks 
HubertusB: checks 
Uraji Namura: checks 
*** TURN *** [9h 7d Qd] [8s]
vladpinsk93: checks 
HubertusB: bets $0.24
Uraji Namura: raises $0.24 to $0.48
vladpinsk93: folds 
HubertusB: calls $0.24
*** RIVER *** [9h 7d Qd 8s] [5c]
HubertusB: checks 
Uraji Namura: bets $0.80
HubertusB: folds 
Uncalled bet ($0.80) returned to Uraji Namura
Uraji Namura collected $1.40 from pot
Uraji Namura: doesn't show hand 
*** SUMMARY ***
Total pot $1.46 | Rake $0.06 
Board [9h 7d Qd 8s 5c]
Seat 1: Uraji Namura (button) collected ($1.40)
Seat 2: vladpinsk93 (small blind) folded on the Turn
Seat 3: willcybernet (big blind) folded before Flop
Seat 4: Ludovik folded before Flop (didn't bet)
Seat 5: Glolight folded before Flop (didn't bet)
Seat 6: HubertusB folded on the River



PokerStars Zoom Hand #186956356840:  Hold'em No Limit ($0.02/$0.05) - 2018/05/28 21:52:54 CCT [2018/05/28 9:52:54 ET]
Table 'Donati' 6-max Seat #1 is the button
Seat 1: vamtytnetam ($20.02 in chips) 
Seat 2: GGssmeda ($11.23 in chips) 
Seat 3: What's tha! ($5.08 in chips) 
Seat 4: HubertusB ($4.11 in chips) 
Seat 5: bigtez4545 ($11.91 in chips) 
Seat 6: Ianus72 ($5 in chips) 
GGssmeda: posts small blind $0.02
What's tha!: posts big blind $0.05
*** HOLE CARDS ***
Dealt to HubertusB [As Ad]
HubertusB: raises $0.10 to $0.15
bigtez4545: calls $0.15
Ianus72: folds 
vamtytnetam: folds 
GGssmeda: folds 
What's tha!: folds 
*** FLOP *** [9s 2s 9h]
HubertusB: bets $0.18
bigtez4545: raises $0.18 to $0.36
HubertusB: calls $0.18
*** TURN *** [9s 2s 9h] [2d]
HubertusB: checks 
bigtez4545: bets $0.45
HubertusB: calls $0.45
*** RIVER *** [9s 2s 9h 2d] [3s]
HubertusB: bets $3.15 and is all-in
bigtez4545: folds 
Uncalled bet ($3.15) returned to HubertusB
HubertusB collected $1.91 from pot
HubertusB: doesn't show hand 
*** SUMMARY ***
Total pot $1.99 | Rake $0.08 
Board [9s 2s 9h 2d 3s]
Seat 1: vamtytnetam (button) folded before Flop (didn't bet)
Seat 2: GGssmeda (small blind) folded before Flop
Seat 3: What's tha! (big blind) folded before Flop
Seat 4: HubertusB collected ($1.91)
Seat 5: bigtez4545 folded on the River
Seat 6: Ianus72 folded before Flop (didn't bet)



PokerStars Zoom Hand #186956391232:  Hold'em No Limit ($0.02/$0.05) - 2018/05/28 21:54:07 CCT [2018/05/28 9:54:07 ET]
Table 'Donati' 6-max Seat #1 is the button
Seat 1: star11017689 ($7.01 in chips) 
Seat 2: georgethemac ($11.17 in chips) 
Seat 3: HubertusB ($5.06 in chips) 
Seat 4: Bluecrust ($18.15 in chips) 
Seat 5: Asfen5 ($6.53 in chips) 
Seat 6: egiu28 ($5.25 in chips) 
georgethemac: posts small blind $0.02
HubertusB: posts big blind $0.05
*** HOLE CARDS ***
Dealt to HubertusB [5h As]
Bluecrust: raises $0.10 to $0.15
Asfen5: folds 
egiu28: folds 
star11017689: folds 
georgethemac: folds 
HubertusB: folds 
Uncalled bet ($0.10) returned to Bluecrust
Bluecrust collected $0.12 from pot
Bluecrust: doesn't show hand 
*** SUMMARY ***
Total pot $0.12 | Rake $0 
Seat 1: star11017689 (button) folded before Flop (didn't bet)
Seat 2: georgethemac (small blind) folded before Flop
Seat 3: HubertusB (big blind) folded before Flop
Seat 4: Bluecrust collected ($0.12)
Seat 5: Asfen5 folded before Flop (didn't bet)
Seat 6: egiu28 folded before Flop (didn't bet)



PokerStars Zoom Hand #186956402026:  Hold'em No Limit ($0.02/$0.05) - 2018/05/28 21:54:30 CCT [2018/05/28 9:54:30 ET]
Table 'Donati' 6-max Seat #1 is the button
Seat 1: Wang988 ($8.89 in chips) 
Seat 2: Simkooo ($5.96 in chips) 
Seat 3: KIT426 ($4.84 in chips) 
Seat 4: Dokerokk23 ($4.95 in chips) 
Seat 5: Shi Jack ($5.95 in chips) 
Seat 6: HubertusB ($5.01 in chips) 
Simkooo: posts small blind $0.02
KIT426: posts big blind $0.05
*** HOLE CARDS ***
Dealt to HubertusB [Ks Kd]
Dokerokk23: raises $0.10 to $0.15
Shi Jack: folds 
HubertusB: raises $0.35 to $0.50
Wang988: folds 
Simkooo: folds 
KIT426: folds 
Dokerokk23: folds 
Uncalled bet ($0.35) returned to HubertusB
HubertusB collected $0.37 from pot
HubertusB: doesn't show hand 
*** SUMMARY ***
Total pot $0.37 | Rake $0 
Seat 1: Wang988 (button) folded before Flop (didn't bet)
Seat 2: Simkooo (small blind) folded before Flop
Seat 3: KIT426 (big blind) folded before Flop
Seat 4: Dokerokk23 folded before Flop
Seat 5: Shi Jack folded before Flop (didn't bet)
Seat 6: HubertusB collected ($0.37)



PokerStars Zoom Hand #186956414161:  Hold'em No Limit ($0.02/$0.05) - 2018/05/28 21:54:56 CCT [2018/05/28 9:54:56 ET]
Table 'Donati' 6-max Seat #1 is the button
Seat 1: quarrtexx ($5.14 in chips) 
Seat 2: Bluecrust ($23.65 in chips) 
Seat 3: Kostya Red ($5.07 in chips) 
Seat 4: Lina6591 ($2.30 in chips) 
Seat 5: HubertusB ($5.23 in chips) 
Seat 6: haddonjack ($5 in chips) 
Bluecrust: posts small blind $0.02
Kostya Red: posts big blind $0.05
*** HOLE CARDS ***
Dealt to HubertusB [2c Th]
Lina6591: raises $0.10 to $0.15
HubertusB: folds 
haddonjack: folds 
quarrtexx: folds 
Bluecrust: folds 
Kostya Red: folds 
Uncalled bet ($0.10) returned to Lina6591
Lina6591 collected $0.12 from pot
Lina6591: doesn't show hand 
*** SUMMARY ***
Total pot $0.12 | Rake $0 
Seat 1: quarrtexx (button) folded before Flop (didn't bet)
Seat 2: Bluecrust (small blind) folded before Flop
Seat 3: Kostya Red (big blind) folded before Flop
Seat 4: Lina6591 collected ($0.12)
Seat 5: HubertusB folded before Flop (didn't bet)
Seat 6: haddonjack folded before Flop (didn't bet)



PokerStars Zoom Hand #186956416514:  Hold'em No Limit ($0.02/$0.05) - 2018/05/28 21:55:01 CCT [2018/05/28 9:55:01 ET]
Table 'Donati' 6-max Seat #1 is the button
Seat 1: HubertusB ($5.23 in chips) 
Seat 2: 4BetForFood ($5.09 in chips) 
Seat 3: anorectal ($7.95 in chips) 
Seat 4: FFForasteiro ($10.65 in chips) 
Seat 5: Simkooo ($5.74 in chips) 
Seat 6: pbirdyellow ($6.13 in chips) 
4BetForFood: posts small blind $0.02
anorectal: posts big blind $0.05
*** HOLE CARDS ***
Dealt to HubertusB [Qc Kd]
FFForasteiro: folds 
Simkooo: folds 
pbirdyellow: folds 
HubertusB: raises $0.10 to $0.15
4BetForFood: folds 
anorectal: calls $0.10
*** FLOP *** [Qs 5c 4h]
anorectal: checks 
HubertusB: bets $0.16
anorectal: folds 
Uncalled bet ($0.16) returned to HubertusB
HubertusB collected $0.31 from pot
HubertusB: doesn't show hand 
*** SUMMARY ***
Total pot $0.32 | Rake $0.01 
Board [Qs 5c 4h]
Seat 1: HubertusB (button) collected ($0.31)
Seat 2: 4BetForFood (small blind) folded before Flop
Seat 3: anorectal (big blind) folded on the Flop
Seat 4: FFForasteiro folded before Flop (didn't bet)
Seat 5: Simkooo folded before Flop (didn't bet)
Seat 6: pbirdyellow folded before Flop (didn't bet)



PokerStars Zoom Hand #186956430580:  Hold'em No Limit ($0.02/$0.05) - 2018/05/28 21:55:35 CCT [2018/05/28 9:55:35 ET]
Table 'Donati' 6-max Seat #1 is the button
Seat 1: Jidowskoy ($7.79 in chips) 
Seat 2: HubertusB ($5.39 in chips) 
Seat 3: blistein ($5.56 in chips) 
Seat 4: 1chieftain ($5.57 in chips) 
Seat 5: AlexK1432 ($5.13 in chips) 
Seat 6: M.Govorkov ($5 in chips) 
HubertusB: posts small blind $0.02
blistein: posts big blind $0.05
*** HOLE CARDS ***
Dealt to HubertusB [Td Ad]
1chieftain: folds 
AlexK1432: folds 
M.Govorkov: folds 
Jidowskoy: raises $0.07 to $0.12
HubertusB: raises $0.43 to $0.55
blistein: raises $0.69 to $1.24
Jidowskoy: folds 
HubertusB: folds 
Uncalled bet ($0.69) returned to blistein
blistein collected $1.22 from pot
blistein: doesn't show hand 
*** SUMMARY ***
Total pot $1.22 | Rake $0 
Seat 1: Jidowskoy (button) folded before Flop
Seat 2: HubertusB (small blind) folded before Flop
Seat 3: blistein (big blind) collected ($1.22)
Seat 4: 1chieftain folded before Flop (didn't bet)
Seat 5: AlexK1432 folded before Flop (didn't bet)
Seat 6: M.Govorkov folded before Flop (didn't bet)



PokerStars Zoom Hand #186956456210:  Hold'em No Limit ($0.02/$0.05) - 2018/05/28 21:56:39 CCT [2018/05/28 9:56:39 ET]
Table 'Donati' 6-max Seat #1 is the button
Seat 1: YungPop ($5.41 in chips) 
Seat 2: HenrySiu ($5.05 in chips) 
Seat 3: HubertusB ($4.84 in chips) 
Seat 4: Simkooo ($5.45 in chips) 
Seat 5: whitewhisper ($8.16 in chips) 
Seat 6: luka1981good ($5.22 in chips) 
HenrySiu: posts small blind $0.02
HubertusB: posts big blind $0.05
*** HOLE CARDS ***
Dealt to HubertusB [7d Tc]
Simkooo: folds 
whitewhisper: folds 
luka1981good: folds 
YungPop: folds 
HenrySiu: folds 
Uncalled bet ($0.03) returned to HubertusB
HubertusB collected $0.04 from pot
HubertusB: doesn't show hand 
*** SUMMARY ***
Total pot $0.04 | Rake $0 
Seat 1: YungPop (button) folded before Flop (didn't bet)
Seat 2: HenrySiu (small blind) folded before Flop
Seat 3: HubertusB (big blind) collected ($0.04)
Seat 4: Simkooo folded before Flop (didn't bet)
Seat 5: whitewhisper folded before Flop (didn't bet)
Seat 6: luka1981good folded before Flop (didn't bet)



PokerStars Zoom Hand #186956451308:  Hold'em No Limit ($0.02/$0.05) - 2018/05/28 21:56:27 CCT [2018/05/28 9:56:27 ET]
Table 'Donati' 6-max Seat #1 is the button
Seat 1: YungPop ($11.46 in chips) 
Seat 2: Restorm1 ($13.11 in chips) 
Seat 3: @bob1977503 ($5.19 in chips) 
Seat 4: luka1981good ($5.15 in chips) 
Seat 5: ninobel88 ($5.31 in chips) 
Seat 6: HubertusB ($4.84 in chips) 
Restorm1: posts small blind $0.02
@bob1977503: posts big blind $0.05
*** HOLE CARDS ***
Dealt to HubertusB [7d Qc]
luka1981good: folds 
ninobel88: raises $0.12 to $0.17
HubertusB: folds 
YungPop: folds 
Restorm1: folds 
@bob1977503: calls $0.12
*** FLOP *** [5d 8c Kh]
@bob1977503: checks 
ninobel88: bets $0.24
@bob1977503: folds 
Uncalled bet ($0.24) returned to ninobel88
ninobel88 collected $0.35 from pot
ninobel88: doesn't show hand 
*** SUMMARY ***
Total pot $0.36 | Rake $0.01 
Board [5d 8c Kh]
Seat 1: YungPop (button) folded before Flop (didn't bet)
Seat 2: Restorm1 (small blind) folded before Flop
Seat 3: @bob1977503 (big blind) folded on the Flop
Seat 4: luka1981good folded before Flop (didn't bet)
Seat 5: ninobel88 collected ($0.35)
Seat 6: HubertusB folded before Flop (didn't bet)



PokerStars Zoom Hand #186956448907:  Hold'em No Limit ($0.02/$0.05) - 2018/05/28 21:56:21 CCT [2018/05/28 9:56:21 ET]
Table 'Donati' 6-max Seat #1 is the button
Seat 1: bessonovVR ($1.31 in chips) 
Seat 2: jkru005 ($5 in chips) 
Seat 3: Ganesh208 ($5 in chips) 
Seat 4: mironam76 ($2.60 in chips) 
Seat 5: HubertusB ($4.84 in chips) 
Seat 6: ReFleXHH ($8.81 in chips) 
jkru005: posts small blind $0.02
Ganesh208: posts big blind $0.05
*** HOLE CARDS ***
Dealt to HubertusB [Qh 4c]
mironam76: calls $0.05
HubertusB: folds 
ReFleXHH: folds 
bessonovVR: folds 
jkru005: folds 
Ganesh208: raises $0.20 to $0.25
mironam76: calls $0.20
*** FLOP *** [6d 2h 9h]
Ganesh208: bets $0.25
mironam76: calls $0.25
*** TURN *** [6d 2h 9h] [7s]
Ganesh208: bets $0.49
mironam76: calls $0.49
*** RIVER *** [6d 2h 9h 7s] [Qc]
Ganesh208: checks 
mironam76: bets $1.61 and is all-in
Ganesh208: calls $1.61
*** SHOW DOWN ***
mironam76: shows [6c 6h] (three of a kind, Sixes)
Ganesh208: shows [7h Ac] (a pair of Sevens)
mironam76 collected $5 from pot
*** SUMMARY ***
Total pot $5.22 | Rake $0.22 
Board [6d 2h 9h 7s Qc]
Seat 1: bessonovVR (button) folded before Flop (didn't bet)
Seat 2: jkru005 (small blind) folded before Flop
Seat 3: Ganesh208 (big blind) showed [7h Ac] and lost with a pair of Sevens
Seat 4: mironam76 showed [6c 6h] and won ($5) with three of a kind, Sixes
Seat 5: HubertusB folded before Flop (didn't bet)
Seat 6: ReFleXHH folded before Flop (didn't bet)



PokerStars Zoom Hand #186956459967:  Hold'em No Limit ($0.02/$0.05) - 2018/05/28 21:56:48 CCT [2018/05/28 9:56:48 ET]
Table 'Donati' 6-max Seat #1 is the button
Seat 1: grzywekkk ($5.60 in chips) 
Seat 2: HubertusB ($4.86 in chips) 
Seat 3: tojo201 ($5.33 in chips) 
Seat 4: AlexK1432 ($10.60 in chips) 
Seat 5: FightMe!-LOOSER ($4.27 in chips) 
Seat 6: blistein ($8.12 in chips) 
HubertusB: posts small blind $0.02
tojo201: posts big blind $0.05
*** HOLE CARDS ***
Dealt to HubertusB [Jd 2d]
AlexK1432: folds 
FightMe!-LOOSER: raises $0.10 to $0.15
blistein: folds 
grzywekkk: folds 
HubertusB: calls $0.13
tojo201: folds 
*** FLOP *** [Js 6s 3h]
HubertusB: bets $0.17
FightMe!-LOOSER: calls $0.17
*** TURN *** [Js 6s 3h] [Th]
HubertusB: bets $0.33
FightMe!-LOOSER: calls $0.33
*** RIVER *** [Js 6s 3h Th] [Qs]
HubertusB: checks 
FightMe!-LOOSER: checks 
*** SHOW DOWN ***
HubertusB: shows [Jd 2d] (a pair of Jacks)
FightMe!-LOOSER: shows [Ac Jc] (a pair of Jacks - Ace kicker)
FightMe!-LOOSER collected $1.29 from pot
*** SUMMARY ***
Total pot $1.35 | Rake $0.06 
Board [Js 6s 3h Th Qs]
Seat 1: grzywekkk (button) folded before Flop (didn't bet)
Seat 2: HubertusB (small blind) showed [Jd 2d] and lost with a pair of Jacks
Seat 3: tojo201 (big blind) folded before Flop
Seat 4: AlexK1432 folded before Flop (didn't bet)
Seat 5: FightMe!-LOOSER showed [Ac Jc] and won ($1.29) with a pair of Jacks
Seat 6: blistein folded before Flop (didn't bet)



PokerStars Zoom Hand #186956453332:  Hold'em No Limit ($0.02/$0.05) - 2018/05/28 21:56:32 CCT [2018/05/28 9:56:32 ET]
Table 'Donati' 6-max Seat #1 is the button
Seat 1: thefr1ze ($9.72 in chips) 
Seat 2: xiazhen ($6.98 in chips) 
Seat 3: shamzor11 ($4.27 in chips) 
Seat 4: HubertusB ($4.84 in chips) 
Seat 5: Kava_V ($4.36 in chips) 
Seat 6: from_L ($4.78 in chips) 
xiazhen: posts small blind $0.02
shamzor11: posts big blind $0.05
*** HOLE CARDS ***
Dealt to HubertusB [Kc 7h]
HubertusB: folds 
Kava_V: folds 
from_L: folds 
thefr1ze: raises $0.10 to $0.15
xiazhen: calls $0.13
shamzor11: calls $0.10
*** FLOP *** [8c 9c Qs]
xiazhen: checks 
shamzor11: checks 
thefr1ze: bets $0.15
xiazhen: calls $0.15
shamzor11: calls $0.15
*** TURN *** [8c 9c Qs] [2s]
xiazhen: checks 
shamzor11: checks 
thefr1ze: checks 
*** RIVER *** [8c 9c Qs 2s] [8h]
xiazhen: checks 
shamzor11: bets $0.35
thefr1ze: folds 
xiazhen: folds 
Uncalled bet ($0.35) returned to shamzor11
shamzor11 collected $0.86 from pot
shamzor11: doesn't show hand 
*** SUMMARY ***
Total pot $0.90 | Rake $0.04 
Board [8c 9c Qs 2s 8h]
Seat 1: thefr1ze (button) folded on the River
Seat 2: xiazhen (small blind) folded on the River
Seat 3: shamzor11 (big blind) collected ($0.86)
Seat 4: HubertusB folded before Flop (didn't bet)
Seat 5: Kava_V folded before Flop (didn't bet)
Seat 6: from_L folded before Flop (didn't bet)



PokerStars Zoom Hand #186956477637:  Hold'em No Limit ($0.02/$0.05) - 2018/05/28 21:57:31 CCT [2018/05/28 9:57:31 ET]
Table 'Donati' 6-max Seat #1 is the button
Seat 1: HubertusB ($4.21 in chips) 
Seat 2: positionlimp ($7.97 in chips) 
Seat 3: karol181197 ($5.37 in chips) 
Seat 4: born8sleepy ($5.07 in chips) 
Seat 5: VladimirSBK ($1.90 in chips) 
Seat 6: brauni1x ($24.93 in chips) 
positionlimp: posts small blind $0.02
karol181197: posts big blind $0.05
*** HOLE CARDS ***
Dealt to HubertusB [7s Qd]
born8sleepy: folds 
VladimirSBK: folds 
brauni1x: folds 
HubertusB: folds 
positionlimp: folds 
Uncalled bet ($0.03) returned to karol181197
karol181197 collected $0.04 from pot
karol181197: doesn't show hand 
*** SUMMARY ***
Total pot $0.04 | Rake $0 
Seat 1: HubertusB (button) folded before Flop (didn't bet)
Seat 2: positionlimp (small blind) folded before Flop
Seat 3: karol181197 (big blind) collected ($0.04)
Seat 4: born8sleepy folded before Flop (didn't bet)
Seat 5: VladimirSBK folded before Flop (didn't bet)
Seat 6: brauni1x folded before Flop (didn't bet)



PokerStars Zoom Hand #186956482198:  Hold'em No Limit ($0.02/$0.05) - 2018/05/28 21:57:42 CCT [2018/05/28 9:57:42 ET]
Table 'Donati' 6-max Seat #1 is the button
Seat 1: GGssmeda ($7.46 in chips) 
Seat 2: jorge1145 ($5 in chips) 
Seat 3: Kava_V ($2.42 in chips) 
Seat 4: HubertusB ($4.21 in chips) 
Seat 5: Hannibal3137 ($4.37 in chips) 
Seat 6: krasko123 ($2.03 in chips) 
jorge1145: posts small blind $0.02
Kava_V: posts big blind $0.05
*** HOLE CARDS ***
Dealt to HubertusB [9h 6c]
HubertusB: folds 
Hannibal3137: raises $0.10 to $0.15
krasko123: folds 
GGssmeda: folds 
jorge1145: folds 
Kava_V: folds 
Uncalled bet ($0.10) returned to Hannibal3137
Hannibal3137 collected $0.12 from pot
Hannibal3137: doesn't show hand 
*** SUMMARY ***
Total pot $0.12 | Rake $0 
Seat 1: GGssmeda (button) folded before Flop (didn't bet)
Seat 2: jorge1145 (small blind) folded before Flop
Seat 3: Kava_V (big blind) folded before Flop
Seat 4: HubertusB folded before Flop (didn't bet)
Seat 5: Hannibal3137 collected ($0.12)
Seat 6: krasko123 folded before Flop (didn't bet)



PokerStars Zoom Hand #186956490657:  Hold'em No Limit ($0.02/$0.05) - 2018/05/28 21:58:03 CCT [2018/05/28 9:58:03 ET]
Table 'Donati' 6-max Seat #1 is the button
Seat 1: Vasily75 ($14.70 in chips) 
Seat 2: SoraxBY ($5 in chips) 
Seat 3: mironam76 ($5.39 in chips) 
Seat 4: T4NK.nl ($6.37 in chips) 
Seat 5: positionlimp ($7.90 in chips) 
Seat 6: HubertusB ($4.21 in chips) 
SoraxBY: posts small blind $0.02
mironam76: posts big blind $0.05
*** HOLE CARDS ***
Dealt to HubertusB [7d 8s]
T4NK.nl: folds 
positionlimp: folds 
HubertusB: folds 
Vasily75: raises $0.10 to $0.15
SoraxBY: folds 
mironam76: folds 
Uncalled bet ($0.10) returned to Vasily75
Vasily75 collected $0.12 from pot
Vasily75: doesn't show hand 
*** SUMMARY ***
Total pot $0.12 | Rake $0 
Seat 1: Vasily75 (button) collected ($0.12)
Seat 2: SoraxBY (small blind) folded before Flop
Seat 3: mironam76 (big blind) folded before Flop
Seat 4: T4NK.nl folded before Flop (didn't bet)
Seat 5: positionlimp folded before Flop (didn't bet)
Seat 6: HubertusB folded before Flop (didn't bet)



PokerStars Zoom Hand #186956485483:  Hold'em No Limit ($0.02/$0.05) - 2018/05/28 21:57:50 CCT [2018/05/28 9:57:50 ET]
Table 'Donati' 6-max Seat #1 is the button
Seat 1: HubertusB ($4.21 in chips) 
Seat 2: Shved1502 ($8.35 in chips) 
Seat 3: krasko123 ($2.03 in chips) 
Seat 4: FloatsMyBoat ($5.14 in chips) 
Seat 5: higgins1989 ($6.30 in chips) 
Seat 6: qwlmn159951 ($6.55 in chips) 
Shved1502: posts small blind $0.02
krasko123: posts big blind $0.05
*** HOLE CARDS ***
Dealt to HubertusB [As 4c]
FloatsMyBoat: folds 
higgins1989: folds 
qwlmn159951: folds 
HubertusB: folds 
Shved1502: raises $0.10 to $0.15
krasko123: raises $0.35 to $0.50
Shved1502: raises $7.85 to $8.35 and is all-in
krasko123: calls $1.53 and is all-in
Uncalled bet ($6.32) returned to Shved1502
*** FLOP *** [6c Jd 5h]
*** TURN *** [6c Jd 5h] [Td]
*** RIVER *** [6c Jd 5h Td] [6d]
*** SHOW DOWN ***
Shved1502: shows [Js Jh] (a full house, Jacks full of Sixes)
krasko123: shows [6s 7h] (three of a kind, Sixes)
Shved1502 collected $3.89 from pot
*** SUMMARY ***
Total pot $4.06 | Rake $0.17 
Board [6c Jd 5h Td 6d]
Seat 1: HubertusB (button) folded before Flop (didn't bet)
Seat 2: Shved1502 (small blind) showed [Js Jh] and won ($3.89) with a full house, Jacks full of Sixes
Seat 3: krasko123 (big blind) showed [6s 7h] and lost with three of a kind, Sixes
Seat 4: FloatsMyBoat folded before Flop (didn't bet)
Seat 5: higgins1989 folded before Flop (didn't bet)
Seat 6: qwlmn159951 folded before Flop (didn't bet)



PokerStars Zoom Hand #186956493879:  Hold'em No Limit ($0.02/$0.05) - 2018/05/28 21:58:11 CCT [2018/05/28 9:58:11 ET]
Table 'Donati' 6-max Seat #1 is the button
Seat 1: bessonovVR ($2.26 in chips) 
Seat 2: alexrain600 ($7.03 in chips) 
Seat 3: tojo201 ($5.16 in chips) 
Seat 4: Kava_V ($4.36 in chips) 
Seat 5: HubertusB ($4.21 in chips) 
Seat 6: N0$tradamu$ ($2.62 in chips) 
alexrain600: posts small blind $0.02
tojo201: posts big blind $0.05
*** HOLE CARDS ***
Dealt to HubertusB [5d 9h]
Kava_V: folds 
HubertusB: folds 
N0$tradamu$: folds 
bessonovVR: folds 
alexrain600: folds 
Uncalled bet ($0.03) returned to tojo201
tojo201 collected $0.04 from pot
tojo201: doesn't show hand 
*** SUMMARY ***
Total pot $0.04 | Rake $0 
Seat 1: bessonovVR (button) folded before Flop (didn't bet)
Seat 2: alexrain600 (small blind) folded before Flop
Seat 3: tojo201 (big blind) collected ($0.04)
Seat 4: Kava_V folded before Flop (didn't bet)
Seat 5: HubertusB folded before Flop (didn't bet)
Seat 6: N0$tradamu$ folded before Flop (didn't bet)



PokerStars Zoom Hand #186956501276:  Hold'em No Limit ($0.02/$0.05) - 2018/05/28 21:58:29 CCT [2018/05/28 9:58:29 ET]
Table 'Donati' 6-max Seat #1 is the button
Seat 1: Shortynice13 ($6.17 in chips) 
Seat 2: blistein ($8.20 in chips) 
Seat 3: HubertusB ($4.21 in chips) 
Seat 4: instabio ($7.25 in chips) 
Seat 5: Shved1502 ($10.21 in chips) 
Seat 6: What's tha! ($10.11 in chips) 
blistein: posts small blind $0.02
HubertusB: posts big blind $0.05
*** HOLE CARDS ***
Dealt to HubertusB [Jd Tc]
instabio: folds 
Shved1502: folds 
What's tha!: raises $0.10 to $0.15
Shortynice13: folds 
blistein: folds 
HubertusB: calls $0.10
*** FLOP *** [5s 7d Jc]
HubertusB: bets $0.25
What's tha!: folds 
Uncalled bet ($0.25) returned to HubertusB
HubertusB collected $0.31 from pot
HubertusB: doesn't show hand 
*** SUMMARY ***
Total pot $0.32 | Rake $0.01 
Board [5s 7d Jc]
Seat 1: Shortynice13 (button) folded before Flop (didn't bet)
Seat 2: blistein (small blind) folded before Flop
Seat 3: HubertusB (big blind) collected ($0.31)
Seat 4: instabio folded before Flop (didn't bet)
Seat 5: Shved1502 folded before Flop (didn't bet)
Seat 6: What's tha! folded on the Flop



PokerStars Zoom Hand #186956516750:  Hold'em No Limit ($0.02/$0.05) - 2018/05/28 21:59:07 CCT [2018/05/28 9:59:07 ET]
Table 'Donati' 6-max Seat #1 is the button
Seat 1: HandBoyForever ($10.59 in chips) 
Seat 2: Gubonyi ($5.02 in chips) 
Seat 3: dubbbbme ($7.57 in chips) 
Seat 4: HubertusB ($4.35 in chips) 
Seat 5: nuctoral ($5.27 in chips) 
Seat 6: Girigal ($5.07 in chips) 
Gubonyi: posts small blind $0.02
dubbbbme: posts big blind $0.05
*** HOLE CARDS ***
Dealt to HubertusB [Qd 9c]
HubertusB: folds 
nuctoral: folds 
Girigal: folds 
HandBoyForever: raises $0.10 to $0.15
Gubonyi: folds 
dubbbbme: folds 
Uncalled bet ($0.10) returned to HandBoyForever
HandBoyForever collected $0.12 from pot
HandBoyForever: doesn't show hand 
*** SUMMARY ***
Total pot $0.12 | Rake $0 
Seat 1: HandBoyForever (button) collected ($0.12)
Seat 2: Gubonyi (small blind) folded before Flop
Seat 3: dubbbbme (big blind) folded before Flop
Seat 4: HubertusB folded before Flop (didn't bet)
Seat 5: nuctoral folded before Flop (didn't bet)
Seat 6: Girigal folded before Flop (didn't bet)



PokerStars Zoom Hand #186956511822:  Hold'em No Limit ($0.02/$0.05) - 2018/05/28 21:58:55 CCT [2018/05/28 9:58:55 ET]
Table 'Donati' 6-max Seat #1 is the button
Seat 1: onlyAAnit ($6.16 in chips) 
Seat 2: HubertusB ($4.37 in chips) 
Seat 3: suleimanruy ($5 in chips) 
Seat 4: Patojenajlepsi ($8.09 in chips) 
Seat 5: Katelpiller ($5.46 in chips) 
Seat 6: MarPi25 ($2.48 in chips) 
HubertusB: posts small blind $0.02
suleimanruy: posts big blind $0.05
*** HOLE CARDS ***
Dealt to HubertusB [7h Qs]
Patojenajlepsi: folds 
Katelpiller: folds 
MarPi25: raises $0.05 to $0.10
onlyAAnit: folds 
HubertusB: folds 
suleimanruy: calls $0.05
*** FLOP *** [2s 7s Ks]
suleimanruy: checks 
MarPi25: bets $0.15
suleimanruy: folds 
Uncalled bet ($0.15) returned to MarPi25
MarPi25 collected $0.21 from pot
MarPi25: doesn't show hand 
*** SUMMARY ***
Total pot $0.22 | Rake $0.01 
Board [2s 7s Ks]
Seat 1: onlyAAnit (button) folded before Flop (didn't bet)
Seat 2: HubertusB (small blind) folded before Flop
Seat 3: suleimanruy (big blind) folded on the Flop
Seat 4: Patojenajlepsi folded before Flop (didn't bet)
Seat 5: Katelpiller folded before Flop (didn't bet)
Seat 6: MarPi25 collected ($0.21)



PokerStars Zoom Hand #186956514309:  Hold'em No Limit ($0.02/$0.05) - 2018/05/28 21:59:01 CCT [2018/05/28 9:59:01 ET]
Table 'Donati' 6-max Seat #1 is the button
Seat 1: SAMRJHARRIS ($4.92 in chips) 
Seat 2: kfcsekirata ($14.95 in chips) 
Seat 3: belgas33 ($10.74 in chips) 
Seat 4: danysan2000 ($3.81 in chips) 
Seat 5: Bur1k ($5 in chips) 
Seat 6: HubertusB ($4.35 in chips) 
kfcsekirata: posts small blind $0.02
belgas33: posts big blind $0.05
*** HOLE CARDS ***
Dealt to HubertusB [6c 9h]
danysan2000: folds 
Bur1k: raises $0.10 to $0.15
HubertusB: folds 
SAMRJHARRIS: calls $0.15
kfcsekirata: folds 
belgas33: folds 
*** FLOP *** [5s 6s 3s]
Bur1k: checks 
SAMRJHARRIS: bets $0.18
Bur1k: folds 
Uncalled bet ($0.18) returned to SAMRJHARRIS
SAMRJHARRIS collected $0.35 from pot
SAMRJHARRIS: doesn't show hand 
*** SUMMARY ***
Total pot $0.37 | Rake $0.02 
Board [5s 6s 3s]
Seat 1: SAMRJHARRIS (button) collected ($0.35)
Seat 2: kfcsekirata (small blind) folded before Flop
Seat 3: belgas33 (big blind) folded before Flop
Seat 4: danysan2000 folded before Flop (didn't bet)
Seat 5: Bur1k folded on the Flop
Seat 6: HubertusB folded before Flop (didn't bet)



PokerStars Zoom Hand #186956521618:  Hold'em No Limit ($0.02/$0.05) - 2018/05/28 21:59:19 CCT [2018/05/28 9:59:19 ET]
Table 'Donati' 6-max Seat #1 is the button
Seat 1: Bluecrust ($18.45 in chips) 
Seat 2: qwlmn159951 ($1.72 in chips) 
Seat 3: HubertusB ($4.35 in chips) 
Seat 4: jkru005 ($5.70 in chips) 
Seat 5: ArnoldHUN ($6.22 in chips) 
Seat 6: 4BetForFood ($5.70 in chips) 
qwlmn159951: posts small blind $0.02
HubertusB: posts big blind $0.05
*** HOLE CARDS ***
Dealt to HubertusB [7d 4d]
jkru005: folds 
ArnoldHUN: folds 
4BetForFood: folds 
Bluecrust: raises $0.10 to $0.15
qwlmn159951: folds 
HubertusB: folds 
Uncalled bet ($0.10) returned to Bluecrust
Bluecrust collected $0.12 from pot
Bluecrust: doesn't show hand 
*** SUMMARY ***
Total pot $0.12 | Rake $0 
Seat 1: Bluecrust (button) collected ($0.12)
Seat 2: qwlmn159951 (small blind) folded before Flop
Seat 3: HubertusB (big blind) folded before Flop
Seat 4: jkru005 folded before Flop (didn't bet)
Seat 5: ArnoldHUN folded before Flop (didn't bet)
Seat 6: 4BetForFood folded before Flop (didn't bet)



PokerStars Zoom Hand #186956518809:  Hold'em No Limit ($0.02/$0.05) - 2018/05/28 21:59:12 CCT [2018/05/28 9:59:12 ET]
Table 'Donati' 6-max Seat #1 is the button
Seat 1: TiagoShow23 ($4.58 in chips) 
Seat 2: JHWH87 ($5 in chips) 
Seat 3: ScreamStick ($5 in chips) 
Seat 4: HubertusB ($4.35 in chips) 
Seat 5: iLLuRi ($5.07 in chips) 
Seat 6: Katelpiller ($11.07 in chips) 
JHWH87: posts small blind $0.02
ScreamStick: posts big blind $0.05
*** HOLE CARDS ***
Dealt to HubertusB [Kd Js]
HubertusB: folds 
iLLuRi: calls $0.05
Katelpiller: folds 
TiagoShow23: raises $0.15 to $0.20
JHWH87: folds 
ScreamStick: folds 
iLLuRi: calls $0.15
*** FLOP *** [Kc 3h Ad]
iLLuRi: checks 
TiagoShow23: checks 
*** TURN *** [Kc 3h Ad] [Ks]
iLLuRi: checks 
TiagoShow23: bets $0.25
iLLuRi: folds 
Uncalled bet ($0.25) returned to TiagoShow23
TiagoShow23 collected $0.45 from pot
TiagoShow23: doesn't show hand 
*** SUMMARY ***
Total pot $0.47 | Rake $0.02 
Board [Kc 3h Ad Ks]
Seat 1: TiagoShow23 (button) collected ($0.45)
Seat 2: JHWH87 (small blind) folded before Flop
Seat 3: ScreamStick (big blind) folded before Flop
Seat 4: HubertusB folded before Flop (didn't bet)
Seat 5: iLLuRi folded on the Turn
Seat 6: Katelpiller folded before Flop (didn't bet)



PokerStars Zoom Hand #186956526569:  Hold'em No Limit ($0.02/$0.05) - 2018/05/28 21:59:31 CCT [2018/05/28 9:59:31 ET]
Table 'Donati' 6-max Seat #1 is the button
Seat 1: HubertusB ($4.30 in chips) 
Seat 2: haruhi:3 ($5.02 in chips) 
Seat 3: maskishow4f ($6.72 in chips) 
Seat 4: GodRunsBad ($5 in chips) 
Seat 5: levathon ($5.52 in chips) 
Seat 6: Peter10Pan ($5 in chips) 
haruhi:3: posts small blind $0.02
maskishow4f: posts big blind $0.05
*** HOLE CARDS ***
Dealt to HubertusB [5h 5c]
GodRunsBad: raises $0.10 to $0.15
levathon: folds 
Peter10Pan: folds 
HubertusB: calls $0.15
haruhi:3: folds 
maskishow4f: folds 
*** FLOP *** [2s Ts Ks]
GodRunsBad: checks 
HubertusB: checks 
*** TURN *** [2s Ts Ks] [Ah]
GodRunsBad: bets $0.25
HubertusB: folds 
Uncalled bet ($0.25) returned to GodRunsBad
GodRunsBad collected $0.35 from pot
GodRunsBad: doesn't show hand 
*** SUMMARY ***
Total pot $0.37 | Rake $0.02 
Board [2s Ts Ks Ah]
Seat 1: HubertusB (button) folded on the Turn
Seat 2: haruhi:3 (small blind) folded before Flop
Seat 3: maskishow4f (big blind) folded before Flop
Seat 4: GodRunsBad collected ($0.35)
Seat 5: levathon folded before Flop (didn't bet)
Seat 6: Peter10Pan folded before Flop (didn't bet)



PokerStars Zoom Hand #186956541048:  Hold'em No Limit ($0.02/$0.05) - 2018/05/28 22:00:06 CCT [2018/05/28 10:00:06 ET]
Table 'Donati' 6-max Seat #1 is the button
Seat 1: 1chieftain ($5.18 in chips) 
Seat 2: HubertusB ($4.15 in chips) 
Seat 3: Nambert ($14.77 in chips) 
Seat 4: FFForasteiro ($6.78 in chips) 
Seat 5: Wang988 ($8.84 in chips) 
Seat 6: anorectal ($5.72 in chips) 
HubertusB: posts small blind $0.02
Nambert: posts big blind $0.05
*** HOLE CARDS ***
Dealt to HubertusB [6d 3c]
FFForasteiro: folds 
Wang988: raises $0.10 to $0.15
anorectal: folds 
1chieftain: folds 
HubertusB: folds 
Nambert: folds 
Uncalled bet ($0.10) returned to Wang988
Wang988 collected $0.12 from pot
Wang988: doesn't show hand 
*** SUMMARY ***
Total pot $0.12 | Rake $0 
Seat 1: 1chieftain (button) folded before Flop (didn't bet)
Seat 2: HubertusB (small blind) folded before Flop
Seat 3: Nambert (big blind) folded before Flop
Seat 4: FFForasteiro folded before Flop (didn't bet)
Seat 5: Wang988 collected ($0.12)
Seat 6: anorectal folded before Flop (didn't bet)



PokerStars Zoom Hand #186956548344:  Hold'em No Limit ($0.02/$0.05) - 2018/05/28 22:00:23 CCT [2018/05/28 10:00:23 ET]
Table 'Donati' 6-max Seat #1 is the button
Seat 1: Russkiy499 ($4.04 in chips) 
Seat 2: GGssmeda ($9.22 in chips) 
Seat 3: 4effoto ($5.34 in chips) 
Seat 4: Fighter485 ($6.05 in chips) 
Seat 5: HubertusB ($4.13 in chips) 
Seat 6: Dokerokk23 ($4.14 in chips) 
GGssmeda: posts small blind $0.02
4effoto: posts big blind $0.05
*** HOLE CARDS ***
Dealt to HubertusB [4d Js]
Fighter485: raises $0.10 to $0.15
HubertusB: folds 
Dokerokk23: folds 
Russkiy499: folds 
GGssmeda: raises $0.35 to $0.50
4effoto: folds 
Fighter485: raises $1.05 to $1.55
GGssmeda: raises $7.67 to $9.22 and is all-in
Fighter485: calls $4.50 and is all-in
Uncalled bet ($3.17) returned to GGssmeda
*** FIRST FLOP *** [2c 7s Ah]
*** FIRST TURN *** [2c 7s Ah] [8s]
*** FIRST RIVER *** [2c 7s Ah 8s] [Td]
*** SECOND FLOP *** [Qs 4h Qd]
*** SECOND TURN *** [Qs 4h Qd] [2s]
*** SECOND RIVER *** [Qs 4h Qd 2s] [6c]
*** FIRST SHOW DOWN ***
GGssmeda: shows [Kh Ks] (a pair of Kings)
Fighter485: shows [Ad Ac] (three of a kind, Aces)
Fighter485 collected $5.83 from pot
*** SECOND SHOW DOWN ***
GGssmeda: shows [Kh Ks] (two pair, Kings and Queens)
Fighter485: shows [Ad Ac] (two pair, Aces and Queens)
Fighter485 collected $5.82 from pot
*** SUMMARY ***
Total pot $12.15 | Rake $0.50 
Hand was run twice
FIRST Board [2c 7s Ah 8s Td]
SECOND Board [Qs 4h Qd 2s 6c]
Seat 1: Russkiy499 (button) folded before Flop (didn't bet)
Seat 2: GGssmeda (small blind) showed [Kh Ks] and lost with a pair of Kings, and lost with two pair, Kings and Queens
Seat 3: 4effoto (big blind) folded before Flop
Seat 4: Fighter485 showed [Ad Ac] and won ($5.83) with three of a kind, Aces, and won ($5.82) with two pair, Aces and Queens
Seat 5: HubertusB folded before Flop (didn't bet)
Seat 6: Dokerokk23 folded before Flop (didn't bet)



PokerStars Zoom Hand #186956543537:  Hold'em No Limit ($0.02/$0.05) - 2018/05/28 22:00:12 CCT [2018/05/28 10:00:12 ET]
Table 'Donati' 6-max Seat #1 is the button
Seat 1: Radomir 26 ($5.50 in chips) 
Seat 2: born8sleepy ($6.48 in chips) 
Seat 3: Peter10Pan ($5.07 in chips) 
Seat 4: FightMe!-LOOSER ($4.86 in chips) 
Seat 5: minsala87 ($6.68 in chips) 
Seat 6: HubertusB ($4.13 in chips) 
born8sleepy: posts small blind $0.02
Peter10Pan: posts big blind $0.05
*** HOLE CARDS ***
Dealt to HubertusB [Qh Js]
FightMe!-LOOSER: folds 
minsala87: raises $0.09 to $0.14
HubertusB: folds 
Radomir 26: calls $0.14
born8sleepy: folds 
Peter10Pan: folds 
*** FLOP *** [Ah Kh 5d]
minsala87: bets $0.17
Radomir 26: calls $0.17
*** TURN *** [Ah Kh 5d] [6h]
minsala87: checks 
Radomir 26: bets $0.46
minsala87: folds 
Uncalled bet ($0.46) returned to Radomir 26
Radomir 26 collected $0.66 from pot
Radomir 26: doesn't show hand 
*** SUMMARY ***
Total pot $0.69 | Rake $0.03 
Board [Ah Kh 5d 6h]
Seat 1: Radomir 26 (button) collected ($0.66)
Seat 2: born8sleepy (small blind) folded before Flop
Seat 3: Peter10Pan (big blind) folded before Flop
Seat 4: FightMe!-LOOSER folded before Flop (didn't bet)
Seat 5: minsala87 folded on the Turn
Seat 6: HubertusB folded before Flop (didn't bet)



PokerStars Zoom Hand #186956550914:  Hold'em No Limit ($0.02/$0.05) - 2018/05/28 22:00:29 CCT [2018/05/28 10:00:29 ET]
Table 'Donati' 6-max Seat #1 is the button
Seat 1: HubertusB ($4.13 in chips) 
Seat 2: cifrspion ($4.61 in chips) 
Seat 3: killElkYll ($4.01 in chips) 
Seat 4: fidelmp ($9.55 in chips) 
Seat 5: Uraji Namura ($7.01 in chips) 
Seat 6: luka1981good ($5.30 in chips) 
cifrspion: posts small blind $0.02
killElkYll: posts big blind $0.05
*** HOLE CARDS ***
Dealt to HubertusB [Kh Ah]
fidelmp: folds 
Uraji Namura: calls $0.05
luka1981good: folds 
HubertusB: raises $0.20 to $0.25
cifrspion: folds 
killElkYll: folds 
Uraji Namura: calls $0.20
*** FLOP *** [4s 5s 9h]
Uraji Namura: bets $0.30
HubertusB: calls $0.30
*** TURN *** [4s 5s 9h] [Qd]
Uraji Namura: bets $0.55
HubertusB: folds 
Uncalled bet ($0.55) returned to Uraji Namura
Uraji Namura collected $1.12 from pot
Uraji Namura: doesn't show hand 
*** SUMMARY ***
Total pot $1.17 | Rake $0.05 
Board [4s 5s 9h Qd]
Seat 1: HubertusB (button) folded on the Turn
Seat 2: cifrspion (small blind) folded before Flop
Seat 3: killElkYll (big blind) folded before Flop
Seat 4: fidelmp folded before Flop (didn't bet)
Seat 5: Uraji Namura collected ($1.12)
Seat 6: luka1981good folded before Flop (didn't bet)



PokerStars Zoom Hand #186956578802:  Hold'em No Limit ($0.02/$0.05) - 2018/05/28 22:01:32 CCT [2018/05/28 10:01:32 ET]
Table 'Donati' 6-max Seat #1 is the button
Seat 1: avawawa ($8.27 in chips) 
Seat 2: pavlo590 ($11.35 in chips) 
Seat 3: HubertusB ($3.58 in chips) 
Seat 4: Tn 939 ($5 in chips) 
Seat 5: Shved1502 ($5.02 in chips) 
Seat 6: xiazhen ($5.32 in chips) 
pavlo590: posts small blind $0.02
HubertusB: posts big blind $0.05
*** HOLE CARDS ***
Dealt to HubertusB [9c 6s]
Tn 939: folds 
Shved1502: folds 
xiazhen: folds 
avawawa: raises $0.10 to $0.15
pavlo590: folds 
HubertusB: folds 
Uncalled bet ($0.10) returned to avawawa
avawawa collected $0.12 from pot
avawawa: doesn't show hand 
*** SUMMARY ***
Total pot $0.12 | Rake $0 
Seat 1: avawawa (button) collected ($0.12)
Seat 2: pavlo590 (small blind) folded before Flop
Seat 3: HubertusB (big blind) folded before Flop
Seat 4: Tn 939 folded before Flop (didn't bet)
Seat 5: Shved1502 folded before Flop (didn't bet)
Seat 6: xiazhen folded before Flop (didn't bet)



PokerStars Zoom Hand #186956584291:  Hold'em No Limit ($0.02/$0.05) - 2018/05/28 22:01:44 CCT [2018/05/28 10:01:44 ET]
Table 'Donati' 6-max Seat #1 is the button
Seat 1: GlamKudes ($5.67 in chips) 
Seat 2: schkapapuzi ($5.74 in chips) 
Seat 3: cifrspion ($4.46 in chips) 
Seat 4: Wang988 ($8.79 in chips) 
Seat 5: HubertusB ($3.53 in chips) 
Seat 6: Themis30 ($7.71 in chips) 
schkapapuzi: posts small blind $0.02
cifrspion: posts big blind $0.05
*** HOLE CARDS ***
Dealt to HubertusB [As Kh]
Wang988: folds 
HubertusB: raises $0.10 to $0.15
Themis30: calls $0.15
GlamKudes: folds 
schkapapuzi: folds 
cifrspion: calls $0.10
*** FLOP *** [3c 6c 7c]
cifrspion: checks 
HubertusB: bets $0.20
Themis30: calls $0.20
cifrspion: calls $0.20
*** TURN *** [3c 6c 7c] [6d]
cifrspion: checks 
HubertusB: checks 
Themis30: checks 
*** RIVER *** [3c 6c 7c 6d] [Jc]
cifrspion: checks 
HubertusB: checks 
Themis30: bets $0.80
cifrspion: folds 
HubertusB: folds 
Uncalled bet ($0.80) returned to Themis30
Themis30 collected $1.03 from pot
Themis30: doesn't show hand 
*** SUMMARY ***
Total pot $1.07 | Rake $0.04 
Board [3c 6c 7c 6d Jc]
Seat 1: GlamKudes (button) folded before Flop (didn't bet)
Seat 2: schkapapuzi (small blind) folded before Flop
Seat 3: cifrspion (big blind) folded on the River
Seat 4: Wang988 folded before Flop (didn't bet)
Seat 5: HubertusB folded on the River
Seat 6: Themis30 collected ($1.03)



PokerStars Zoom Hand #186956608429:  Hold'em No Limit ($0.02/$0.05) - 2018/05/28 22:02:35 CCT [2018/05/28 10:02:35 ET]
Table 'Donati' 6-max Seat #1 is the button
Seat 1: haddonjack ($5.20 in chips) 
Seat 2: HubertusB ($3.18 in chips) 
Seat 3: kingblockus ($4.90 in chips) 
Seat 4: minsala87 ($5.99 in chips) 
Seat 5: nakashi11 ($4.59 in chips) 
Seat 6: progre$$or ($7.97 in chips) 
HubertusB: posts small blind $0.02
kingblockus: posts big blind $0.05
*** HOLE CARDS ***
Dealt to HubertusB [Tc Td]
minsala87: folds 
nakashi11: raises $0.10 to $0.15
progre$$or: folds 
haddonjack: folds 
HubertusB: calls $0.13
kingblockus: folds 
*** FLOP *** [8c 5c 4h]
HubertusB: bets $0.17
nakashi11: raises $0.32 to $0.49
HubertusB: calls $0.32
*** TURN *** [8c 5c 4h] [Jd]
HubertusB: bets $0.40
nakashi11: raises $0.85 to $1.25
HubertusB: raises $1.29 to $2.54 and is all-in
nakashi11: calls $1.29
*** RIVER *** [8c 5c 4h Jd] [7h]
*** SHOW DOWN ***
HubertusB: shows [Tc Td] (a pair of Tens)
nakashi11: shows [Qs Qc] (a pair of Queens)
nakashi11 collected $6.14 from pot
*** SUMMARY ***
Total pot $6.41 | Rake $0.27 
Board [8c 5c 4h Jd 7h]
Seat 1: haddonjack (button) folded before Flop (didn't bet)
Seat 2: HubertusB (small blind) showed [Tc Td] and lost with a pair of Tens
Seat 3: kingblockus (big blind) folded before Flop
Seat 4: minsala87 folded before Flop (didn't bet)
Seat 5: nakashi11 showed [Qs Qc] and won ($6.14) with a pair of Queens
Seat 6: progre$$or folded before Flop (didn't bet)



PokerStars Zoom Hand #186956657783:  Hold'em No Limit ($0.02/$0.05) - 2018/05/28 22:04:18 CCT [2018/05/28 10:04:18 ET]
Table 'Donati' 6-max Seat #1 is the button
Seat 1: jeffpig16 ($6.48 in chips) 
Seat 2: Fighter485 ($12.30 in chips) 
Seat 3: Haym69 ($1.91 in chips) 
Seat 4: HubertusB ($5 in chips) 
Seat 5: egiu28 ($4.85 in chips) 
Seat 6: Girigal ($5.84 in chips) 
Fighter485: posts small blind $0.02
Haym69: posts big blind $0.05
*** HOLE CARDS ***
Dealt to HubertusB [9s Ad]
HubertusB: folds 
egiu28: folds 
Girigal: folds 
jeffpig16: folds 
Fighter485: folds 
Uncalled bet ($0.03) returned to Haym69
Haym69 collected $0.04 from pot
Haym69: doesn't show hand 
*** SUMMARY ***
Total pot $0.04 | Rake $0 
Seat 1: jeffpig16 (button) folded before Flop (didn't bet)
Seat 2: Fighter485 (small blind) folded before Flop
Seat 3: Haym69 (big blind) collected ($0.04)
Seat 4: HubertusB folded before Flop (didn't bet)
Seat 5: egiu28 folded before Flop (didn't bet)
Seat 6: Girigal folded before Flop (didn't bet)



PokerStars Zoom Hand #186956663449:  Hold'em No Limit ($0.02/$0.05) - 2018/05/28 22:04:30 CCT [2018/05/28 10:04:30 ET]
Table 'Donati' 6-max Seat #1 is the button
Seat 1: Dasperin ($5 in chips) 
Seat 2: Dokerokk23 ($5.87 in chips) 
Seat 3: 1chieftain ($9.05 in chips) 
Seat 4: HubertusB ($5 in chips) 
Seat 5: SuperleskVix ($3.58 in chips) 
Seat 6: Peter10Pan ($5 in chips) 
Dokerokk23: posts small blind $0.02
1chieftain: posts big blind $0.05
*** HOLE CARDS ***
Dealt to HubertusB [6c Kc]
HubertusB: folds 
SuperleskVix: folds 
Peter10Pan: folds 
Dasperin: folds 
Dokerokk23: raises $0.07 to $0.12
1chieftain: raises $0.18 to $0.30
Dokerokk23: raises $0.50 to $0.80
1chieftain: calls $0.50
*** FLOP *** [Ts 8s 3d]
Dokerokk23: checks 
1chieftain: bets $1
Dokerokk23: raises $4.07 to $5.07 and is all-in
1chieftain: calls $4.07
*** TURN *** [Ts 8s 3d] [9d]
*** RIVER *** [Ts 8s 3d 9d] [Tc]
*** SHOW DOWN ***
Dokerokk23: shows [Qh Qd] (two pair, Queens and Tens)
1chieftain: shows [Ad Ac] (two pair, Aces and Tens)
1chieftain collected $11.25 from pot
*** SUMMARY ***
Total pot $11.74 | Rake $0.49 
Board [Ts 8s 3d 9d Tc]
Seat 1: Dasperin (button) folded before Flop (didn't bet)
Seat 2: Dokerokk23 (small blind) showed [Qh Qd] and lost with two pair, Queens and Tens
Seat 3: 1chieftain (big blind) showed [Ad Ac] and won ($11.25) with two pair, Aces and Tens
Seat 4: HubertusB folded before Flop (didn't bet)
Seat 5: SuperleskVix folded before Flop (didn't bet)
Seat 6: Peter10Pan folded before Flop (didn't bet)



PokerStars Zoom Hand #186956669667:  Hold'em No Limit ($0.02/$0.05) - 2018/05/28 22:04:43 CCT [2018/05/28 10:04:43 ET]
Table 'Donati' 6-max Seat #1 is the button
Seat 1: scotseng ($6.04 in chips) 
Seat 2: pphit ($5 in chips) 
Seat 3: nuctoral ($6.46 in chips) 
Seat 4: Chunichi ($10.46 in chips) 
Seat 5: Edmondo007 ($6.72 in chips) 
Seat 6: HubertusB ($5 in chips) 
pphit: posts small blind $0.02
nuctoral: posts big blind $0.05
*** HOLE CARDS ***
Dealt to HubertusB [9s Ks]
Chunichi: raises $0.10 to $0.15
Edmondo007: folds 
HubertusB: calls $0.15
scotseng: folds 
pphit: folds 
nuctoral: folds 
*** FLOP *** [Qh 5h Td]
Chunichi: bets $0.19
HubertusB: calls $0.19
*** TURN *** [Qh 5h Td] [8h]
Chunichi: checks 
HubertusB: bets $0.60
Chunichi: calls $0.60
*** RIVER *** [Qh 5h Td 8h] [7c]
Chunichi: checks 
HubertusB: bets $1.45
Chunichi: folds 
Uncalled bet ($1.45) returned to HubertusB
HubertusB collected $1.87 from pot
HubertusB: doesn't show hand 
*** SUMMARY ***
Total pot $1.95 | Rake $0.08 
Board [Qh 5h Td 8h 7c]
Seat 1: scotseng (button) folded before Flop (didn't bet)
Seat 2: pphit (small blind) folded before Flop
Seat 3: nuctoral (big blind) folded before Flop
Seat 4: Chunichi folded on the River
Seat 5: Edmondo007 folded before Flop (didn't bet)
Seat 6: HubertusB collected ($1.87)



PokerStars Zoom Hand #186956713796:  Hold'em No Limit ($0.02/$0.05) - 2018/05/28 22:06:14 CCT [2018/05/28 10:06:14 ET]
Table 'Donati' 6-max Seat #1 is the button
Seat 1: lfo13 ($4.70 in chips) 
Seat 2: Burn597 ($4.17 in chips) 
Seat 3: HubertusB ($5.93 in chips) 
Seat 4: xlamobot ($6.08 in chips) 
Seat 5: quarrtexx ($3.90 in chips) 
Seat 6: Jidowskoy ($10.34 in chips) 
Burn597: posts small blind $0.02
HubertusB: posts big blind $0.05
*** HOLE CARDS ***
Dealt to HubertusB [Ad 6c]
xlamobot: folds 
quarrtexx: raises $0.10 to $0.15
Jidowskoy: folds 
lfo13: folds 
Burn597: folds 
HubertusB: folds 
Uncalled bet ($0.10) returned to quarrtexx
quarrtexx collected $0.12 from pot
quarrtexx: doesn't show hand 
*** SUMMARY ***
Total pot $0.12 | Rake $0 
Seat 1: lfo13 (button) folded before Flop (didn't bet)
Seat 2: Burn597 (small blind) folded before Flop
Seat 3: HubertusB (big blind) folded before Flop
Seat 4: xlamobot folded before Flop (didn't bet)
Seat 5: quarrtexx collected ($0.12)
Seat 6: Jidowskoy folded before Flop (didn't bet)



PokerStars Zoom Hand #186956718211:  Hold'em No Limit ($0.02/$0.05) - 2018/05/28 22:06:23 CCT [2018/05/28 10:06:23 ET]
Table 'Donati' 6-max Seat #1 is the button
Seat 1: VoVaN4o 14 ($2.73 in chips) 
Seat 2: HubertusB ($5.88 in chips) 
Seat 3: Maoochan ($5.83 in chips) 
Seat 4: qwlmn159951 ($9.32 in chips) 
Seat 5: alyceofspade ($5.66 in chips) 
Seat 6: U_RULIA ($5.30 in chips) 
HubertusB: posts small blind $0.02
Maoochan: posts big blind $0.05
*** HOLE CARDS ***
Dealt to HubertusB [Ah Qd]
qwlmn159951: folds 
alyceofspade: folds 
U_RULIA: folds 
VoVaN4o 14: folds 
HubertusB: raises $0.10 to $0.15
Maoochan: calls $0.10
*** FLOP *** [As 4c 6h]
HubertusB: bets $0.15
Maoochan: folds 
Uncalled bet ($0.15) returned to HubertusB
HubertusB collected $0.29 from pot
HubertusB: doesn't show hand 
*** SUMMARY ***
Total pot $0.30 | Rake $0.01 
Board [As 4c 6h]
Seat 1: VoVaN4o 14 (button) folded before Flop (didn't bet)
Seat 2: HubertusB (small blind) collected ($0.29)
Seat 3: Maoochan (big blind) folded on the Flop
Seat 4: qwlmn159951 folded before Flop (didn't bet)
Seat 5: alyceofspade folded before Flop (didn't bet)
Seat 6: U_RULIA folded before Flop (didn't bet)



PokerStars Zoom Hand #186956746171:  Hold'em No Limit ($0.02/$0.05) - 2018/05/28 22:07:21 CCT [2018/05/28 10:07:21 ET]
Table 'Donati' 6-max Seat #1 is the button
Seat 1: luka1981good ($5 in chips) 
Seat 2: salamandryko ($5.53 in chips) 
Seat 3: Tqlkkk-_- ($5 in chips) 
Seat 4: fr1sson ($5.38 in chips) 
Seat 5: HubertusB ($5.87 in chips) 
Seat 6: Einf ($6.82 in chips) 
salamandryko: posts small blind $0.02
Tqlkkk-_-: posts big blind $0.05
*** HOLE CARDS ***
Dealt to HubertusB [4d Jd]
fr1sson: folds 
HubertusB: folds 
Einf: folds 
luka1981good: folds 
salamandryko: folds 
Uncalled bet ($0.03) returned to Tqlkkk-_-
Tqlkkk-_- collected $0.04 from pot
Tqlkkk-_-: doesn't show hand 
*** SUMMARY ***
Total pot $0.04 | Rake $0 
Seat 1: luka1981good (button) folded before Flop (didn't bet)
Seat 2: salamandryko (small blind) folded before Flop
Seat 3: Tqlkkk-_- (big blind) collected ($0.04)
Seat 4: fr1sson folded before Flop (didn't bet)
Seat 5: HubertusB folded before Flop (didn't bet)
Seat 6: Einf folded before Flop (didn't bet)



PokerStars Zoom Hand #186956731613:  Hold'em No Limit ($0.02/$0.05) - 2018/05/28 22:06:51 CCT [2018/05/28 10:06:51 ET]
Table 'Donati' 6-max Seat #1 is the button
Seat 1: HubertusB ($6.02 in chips) 
Seat 2: J-omp 21 ($8.01 in chips) 
Seat 3: Setapouch ($7.58 in chips) 
Seat 4: bielelias ($11.10 in chips) 
Seat 5: PPCC19 ($4.61 in chips) 
Seat 6: Tqlkkk-_- ($7.31 in chips) 
J-omp 21: posts small blind $0.02
Setapouch: posts big blind $0.05
*** HOLE CARDS ***
Dealt to HubertusB [8d 8s]
bielelias: raises $0.10 to $0.15
PPCC19: calls $0.15
Tqlkkk-_-: folds 
HubertusB: calls $0.15
J-omp 21: folds 
Setapouch: folds 
*** FLOP *** [4h 5h 9s]
bielelias: checks 
PPCC19: bets $0.30
HubertusB: folds 
bielelias: calls $0.30
*** TURN *** [4h 5h 9s] [8h]
bielelias: checks 
PPCC19: checks 
*** RIVER *** [4h 5h 9s 8h] [Qs]
bielelias: checks 
PPCC19: checks 
*** SHOW DOWN ***
bielelias: shows [Ad Qh] (a pair of Queens)
PPCC19: mucks hand 
bielelias collected $1.07 from pot
*** SUMMARY ***
Total pot $1.12 | Rake $0.05 
Board [4h 5h 9s 8h Qs]
Seat 1: HubertusB (button) folded on the Flop
Seat 2: J-omp 21 (small blind) folded before Flop
Seat 3: Setapouch (big blind) folded before Flop
Seat 4: bielelias showed [Ad Qh] and won ($1.07) with a pair of Queens
Seat 5: PPCC19 mucked [7s 7c]
Seat 6: Tqlkkk-_- folded before Flop (didn't bet)



PokerStars Zoom Hand #186956741844:  Hold'em No Limit ($0.02/$0.05) - 2018/05/28 22:07:12 CCT [2018/05/28 10:07:12 ET]
Table 'Donati' 6-max Seat #1 is the button
Seat 1: ninobel88 ($5.30 in chips) 
Seat 2: pavlo590 ($5.67 in chips) 
Seat 3: Radomir 26 ($6.14 in chips) 
Seat 4: BloodXan991 ($4.04 in chips) 
Seat 5: Crazy Oll ($5.34 in chips) 
Seat 6: HubertusB ($5.87 in chips) 
pavlo590: posts small blind $0.02
Radomir 26: posts big blind $0.05
*** HOLE CARDS ***
Dealt to HubertusB [5c Jc]
BloodXan991: raises $0.05 to $0.10
Crazy Oll: folds 
HubertusB: folds 
ninobel88: folds 
pavlo590: folds 
Radomir 26: calls $0.05
*** FLOP *** [6d Qs 4d]
Radomir 26: checks 
BloodXan991: checks 
*** TURN *** [6d Qs 4d] [8s]
Radomir 26: bets $0.15
BloodXan991: raises $0.15 to $0.30
Radomir 26: folds 
Uncalled bet ($0.15) returned to BloodXan991
BloodXan991 collected $0.50 from pot
BloodXan991: doesn't show hand 
*** SUMMARY ***
Total pot $0.52 | Rake $0.02 
Board [6d Qs 4d 8s]
Seat 1: ninobel88 (button) folded before Flop (didn't bet)
Seat 2: pavlo590 (small blind) folded before Flop
Seat 3: Radomir 26 (big blind) folded on the Turn
Seat 4: BloodXan991 collected ($0.50)
Seat 5: Crazy Oll folded before Flop (didn't bet)
Seat 6: HubertusB folded before Flop (didn't bet)



PokerStars Zoom Hand #186956749094:  Hold'em No Limit ($0.02/$0.05) - 2018/05/28 22:07:27 CCT [2018/05/28 10:07:27 ET]
Table 'Donati' 6-max Seat #1 is the button
Seat 1: nuctoral ($8.77 in chips) 
Seat 2: Lelli1 ($7.10 in chips) 
Seat 3: sprojekt ($4.98 in chips) 
Seat 4: ninobel88 ($5.54 in chips) 
Seat 5: HubertusB ($5.87 in chips) 
Seat 6: qwlmn159951 ($4.12 in chips) 
Lelli1: posts small blind $0.02
sprojekt: posts big blind $0.05
*** HOLE CARDS ***
Dealt to HubertusB [6c Td]
ninobel88: folds 
HubertusB: folds 
qwlmn159951: folds 
nuctoral: folds 
Lelli1: raises $0.07 to $0.12
sprojekt: folds 
Uncalled bet ($0.07) returned to Lelli1
Lelli1 collected $0.10 from pot
Lelli1: doesn't show hand 
*** SUMMARY ***
Total pot $0.10 | Rake $0 
Seat 1: nuctoral (button) folded before Flop (didn't bet)
Seat 2: Lelli1 (small blind) collected ($0.10)
Seat 3: sprojekt (big blind) folded before Flop
Seat 4: ninobel88 folded before Flop (didn't bet)
Seat 5: HubertusB folded before Flop (didn't bet)
Seat 6: qwlmn159951 folded before Flop (didn't bet)



PokerStars Zoom Hand #186956751434:  Hold'em No Limit ($0.02/$0.05) - 2018/05/28 22:07:32 CCT [2018/05/28 10:07:32 ET]
Table 'Donati' 6-max Seat #1 is the button
Seat 1: judith0810 ($4.29 in chips) 
Seat 2: HubertusB ($5.87 in chips) 
Seat 3: suleimanruy ($9.51 in chips) 
Seat 4: xiazhen ($5.86 in chips) 
Seat 5: VladimirSBK ($1.37 in chips) 
Seat 6: onasu0327 ($3.67 in chips) 
HubertusB: posts small blind $0.02
suleimanruy: posts big blind $0.05
*** HOLE CARDS ***
Dealt to HubertusB [Kc Js]
xiazhen: folds 
VladimirSBK: folds 
onasu0327: folds 
judith0810: raises $0.10 to $0.15
HubertusB: raises $0.35 to $0.50
suleimanruy: folds 
judith0810: calls $0.35
*** FLOP *** [7h Jh 7c]
HubertusB: bets $0.55
judith0810: calls $0.55
*** TURN *** [7h Jh 7c] [8h]
HubertusB: bets $1.70
judith0810: raises $1.54 to $3.24 and is all-in
HubertusB: folds 
Uncalled bet ($1.54) returned to judith0810
judith0810 collected $5.32 from pot
judith0810: doesn't show hand 
*** SUMMARY ***
Total pot $5.55 | Rake $0.23 
Board [7h Jh 7c 8h]
Seat 1: judith0810 (button) collected ($5.32)
Seat 2: HubertusB (small blind) folded on the Turn
Seat 3: suleimanruy (big blind) folded before Flop
Seat 4: xiazhen folded before Flop (didn't bet)
Seat 5: VladimirSBK folded before Flop (didn't bet)
Seat 6: onasu0327 folded before Flop (didn't bet)



PokerStars Zoom Hand #186956774386:  Hold'em No Limit ($0.02/$0.05) - 2018/05/28 22:08:19 CCT [2018/05/28 10:08:19 ET]
Table 'Donati' 6-max Seat #1 is the button
Seat 1: xlamobot ($6.20 in chips) 
Seat 2: jorge1145 ($15.47 in chips) 
Seat 3: positionlimp ($13.96 in chips) 
Seat 4: HubertusB ($3.12 in chips) 
Seat 5: KSSD23 ($5.87 in chips) 
Seat 6: annita44 ($5.05 in chips) 
jorge1145: posts small blind $0.02
positionlimp: posts big blind $0.05
*** HOLE CARDS ***
Dealt to HubertusB [7c 7s]
HubertusB: raises $0.10 to $0.15
KSSD23: folds 
annita44: calls $0.15
xlamobot: folds 
jorge1145: folds 
positionlimp: folds 
*** FLOP *** [7h 3s Kd]
HubertusB: bets $0.20
annita44: folds 
Uncalled bet ($0.20) returned to HubertusB
HubertusB collected $0.35 from pot
HubertusB: doesn't show hand 
*** SUMMARY ***
Total pot $0.37 | Rake $0.02 
Board [7h 3s Kd]
Seat 1: xlamobot (button) folded before Flop (didn't bet)
Seat 2: jorge1145 (small blind) folded before Flop
Seat 3: positionlimp (big blind) folded before Flop
Seat 4: HubertusB collected ($0.35)
Seat 5: KSSD23 folded before Flop (didn't bet)
Seat 6: annita44 folded on the Flop



PokerStars Zoom Hand #186956797271:  Hold'em No Limit ($0.02/$0.05) - 2018/05/28 22:09:06 CCT [2018/05/28 10:09:06 ET]
Table 'Donati' 6-max Seat #1 is the button
Seat 1: HubertusB ($3.27 in chips) 
Seat 2: U_RULIA ($6.61 in chips) 
Seat 3: qwlmn159951 ($9.42 in chips) 
Seat 4: oleg777886 ($5.05 in chips) 
Seat 5: Dasperin ($5.82 in chips) 
Seat 6: 2424duff ($6 in chips) 
U_RULIA: posts small blind $0.02
qwlmn159951: posts big blind $0.05
*** HOLE CARDS ***
Dealt to HubertusB [7d 9s]
oleg777886: raises $0.05 to $0.10
Dasperin: folds 
2424duff: folds 
HubertusB: folds 
U_RULIA: folds 
qwlmn159951: folds 
Uncalled bet ($0.05) returned to oleg777886
oleg777886 collected $0.12 from pot
oleg777886: doesn't show hand 
*** SUMMARY ***
Total pot $0.12 | Rake $0 
Seat 1: HubertusB (button) folded before Flop (didn't bet)
Seat 2: U_RULIA (small blind) folded before Flop
Seat 3: qwlmn159951 (big blind) folded before Flop
Seat 4: oleg777886 collected ($0.12)
Seat 5: Dasperin folded before Flop (didn't bet)
Seat 6: 2424duff folded before Flop (didn't bet)



PokerStars Zoom Hand #186956789863:  Hold'em No Limit ($0.02/$0.05) - 2018/05/28 22:08:51 CCT [2018/05/28 10:08:51 ET]
Table 'Donati' 6-max Seat #1 is the button
Seat 1: doctor bongo ($3.37 in chips) 
Seat 2: progre$$or ($14.05 in chips) 
Seat 3: HubertusB ($3.32 in chips) 
Seat 4: indys228_322 ($18.17 in chips) 
Seat 5: Dokerokk23 ($5.92 in chips) 
Seat 6: ninobel88 ($6.23 in chips) 
progre$$or: posts small blind $0.02
HubertusB: posts big blind $0.05
*** HOLE CARDS ***
Dealt to HubertusB [4d 2s]
indys228_322: raises $0.07 to $0.12
Dokerokk23: folds 
ninobel88: folds 
doctor bongo: calls $0.12
progre$$or: folds 
HubertusB: folds 
*** FLOP *** [Qd Kc Ac]
indys228_322: bets $0.17
doctor bongo: calls $0.17
*** TURN *** [Qd Kc Ac] [3s]
indys228_322: bets $0.35
doctor bongo: calls $0.35
*** RIVER *** [Qd Kc Ac 3s] [4c]
indys228_322: bets $1.05
doctor bongo: calls $1.05
*** SHOW DOWN ***
indys228_322: shows [Ks 8s] (a pair of Kings)
doctor bongo: shows [Kh Js] (a pair of Kings - Ace+Queen+Jack kicker)
doctor bongo collected $3.31 from pot
*** SUMMARY ***
Total pot $3.45 | Rake $0.14 
Board [Qd Kc Ac 3s 4c]
Seat 1: doctor bongo (button) showed [Kh Js] and won ($3.31) with a pair of Kings
Seat 2: progre$$or (small blind) folded before Flop
Seat 3: HubertusB (big blind) folded before Flop
Seat 4: indys228_322 showed [Ks 8s] and lost with a pair of Kings
Seat 5: Dokerokk23 folded before Flop (didn't bet)
Seat 6: ninobel88 folded before Flop (didn't bet)



PokerStars Zoom Hand #186956803547:  Hold'em No Limit ($0.02/$0.05) - 2018/05/28 22:09:19 CCT [2018/05/28 10:09:19 ET]
Table 'Donati' 6-max Seat #1 is the button
Seat 1: higgins1989 ($6.73 in chips) 
Seat 2: U_RULIA ($7 in chips) 
Seat 3: yukidaruma14 ($4.28 in chips) 
Seat 4: luka1981good ($5 in chips) 
Seat 5: HubertusB ($3.27 in chips) 
Seat 6: c94sual ($6.21 in chips) 
U_RULIA: posts small blind $0.02
yukidaruma14: posts big blind $0.05
*** HOLE CARDS ***
Dealt to HubertusB [4d Kc]
luka1981good: folds 
HubertusB: folds 
c94sual: raises $0.10 to $0.15
higgins1989: folds 
U_RULIA: folds 
yukidaruma14: folds 
Uncalled bet ($0.10) returned to c94sual
c94sual collected $0.12 from pot
c94sual: doesn't show hand 
*** SUMMARY ***
Total pot $0.12 | Rake $0 
Seat 1: higgins1989 (button) folded before Flop (didn't bet)
Seat 2: U_RULIA (small blind) folded before Flop
Seat 3: yukidaruma14 (big blind) folded before Flop
Seat 4: luka1981good folded before Flop (didn't bet)
Seat 5: HubertusB folded before Flop (didn't bet)
Seat 6: c94sual collected ($0.12)



PokerStars Zoom Hand #186956808509:  Hold'em No Limit ($0.02/$0.05) - 2018/05/28 22:09:29 CCT [2018/05/28 10:09:29 ET]
Table 'Donati' 6-max Seat #1 is the button
Seat 1: sprojekt ($5.03 in chips) 
Seat 2: HubertusB ($3.27 in chips) 
Seat 3: salamandryko ($5.47 in chips) 
Seat 4: Ianus72 ($8.71 in chips) 
Seat 5: Restorm1 ($11.26 in chips) 
Seat 6: TikeTake ($6.17 in chips) 
HubertusB: posts small blind $0.02
salamandryko: posts big blind $0.05
*** HOLE CARDS ***
Dealt to HubertusB [3c 6d]
Ianus72: folds 
Restorm1: folds 
TikeTake: folds 
sprojekt: folds 
HubertusB: folds 
Uncalled bet ($0.03) returned to salamandryko
salamandryko collected $0.04 from pot
salamandryko: doesn't show hand 
*** SUMMARY ***
Total pot $0.04 | Rake $0 
Seat 1: sprojekt (button) folded before Flop (didn't bet)
Seat 2: HubertusB (small blind) folded before Flop
Seat 3: salamandryko (big blind) collected ($0.04)
Seat 4: Ianus72 folded before Flop (didn't bet)
Seat 5: Restorm1 folded before Flop (didn't bet)
Seat 6: TikeTake folded before Flop (didn't bet)



PokerStars Zoom Hand #186956801150:  Hold'em No Limit ($0.02/$0.05) - 2018/05/28 22:09:14 CCT [2018/05/28 10:09:14 ET]
Table 'Donati' 6-max Seat #1 is the button
Seat 1: qwlmn159951 ($2.11 in chips) 
Seat 2: Tupoun007 ($4.86 in chips) 
Seat 3: eellee60 ($2.50 in chips) 
Seat 4: lzoflamingo ($5.51 in chips) 
Seat 5: bielelias ($12.40 in chips) 
Seat 6: HubertusB ($3.27 in chips) 
Tupoun007: posts small blind $0.02
eellee60: posts big blind $0.05
*** HOLE CARDS ***
Dealt to HubertusB [6c 4s]
lzoflamingo: folds 
bielelias: raises $0.10 to $0.15
HubertusB: folds 
qwlmn159951: folds 
Tupoun007: folds 
eellee60: calls $0.10
*** FLOP *** [3h 7h Qd]
eellee60: checks 
bielelias: bets $0.16
eellee60: calls $0.16
*** TURN *** [3h 7h Qd] [8c]
eellee60: checks 
bielelias: checks 
*** RIVER *** [3h 7h Qd 8c] [3d]
eellee60: bets $0.61
bielelias: folds 
Uncalled bet ($0.61) returned to eellee60
eellee60 collected $0.61 from pot
eellee60: doesn't show hand 
*** SUMMARY ***
Total pot $0.64 | Rake $0.03 
Board [3h 7h Qd 8c 3d]
Seat 1: qwlmn159951 (button) folded before Flop (didn't bet)
Seat 2: Tupoun007 (small blind) folded before Flop
Seat 3: eellee60 (big blind) collected ($0.61)
Seat 4: lzoflamingo folded before Flop (didn't bet)
Seat 5: bielelias folded on the River
Seat 6: HubertusB folded before Flop (didn't bet)



PokerStars Zoom Hand #186956806003:  Hold'em No Limit ($0.02/$0.05) - 2018/05/28 22:09:24 CCT [2018/05/28 10:09:24 ET]
Table 'Donati' 6-max Seat #1 is the button
Seat 1: Peter10Pan ($5 in chips) 
Seat 2: solaum ($4.39 in chips) 
Seat 3: ProjetRed ($5.32 in chips) 
Seat 4: HubertusB ($3.27 in chips) 
Seat 5: PPCC19 ($4.16 in chips) 
Seat 6: kurawara2701 ($5.16 in chips) 
solaum: posts small blind $0.02
ProjetRed: posts big blind $0.05
*** HOLE CARDS ***
Dealt to HubertusB [6s 5s]
HubertusB: folds 
PPCC19: folds 
kurawara2701: folds 
Peter10Pan: raises $0.10 to $0.15
solaum: calls $0.13
ProjetRed: folds 
*** FLOP *** [6c 9c Ah]
solaum: checks 
Peter10Pan: bets $0.20
solaum: folds 
Uncalled bet ($0.20) returned to Peter10Pan
Peter10Pan collected $0.34 from pot
Peter10Pan: doesn't show hand 
*** SUMMARY ***
Total pot $0.35 | Rake $0.01 
Board [6c 9c Ah]
Seat 1: Peter10Pan (button) collected ($0.34)
Seat 2: solaum (small blind) folded on the Flop
Seat 3: ProjetRed (big blind) folded before Flop
Seat 4: HubertusB folded before Flop (didn't bet)
Seat 5: PPCC19 folded before Flop (didn't bet)
Seat 6: kurawara2701 folded before Flop (didn't bet)



PokerStars Zoom Hand #186956810953:  Hold'em No Limit ($0.02/$0.05) - 2018/05/28 22:09:34 CCT [2018/05/28 10:09:34 ET]
Table 'Donati' 6-max Seat #1 is the button
Seat 1: animackx ($2.89 in chips) 
Seat 2: Fe4rF4ctor ($11.81 in chips) 
Seat 3: HubertusB ($3.25 in chips) 
Seat 4: Ryota1211 ($24.61 in chips) 
Seat 5: 4effoto ($6.74 in chips) 
Seat 6: born8sleepy ($6.11 in chips) 
Fe4rF4ctor: posts small blind $0.02
HubertusB: posts big blind $0.05
*** HOLE CARDS ***
Dealt to HubertusB [Js 7d]
Ryota1211: folds 
4effoto: folds 
born8sleepy: folds 
animackx: raises $0.10 to $0.15
Fe4rF4ctor: folds 
HubertusB: folds 
Uncalled bet ($0.10) returned to animackx
animackx collected $0.12 from pot
animackx: doesn't show hand 
*** SUMMARY ***
Total pot $0.12 | Rake $0 
Seat 1: animackx (button) collected ($0.12)
Seat 2: Fe4rF4ctor (small blind) folded before Flop
Seat 3: HubertusB (big blind) folded before Flop
Seat 4: Ryota1211 folded before Flop (didn't bet)
Seat 5: 4effoto folded before Flop (didn't bet)
Seat 6: born8sleepy folded before Flop (didn't bet)



PokerStars Zoom Hand #186956820736:  Hold'em No Limit ($0.02/$0.05) - 2018/05/28 22:09:54 CCT [2018/05/28 10:09:54 ET]
Table 'Donati' 6-max Seat #1 is the button
Seat 1: jorge1145 ($5.27 in chips) 
Seat 2: MamaMaruca ($7.28 in chips) 
Seat 3: Hydra183 ($8.33 in chips) 
Seat 4: HubertusB ($3.20 in chips) 
Seat 5: animackx ($2.96 in chips) 
Seat 6: Ryke3 ($5.92 in chips) 
MamaMaruca: posts small blind $0.02
Hydra183: posts big blind $0.05
*** HOLE CARDS ***
Dealt to HubertusB [5c 7h]
HubertusB: folds 
animackx: folds 
Ryke3: folds 
jorge1145: folds 
MamaMaruca: folds 
Uncalled bet ($0.03) returned to Hydra183
Hydra183 collected $0.04 from pot
Hydra183: doesn't show hand 
*** SUMMARY ***
Total pot $0.04 | Rake $0 
Seat 1: jorge1145 (button) folded before Flop (didn't bet)
Seat 2: MamaMaruca (small blind) folded before Flop
Seat 3: Hydra183 (big blind) collected ($0.04)
Seat 4: HubertusB folded before Flop (didn't bet)
Seat 5: animackx folded before Flop (didn't bet)
Seat 6: Ryke3 folded before Flop (didn't bet)



PokerStars Zoom Hand #186956818354:  Hold'em No Limit ($0.02/$0.05) - 2018/05/28 22:09:49 CCT [2018/05/28 10:09:49 ET]
Table 'Donati' 6-max Seat #1 is the button
Seat 1: HubertusB ($3.20 in chips) 
Seat 2: pokerist0707 ($4.24 in chips) 
Seat 3: JHWH87 ($6 in chips) 
Seat 4: Simkooo ($5 in chips) 
Seat 5: facun34 ($5.75 in chips) 
Seat 6: R@Y_01RUS ($6.53 in chips) 
pokerist0707: posts small blind $0.02
JHWH87: posts big blind $0.05
*** HOLE CARDS ***
Dealt to HubertusB [5h 9d]
Simkooo: folds 
facun34: folds 
R@Y_01RUS: folds 
HubertusB: folds 
pokerist0707: raises $0.05 to $0.10
JHWH87: calls $0.05
*** FLOP *** [4d 6d 8d]
pokerist0707: checks 
JHWH87: checks 
*** TURN *** [4d 6d 8d] [2d]
pokerist0707: bets $0.05
JHWH87: calls $0.05
*** RIVER *** [4d 6d 8d 2d] [3s]
pokerist0707: checks 
JHWH87: checks 
*** SHOW DOWN ***
pokerist0707: shows [4s Kc] (a pair of Fours)
JHWH87: shows [8h 7d] (a flush, Eight high)
JHWH87 collected $0.29 from pot
*** SUMMARY ***
Total pot $0.30 | Rake $0.01 
Board [4d 6d 8d 2d 3s]
Seat 1: HubertusB (button) folded before Flop (didn't bet)
Seat 2: pokerist0707 (small blind) showed [4s Kc] and lost with a pair of Fours
Seat 3: JHWH87 (big blind) showed [8h 7d] and won ($0.29) with a flush, Eight high
Seat 4: Simkooo folded before Flop (didn't bet)
Seat 5: facun34 folded before Flop (didn't bet)
Seat 6: R@Y_01RUS folded before Flop (didn't bet)



PokerStars Zoom Hand #186956826271:  Hold'em No Limit ($0.02/$0.05) - 2018/05/28 22:10:05 CCT [2018/05/28 10:10:05 ET]
Table 'Donati' 6-max Seat #1 is the button
Seat 1: alyceofspade ($4.40 in chips) 
Seat 2: Lagertha77 ($5 in chips) 
Seat 3: oderint73 ($6.47 in chips) 
Seat 4: Jyduste ($8.17 in chips) 
Seat 5: HubertusB ($3.20 in chips) 
Seat 6: animackx ($4.82 in chips) 
Lagertha77: posts small blind $0.02
oderint73: posts big blind $0.05
*** HOLE CARDS ***
Dealt to HubertusB [6d Ks]
Jyduste has timed out while disconnected
Jyduste: folds 
HubertusB: folds 
animackx: folds 
alyceofspade: folds 
Lagertha77: folds 
Uncalled bet ($0.03) returned to oderint73
oderint73 collected $0.04 from pot
oderint73: doesn't show hand 
*** SUMMARY ***
Total pot $0.04 | Rake $0 
Seat 1: alyceofspade (button) folded before Flop (didn't bet)
Seat 2: Lagertha77 (small blind) folded before Flop
Seat 3: oderint73 (big blind) collected ($0.04)
Seat 4: Jyduste folded before Flop (didn't bet)
Seat 5: HubertusB folded before Flop (didn't bet)
Seat 6: animackx folded before Flop (didn't bet)



PokerStars Zoom Hand #186956832766:  Hold'em No Limit ($0.02/$0.05) - 2018/05/28 22:10:18 CCT [2018/05/28 10:10:18 ET]
Table 'Donati' 6-max Seat #1 is the button
Seat 1: Restorm1 ($7.10 in chips) 
Seat 2: HubertusB ($3.20 in chips) 
Seat 3: Beyond-Skills ($5 in chips) 
Seat 4: maskishow4f ($15.56 in chips) 
Seat 5: sly-sly-fox ($4.61 in chips) 
Seat 6: GlamKudes ($5.05 in chips) 
HubertusB: posts small blind $0.02
Beyond-Skills: posts big blind $0.05
*** HOLE CARDS ***
Dealt to HubertusB [Th 3d]
maskishow4f: raises $0.11 to $0.16
sly-sly-fox: folds 
GlamKudes: folds 
Restorm1: folds 
HubertusB: folds 
Beyond-Skills: folds 
Uncalled bet ($0.11) returned to maskishow4f
maskishow4f collected $0.12 from pot
maskishow4f: doesn't show hand 
*** SUMMARY ***
Total pot $0.12 | Rake $0 
Seat 1: Restorm1 (button) folded before Flop (didn't bet)
Seat 2: HubertusB (small blind) folded before Flop
Seat 3: Beyond-Skills (big blind) folded before Flop
Seat 4: maskishow4f collected ($0.12)
Seat 5: sly-sly-fox folded before Flop (didn't bet)
Seat 6: GlamKudes folded before Flop (didn't bet)



PokerStars Zoom Hand #186956823313:  Hold'em No Limit ($0.02/$0.05) - 2018/05/28 22:09:59 CCT [2018/05/28 10:09:59 ET]
Table 'Donati' 6-max Seat #1 is the button
Seat 1: pepsi3000 ($5.07 in chips) 
Seat 2: levathon ($5 in chips) 
Seat 3: evgenia V ($5.22 in chips) 
Seat 4: higebon ($2.77 in chips) 
Seat 5: SirSavagery ($5 in chips) 
Seat 6: HubertusB ($3.20 in chips) 
levathon: posts small blind $0.02
evgenia V: posts big blind $0.05
*** HOLE CARDS ***
Dealt to HubertusB [Kc 6d]
higebon: folds 
SirSavagery: folds 
HubertusB: folds 
pepsi3000: raises $0.07 to $0.12
levathon has timed out while disconnected
levathon: folds 
evgenia V: folds 
Uncalled bet ($0.07) returned to pepsi3000
pepsi3000 collected $0.12 from pot
pepsi3000: doesn't show hand 
*** SUMMARY ***
Total pot $0.12 | Rake $0 
Seat 1: pepsi3000 (button) collected ($0.12)
Seat 2: levathon (small blind) folded before Flop
Seat 3: evgenia V (big blind) folded before Flop
Seat 4: higebon folded before Flop (didn't bet)
Seat 5: SirSavagery folded before Flop (didn't bet)
Seat 6: HubertusB folded before Flop (didn't bet)



PokerStars Zoom Hand #186956836748:  Hold'em No Limit ($0.02/$0.05) - 2018/05/28 22:10:26 CCT [2018/05/28 10:10:26 ET]
Table 'Donati' 6-max Seat #1 is the button
Seat 1: Bluecrust ($15.48 in chips) 
Seat 2: Chunichi ($8.39 in chips) 
Seat 3: HubertusB ($3.18 in chips) 
Seat 4: TheLuckyDuck13 ($2.43 in chips) 
Seat 5: L.Lucete ($5 in chips) 
Seat 6: ThePainter63 ($4.73 in chips) 
Chunichi: posts small blind $0.02
HubertusB: posts big blind $0.05
*** HOLE CARDS ***
Dealt to HubertusB [2c 2d]
TheLuckyDuck13: folds 
L.Lucete: folds 
ThePainter63: folds 
Bluecrust: raises $0.10 to $0.15
Chunichi: folds 
HubertusB: calls $0.10
*** FLOP *** [4s Qh 5h]
HubertusB: checks 
Bluecrust: checks 
*** TURN *** [4s Qh 5h] [7c]
HubertusB: bets $0.16
Bluecrust: folds 
Uncalled bet ($0.16) returned to HubertusB
HubertusB collected $0.31 from pot
HubertusB: doesn't show hand 
*** SUMMARY ***
Total pot $0.32 | Rake $0.01 
Board [4s Qh 5h 7c]
Seat 1: Bluecrust (button) folded on the Turn
Seat 2: Chunichi (small blind) folded before Flop
Seat 3: HubertusB (big blind) collected ($0.31)
Seat 4: TheLuckyDuck13 folded before Flop (didn't bet)
Seat 5: L.Lucete folded before Flop (didn't bet)
Seat 6: ThePainter63 folded before Flop (didn't bet)



PokerStars Zoom Hand #186956829258:  Hold'em No Limit ($0.02/$0.05) - 2018/05/28 22:10:11 CCT [2018/05/28 10:10:11 ET]
Table 'Donati' 6-max Seat #1 is the button
Seat 1: HubertusB ($3.20 in chips) 
Seat 2: jorge1145 ($5.27 in chips) 
Seat 3: Tqlkkk-_- ($5.12 in chips) 
Seat 4: sprojekt ($5.34 in chips) 
Seat 5: Nohall-God ($13.61 in chips) 
Seat 6: haruhi:3 ($5.05 in chips) 
jorge1145: posts small blind $0.02
Tqlkkk-_-: posts big blind $0.05
*** HOLE CARDS ***
Dealt to HubertusB [6d 4c]
sprojekt: folds 
Nohall-God: folds 
haruhi:3: raises $0.07 to $0.12
HubertusB: folds 
jorge1145: calls $0.10
Tqlkkk-_-: calls $0.07
*** FLOP *** [Ts 9c 7h]
jorge1145: checks 
Tqlkkk-_-: checks 
haruhi:3: bets $0.18
jorge1145: calls $0.18
Tqlkkk-_-: folds 
*** TURN *** [Ts 9c 7h] [Td]
jorge1145: checks 
haruhi:3: checks 
*** RIVER *** [Ts 9c 7h Td] [Ah]
jorge1145: bets $0.52
haruhi:3: folds 
Uncalled bet ($0.52) returned to jorge1145
jorge1145 collected $0.69 from pot
jorge1145: doesn't show hand 
*** SUMMARY ***
Total pot $0.72 | Rake $0.03 
Board [Ts 9c 7h Td Ah]
Seat 1: HubertusB (button) folded before Flop (didn't bet)
Seat 2: jorge1145 (small blind) collected ($0.69)
Seat 3: Tqlkkk-_- (big blind) folded on the Flop
Seat 4: sprojekt folded before Flop (didn't bet)
Seat 5: Nohall-God folded before Flop (didn't bet)
Seat 6: haruhi:3 folded on the River



PokerStars Zoom Hand #186956855478:  Hold'em No Limit ($0.02/$0.05) - 2018/05/28 22:11:04 CCT [2018/05/28 10:11:04 ET]
Table 'Donati' 6-max Seat #1 is the button
Seat 1: Olly81 ($5 in chips) 
Seat 2: animackx ($2.96 in chips) 
Seat 3: MetaTrader4 ($5.37 in chips) 
Seat 4: Norbi708 ($4.93 in chips) 
Seat 5: R@Y_01RUS ($8.22 in chips) 
Seat 6: HubertusB ($3.34 in chips) 
animackx: posts small blind $0.02
MetaTrader4: posts big blind $0.05
*** HOLE CARDS ***
Dealt to HubertusB [9h 7c]
Norbi708: folds 
R@Y_01RUS: raises $0.10 to $0.15
HubertusB: folds 
Olly81: folds 
animackx: folds 
MetaTrader4: folds 
Uncalled bet ($0.10) returned to R@Y_01RUS
R@Y_01RUS collected $0.12 from pot
R@Y_01RUS: doesn't show hand 
*** SUMMARY ***
Total pot $0.12 | Rake $0 
Seat 1: Olly81 (button) folded before Flop (didn't bet)
Seat 2: animackx (small blind) folded before Flop
Seat 3: MetaTrader4 (big blind) folded before Flop
Seat 4: Norbi708 folded before Flop (didn't bet)
Seat 5: R@Y_01RUS collected ($0.12)
Seat 6: HubertusB folded before Flop (didn't bet)



PokerStars Zoom Hand #186956858394:  Hold'em No Limit ($0.02/$0.05) - 2018/05/28 22:11:10 CCT [2018/05/28 10:11:10 ET]
Table 'Donati' 6-max Seat #1 is the button
Seat 1: ninobel88 ($6.15 in chips) 
Seat 2: Hydra183 ($6.27 in chips) 
Seat 3: Bluecrust ($32.39 in chips) 
Seat 4: HubertusB ($3.34 in chips) 
Seat 5: Maksbill1 ($5.14 in chips) 
Seat 6: Maoochan ($5.99 in chips) 
Hydra183: posts small blind $0.02
Bluecrust: posts big blind $0.05
*** HOLE CARDS ***
Dealt to HubertusB [7d Qs]
HubertusB: folds 
Maksbill1: folds 
Maoochan: raises $0.10 to $0.15
ninobel88: folds 
Hydra183: folds 
Bluecrust: folds 
Uncalled bet ($0.10) returned to Maoochan
Maoochan collected $0.12 from pot
Maoochan: doesn't show hand 
*** SUMMARY ***
Total pot $0.12 | Rake $0 
Seat 1: ninobel88 (button) folded before Flop (didn't bet)
Seat 2: Hydra183 (small blind) folded before Flop
Seat 3: Bluecrust (big blind) folded before Flop
Seat 4: HubertusB folded before Flop (didn't bet)
Seat 5: Maksbill1 folded before Flop (didn't bet)
Seat 6: Maoochan collected ($0.12)



PokerStars Zoom Hand #186956861358:  Hold'em No Limit ($0.02/$0.05) - 2018/05/28 22:11:16 CCT [2018/05/28 10:11:16 ET]
Table 'Donati' 6-max Seat #1 is the button
Seat 1: HubertusB ($3.34 in chips) 
Seat 2: xxxOneginxxx ($10.30 in chips) 
Seat 3: facun34 ($5.86 in chips) 
Seat 4: Ianus72 ($5.26 in chips) 
Seat 5: Spookie_1980 ($12.46 in chips) 
Seat 6: instabio ($3.48 in chips) 
xxxOneginxxx: posts small blind $0.02
facun34: posts big blind $0.05
*** HOLE CARDS ***
Dealt to HubertusB [Qh 4h]
Ianus72: folds 
Spookie_1980: folds 
instabio: folds 
HubertusB: raises $0.10 to $0.15
xxxOneginxxx: folds 
facun34: folds 
Uncalled bet ($0.10) returned to HubertusB
HubertusB collected $0.12 from pot
HubertusB: doesn't show hand 
*** SUMMARY ***
Total pot $0.12 | Rake $0 
Seat 1: HubertusB (button) collected ($0.12)
Seat 2: xxxOneginxxx (small blind) folded before Flop
Seat 3: facun34 (big blind) folded before Flop
Seat 4: Ianus72 folded before Flop (didn't bet)
Seat 5: Spookie_1980 folded before Flop (didn't bet)
Seat 6: instabio folded before Flop (didn't bet)



PokerStars Zoom Hand #186956871729:  Hold'em No Limit ($0.02/$0.05) - 2018/05/28 22:11:37 CCT [2018/05/28 10:11:37 ET]
Table 'Donati' 6-max Seat #1 is the button
Seat 1: KIT426 ($2.27 in chips) 
Seat 2: Bluecrust ($15.28 in chips) 
Seat 3: VladimirSBK ($2.43 in chips) 
Seat 4: Lukaesc ($2.83 in chips) 
Seat 5: HubertusB ($3.41 in chips) 
Seat 6: Radomir 26 ($6.93 in chips) 
Bluecrust: posts small blind $0.02
VladimirSBK: posts big blind $0.05
*** HOLE CARDS ***
Dealt to HubertusB [As 5s]
Lukaesc: calls $0.05
HubertusB: raises $0.10 to $0.15
Radomir 26: folds 
KIT426: folds 
Bluecrust: folds 
VladimirSBK: calls $0.10
Lukaesc: calls $0.10
*** FLOP *** [4s 8h 2d]
VladimirSBK: checks 
Lukaesc: checks 
HubertusB: bets $0.25
VladimirSBK: calls $0.25
Lukaesc: calls $0.25
*** TURN *** [4s 8h 2d] [5c]
VladimirSBK: checks 
Lukaesc: checks 
HubertusB: checks 
*** RIVER *** [4s 8h 2d 5c] [7s]
VladimirSBK: checks 
Lukaesc: bets $1.17
HubertusB: folds 
VladimirSBK: folds 
Uncalled bet ($1.17) returned to Lukaesc
Lukaesc collected $1.17 from pot
Lukaesc: doesn't show hand 
*** SUMMARY ***
Total pot $1.22 | Rake $0.05 
Board [4s 8h 2d 5c 7s]
Seat 1: KIT426 (button) folded before Flop (didn't bet)
Seat 2: Bluecrust (small blind) folded before Flop
Seat 3: VladimirSBK (big blind) folded on the River
Seat 4: Lukaesc collected ($1.17)
Seat 5: HubertusB folded on the River
Seat 6: Radomir 26 folded before Flop (didn't bet)



PokerStars Zoom Hand #186956905118:  Hold'em No Limit ($0.02/$0.05) - 2018/05/28 22:12:44 CCT [2018/05/28 10:12:44 ET]
Table 'Donati' 6-max Seat #1 is the button
Seat 1: SuperleskVix ($5.39 in chips) 
Seat 2: HubertusB ($3.01 in chips) 
Seat 3: Tahoe30LT ($5 in chips) 
Seat 4: Shved1502 ($5 in chips) 
Seat 5: soskin ($2.04 in chips) 
Seat 6: Simkooo ($5.02 in chips) 
HubertusB: posts small blind $0.02
Tahoe30LT: posts big blind $0.05
*** HOLE CARDS ***
Dealt to HubertusB [Ad 3h]
Shved1502: folds 
soskin: folds 
Simkooo: folds 
SuperleskVix: folds 
HubertusB: folds 
Uncalled bet ($0.03) returned to Tahoe30LT
Tahoe30LT collected $0.04 from pot
Tahoe30LT: doesn't show hand 
*** SUMMARY ***
Total pot $0.04 | Rake $0 
Seat 1: SuperleskVix (button) folded before Flop (didn't bet)
Seat 2: HubertusB (small blind) folded before Flop
Seat 3: Tahoe30LT (big blind) collected ($0.04)
Seat 4: Shved1502 folded before Flop (didn't bet)
Seat 5: soskin folded before Flop (didn't bet)
Seat 6: Simkooo folded before Flop (didn't bet)



PokerStars Zoom Hand #186956910105:  Hold'em No Limit ($0.02/$0.05) - 2018/05/28 22:12:54 CCT [2018/05/28 10:12:54 ET]
Table 'Donati' 6-max Seat #1 is the button
Seat 1: Jeka90210 ($12.60 in chips) 
Seat 2: Region059 ($5 in chips) 
Seat 3: Tommm_97 ($6.67 in chips) 
Seat 4: overboard3 ($5 in chips) 
Seat 5: Edmondo007 ($5.64 in chips) 
Seat 6: HubertusB ($2.99 in chips) 
Region059: posts small blind $0.02
Tommm_97: posts big blind $0.05
*** HOLE CARDS ***
Dealt to HubertusB [2h 3d]
overboard3: folds 
Edmondo007: folds 
HubertusB: folds 
Jeka90210: folds 
Region059: folds 
Uncalled bet ($0.03) returned to Tommm_97
Tommm_97 collected $0.04 from pot
Tommm_97: doesn't show hand 
*** SUMMARY ***
Total pot $0.04 | Rake $0 
Seat 1: Jeka90210 (button) folded before Flop (didn't bet)
Seat 2: Region059 (small blind) folded before Flop
Seat 3: Tommm_97 (big blind) collected ($0.04)
Seat 4: overboard3 folded before Flop (didn't bet)
Seat 5: Edmondo007 folded before Flop (didn't bet)
Seat 6: HubertusB folded before Flop (didn't bet)



PokerStars Zoom Hand #186956912594:  Hold'em No Limit ($0.02/$0.05) - 2018/05/28 22:12:59 CCT [2018/05/28 10:12:59 ET]
Table 'Donati' 6-max Seat #1 is the button
Seat 1: @bob1977503 ($8.79 in chips) 
Seat 2: toshenjka ($5 in chips) 
Seat 3: HubertusB ($2.99 in chips) 
Seat 4: Maoochan ($6.04 in chips) 
Seat 5: SupaVegi ($6.14 in chips) 
Seat 6: HenrySiu ($6.44 in chips) 
toshenjka: posts small blind $0.02
HubertusB: posts big blind $0.05
*** HOLE CARDS ***
Dealt to HubertusB [9h Ts]
Maoochan: folds 
SupaVegi: folds 
HenrySiu: folds 
@bob1977503: folds 
toshenjka: raises $0.10 to $0.15
HubertusB: folds 
Uncalled bet ($0.10) returned to toshenjka
toshenjka collected $0.10 from pot
toshenjka: doesn't show hand 
*** SUMMARY ***
Total pot $0.10 | Rake $0 
Seat 1: @bob1977503 (button) folded before Flop (didn't bet)
Seat 2: toshenjka (small blind) collected ($0.10)
Seat 3: HubertusB (big blind) folded before Flop
Seat 4: Maoochan folded before Flop (didn't bet)
Seat 5: SupaVegi folded before Flop (didn't bet)
Seat 6: HenrySiu folded before Flop (didn't bet)



PokerStars Zoom Hand #186956924095:  Hold'em No Limit ($0.02/$0.05) - 2018/05/28 22:13:22 CCT [2018/05/28 10:13:22 ET]
Table 'Donati' 6-max Seat #1 is the button
Seat 1: Guido-bomb ($5.51 in chips) 
Seat 2: Hyd SK ($4.77 in chips) 
Seat 3: xodyac ($5 in chips) 
Seat 4: Fiill605 ($3.33 in chips) 
Seat 5: HubertusB ($2.94 in chips) 
Seat 6: Hr.Berti007 ($5.39 in chips) 
Hyd SK: posts small blind $0.02
xodyac: posts big blind $0.05
*** HOLE CARDS ***
Dealt to HubertusB [Kc 9h]
Fiill605: raises $0.10 to $0.15
HubertusB: folds 
Hr.Berti007: folds 
Guido-bomb: folds 
Hyd SK: folds 
xodyac: calls $0.10
*** FLOP *** [Jc 7d Ks]
xodyac: checks 
Fiill605: checks 
*** TURN *** [Jc 7d Ks] [3c]
xodyac: checks 
Fiill605: checks 
*** RIVER *** [Jc 7d Ks 3c] [Jh]
xodyac: checks 
Fiill605: checks 
*** SHOW DOWN ***
xodyac: shows [Th 9c] (a pair of Jacks)
Fiill605: shows [Ah 4h] (a pair of Jacks - Ace kicker)
Fiill605 collected $0.31 from pot
*** SUMMARY ***
Total pot $0.32 | Rake $0.01 
Board [Jc 7d Ks 3c Jh]
Seat 1: Guido-bomb (button) folded before Flop (didn't bet)
Seat 2: Hyd SK (small blind) folded before Flop
Seat 3: xodyac (big blind) showed [Th 9c] and lost with a pair of Jacks
Seat 4: Fiill605 showed [Ah 4h] and won ($0.31) with a pair of Jacks
Seat 5: HubertusB folded before Flop (didn't bet)
Seat 6: Hr.Berti007 folded before Flop (didn't bet)



PokerStars Zoom Hand #186956927117:  Hold'em No Limit ($0.02/$0.05) - 2018/05/28 22:13:28 CCT [2018/05/28 10:13:28 ET]
Table 'Donati' 6-max Seat #1 is the button
Seat 1: VladimirSBK ($3.02 in chips) 
Seat 2: ninobel88 ($5.70 in chips) 
Seat 3: saddman84 ($5 in chips) 
Seat 4: HubertusB ($2.94 in chips) 
Seat 5: oflori ($7.47 in chips) 
Seat 6: nemo 200 ($2.69 in chips) 
ninobel88: posts small blind $0.02
saddman84: posts big blind $0.05
*** HOLE CARDS ***
Dealt to HubertusB [4s Kd]
HubertusB: folds 
oflori: folds 
nemo 200: folds 
VladimirSBK: folds 
ninobel88: raises $0.10 to $0.15
saddman84: folds 
Uncalled bet ($0.10) returned to ninobel88
ninobel88 collected $0.10 from pot
ninobel88: doesn't show hand 
*** SUMMARY ***
Total pot $0.10 | Rake $0 
Seat 1: VladimirSBK (button) folded before Flop (didn't bet)
Seat 2: ninobel88 (small blind) collected ($0.10)
Seat 3: saddman84 (big blind) folded before Flop
Seat 4: HubertusB folded before Flop (didn't bet)
Seat 5: oflori folded before Flop (didn't bet)
Seat 6: nemo 200 folded before Flop (didn't bet)



PokerStars Zoom Hand #186956929687:  Hold'em No Limit ($0.02/$0.05) - 2018/05/28 22:13:33 CCT [2018/05/28 10:13:33 ET]
Table 'Donati' 6-max Seat #1 is the button
Seat 1: HubertusB ($2.94 in chips) 
Seat 2: Olly81 ($5.21 in chips) 
Seat 3: Merza1 ($7.61 in chips) 
Seat 4: jeffpig16 ($5.39 in chips) 
Seat 5: Edmondo007 ($7.30 in chips) 
Seat 6: vitamet ($5 in chips) 
Olly81: posts small blind $0.02
Merza1: posts big blind $0.05
*** HOLE CARDS ***
Dealt to HubertusB [5s Ts]
jeffpig16: folds 
Edmondo007: folds 
vitamet: folds 
HubertusB: raises $0.10 to $0.15
Olly81: folds 
Merza1: calls $0.10
*** FLOP *** [Jd Ac 8c]
Merza1: bets $0.15
HubertusB: folds 
Uncalled bet ($0.15) returned to Merza1
Merza1 collected $0.31 from pot
Merza1: doesn't show hand 
*** SUMMARY ***
Total pot $0.32 | Rake $0.01 
Board [Jd Ac 8c]
Seat 1: HubertusB (button) folded on the Flop
Seat 2: Olly81 (small blind) folded before Flop
Seat 3: Merza1 (big blind) collected ($0.31)
Seat 4: jeffpig16 folded before Flop (didn't bet)
Seat 5: Edmondo007 folded before Flop (didn't bet)
Seat 6: vitamet folded before Flop (didn't bet)



PokerStars Zoom Hand #186956941964:  Hold'em No Limit ($0.02/$0.05) - 2018/05/28 22:13:58 CCT [2018/05/28 10:13:58 ET]
Table 'Donati' 6-max Seat #1 is the button
Seat 1: Nambert ($7.93 in chips) 
Seat 2: donevi4 ($5 in chips) 
Seat 3: HubertusB ($2.79 in chips) 
Seat 4: scotseng ($5.59 in chips) 
Seat 5: pepsi3000 ($9.63 in chips) 
Seat 6: PerfectBlue20 ($5.62 in chips) 
donevi4: posts small blind $0.02
HubertusB: posts big blind $0.05
*** HOLE CARDS ***
Dealt to HubertusB [6s 3h]
scotseng: folds 
pepsi3000: folds 
PerfectBlue20: folds 
Nambert: raises $0.07 to $0.12
donevi4: folds 
HubertusB: folds 
Uncalled bet ($0.07) returned to Nambert
Nambert collected $0.12 from pot
Nambert: doesn't show hand 
*** SUMMARY ***
Total pot $0.12 | Rake $0 
Seat 1: Nambert (button) collected ($0.12)
Seat 2: donevi4 (small blind) folded before Flop
Seat 3: HubertusB (big blind) folded before Flop
Seat 4: scotseng folded before Flop (didn't bet)
Seat 5: pepsi3000 folded before Flop (didn't bet)
Seat 6: PerfectBlue20 folded before Flop (didn't bet)



PokerStars Zoom Hand #186956950859:  Hold'em No Limit ($0.02/$0.05) - 2018/05/28 22:14:16 CCT [2018/05/28 10:14:16 ET]
Table 'Donati' 6-max Seat #1 is the button
Seat 1: qualifire ($5.76 in chips) 
Seat 2: HubertusB ($2.74 in chips) 
Seat 3: fedy1328 ($5.24 in chips) 
Seat 4: Gubonyi ($8.89 in chips) 
Seat 5: luka1981good ($5 in chips) 
Seat 6: ninobel88 ($5.49 in chips) 
HubertusB: posts small blind $0.02
fedy1328: posts big blind $0.05
*** HOLE CARDS ***
Dealt to HubertusB [7c Td]
Gubonyi: folds 
luka1981good: folds 
ninobel88: raises $0.12 to $0.17
qualifire: folds 
HubertusB: folds 
fedy1328: folds 
Uncalled bet ($0.12) returned to ninobel88
ninobel88 collected $0.12 from pot
ninobel88: doesn't show hand 
*** SUMMARY ***
Total pot $0.12 | Rake $0 
Seat 1: qualifire (button) folded before Flop (didn't bet)
Seat 2: HubertusB (small blind) folded before Flop
Seat 3: fedy1328 (big blind) folded before Flop
Seat 4: Gubonyi folded before Flop (didn't bet)
Seat 5: luka1981good folded before Flop (didn't bet)
Seat 6: ninobel88 collected ($0.12)



PokerStars Zoom Hand #186956956281:  Hold'em No Limit ($0.02/$0.05) - 2018/05/28 22:14:27 CCT [2018/05/28 10:14:27 ET]
Table 'Donati' 6-max Seat #1 is the button
Seat 1: ValentjNN ($10.45 in chips) 
Seat 2: MamaMaruca ($7.21 in chips) 
Seat 3: adam601 ($2.78 in chips) 
Seat 4: Spookie_1980 ($6.85 in chips) 
Seat 5: Georgiy870 ($5.02 in chips) 
Seat 6: HubertusB ($2.72 in chips) 
MamaMaruca: posts small blind $0.02
adam601: posts big blind $0.05
*** HOLE CARDS ***
Dealt to HubertusB [9s As]
Spookie_1980: folds 
Georgiy870: raises $0.10 to $0.15
HubertusB: raises $0.25 to $0.40
ValentjNN: folds 
MamaMaruca: folds 
adam601: folds 
Georgiy870: calls $0.25
*** FLOP *** [Qh 7d 5h]
Georgiy870: checks 
HubertusB: bets $0.66
Georgiy870: folds 
Uncalled bet ($0.66) returned to HubertusB
HubertusB collected $0.83 from pot
HubertusB: doesn't show hand 
*** SUMMARY ***
Total pot $0.87 | Rake $0.04 
Board [Qh 7d 5h]
Seat 1: ValentjNN (button) folded before Flop (didn't bet)
Seat 2: MamaMaruca (small blind) folded before Flop
Seat 3: adam601 (big blind) folded before Flop
Seat 4: Spookie_1980 folded before Flop (didn't bet)
Seat 5: Georgiy870 folded on the Flop
Seat 6: HubertusB collected ($0.83)



PokerStars Zoom Hand #186956975585:  Hold'em No Limit ($0.02/$0.05) - 2018/05/28 22:15:06 CCT [2018/05/28 10:15:06 ET]
Table 'Donati' 6-max Seat #1 is the button
Seat 1: HubertusB ($3.15 in chips) 
Seat 2: Crazy Oll ($7.86 in chips) 
Seat 3: Gleb<3Sally ($8.90 in chips) 
Seat 4: Nohall-God ($8.06 in chips) 
Seat 5: koning504 ($5.12 in chips) 
Seat 6: anorectal ($3.59 in chips) 
Crazy Oll: posts small blind $0.02
Gleb<3Sally: posts big blind $0.05
*** HOLE CARDS ***
Dealt to HubertusB [8s 8h]
Nohall-God has timed out
Nohall-God: folds 
koning504: folds 
anorectal: folds 
HubertusB: raises $0.10 to $0.15
Crazy Oll: calls $0.13
Gleb<3Sally: folds 
*** FLOP *** [Ah 4c 2d]
Crazy Oll: checks 
HubertusB: bets $0.17
Crazy Oll: calls $0.17
*** TURN *** [Ah 4c 2d] [Th]
Crazy Oll: checks 
HubertusB: checks 
*** RIVER *** [Ah 4c 2d Th] [Ks]
Crazy Oll: checks 
HubertusB: checks 
*** SHOW DOWN ***
Crazy Oll: shows [6c 6d] (a pair of Sixes)
HubertusB: shows [8s 8h] (a pair of Eights)
HubertusB collected $0.66 from pot
*** SUMMARY ***
Total pot $0.69 | Rake $0.03 
Board [Ah 4c 2d Th Ks]
Seat 1: HubertusB (button) showed [8s 8h] and won ($0.66) with a pair of Eights
Seat 2: Crazy Oll (small blind) showed [6c 6d] and lost with a pair of Sixes
Seat 3: Gleb<3Sally (big blind) folded before Flop
Seat 4: Nohall-God folded before Flop (didn't bet)
Seat 5: koning504 folded before Flop (didn't bet)
Seat 6: anorectal folded before Flop (didn't bet)



