PokerStars Zoom Hand #186957032937:  Hold'em No Limit ($0.02/$0.05) - 2018/05/28 22:17:02 CCT [2018/05/28 10:17:02 ET]
Table 'Donati' 6-max Seat #1 is the button
Seat 1: POKERMON 06 ($4.07 in chips) 
Seat 2: facun34 ($6.16 in chips) 
Seat 3: HubertusB ($5 in chips) 
Seat 4: RtrDam ($3.26 in chips) 
Seat 5: Restorm1 ($5.83 in chips) 
Seat 6: Dokerokk23 ($6.65 in chips) 
facun34: posts small blind $0.02
HubertusB: posts big blind $0.05
*** HOLE CARDS ***
Dealt to HubertusB [2s Jh]
RtrDam: raises $0.10 to $0.15
Restorm1: folds 
Dokerokk23: folds 
POKERMON 06: calls $0.15
facun34: folds 
HubertusB: folds 
*** FLOP *** [Jc 8d Ac]
RtrDam: checks 
POKERMON 06: checks 
*** TURN *** [Jc 8d Ac] [Td]
RtrDam: bets $0.20
POKERMON 06: calls $0.20
*** RIVER *** [Jc 8d Ac Td] [8h]
RtrDam: checks 
POKERMON 06: bets $0.37
RtrDam: folds 
Uncalled bet ($0.37) returned to POKERMON 06
POKERMON 06 collected $0.74 from pot
POKERMON 06: doesn't show hand 
*** SUMMARY ***
Total pot $0.77 | Rake $0.03 
Board [Jc 8d Ac Td 8h]
Seat 1: POKERMON 06 (button) collected ($0.74)
Seat 2: facun34 (small blind) folded before Flop
Seat 3: HubertusB (big blind) folded before Flop
Seat 4: RtrDam folded on the River
Seat 5: Restorm1 folded before Flop (didn't bet)
Seat 6: Dokerokk23 folded before Flop (didn't bet)



PokerStars Zoom Hand #186957043830:  Hold'em No Limit ($0.02/$0.05) - 2018/05/28 22:17:24 CCT [2018/05/28 10:17:24 ET]
Table 'Donati' 6-max Seat #1 is the button
Seat 1: HubertusB ($4.93 in chips) 
Seat 2: 4BetForFood ($5 in chips) 
Seat 3: lostcanadian ($4.39 in chips) 
Seat 4: sprojekt ($4.20 in chips) 
Seat 5: acer6920 ($0.99 in chips) 
Seat 6: nakashi11 ($4.08 in chips) 
4BetForFood: posts small blind $0.02
lostcanadian: posts big blind $0.05
*** HOLE CARDS ***
Dealt to HubertusB [Ad 9d]
sprojekt: folds 
acer6920: folds 
nakashi11: folds 
HubertusB: raises $0.05 to $0.10
4BetForFood: folds 
lostcanadian: folds 
Uncalled bet ($0.05) returned to HubertusB
HubertusB collected $0.12 from pot
HubertusB: doesn't show hand 
*** SUMMARY ***
Total pot $0.12 | Rake $0 
Seat 1: HubertusB (button) collected ($0.12)
Seat 2: 4BetForFood (small blind) folded before Flop
Seat 3: lostcanadian (big blind) folded before Flop
Seat 4: sprojekt folded before Flop (didn't bet)
Seat 5: acer6920 folded before Flop (didn't bet)
Seat 6: nakashi11 folded before Flop (didn't bet)



PokerStars Zoom Hand #186957053303:  Hold'em No Limit ($0.02/$0.05) - 2018/05/28 22:17:43 CCT [2018/05/28 10:17:43 ET]
Table 'Donati' 6-max Seat #1 is the button
Seat 1: Einf ($5 in chips) 
Seat 2: Vakaris22 ($3.13 in chips) 
Seat 3: anorectal ($15.47 in chips) 
Seat 4: zanderalek ($5 in chips) 
Seat 5: Edmondo007 ($11.51 in chips) 
Seat 6: HubertusB ($5 in chips) 
Vakaris22: posts small blind $0.02
anorectal: posts big blind $0.05
*** HOLE CARDS ***
Dealt to HubertusB [4c 5s]
zanderalek: folds 
Edmondo007: folds 
HubertusB: folds 
Einf: folds 
Vakaris22: folds 
Uncalled bet ($0.03) returned to anorectal
anorectal collected $0.04 from pot
anorectal: doesn't show hand 
*** SUMMARY ***
Total pot $0.04 | Rake $0 
Seat 1: Einf (button) folded before Flop (didn't bet)
Seat 2: Vakaris22 (small blind) folded before Flop
Seat 3: anorectal (big blind) collected ($0.04)
Seat 4: zanderalek folded before Flop (didn't bet)
Seat 5: Edmondo007 folded before Flop (didn't bet)
Seat 6: HubertusB folded before Flop (didn't bet)



PokerStars Zoom Hand #186957041412:  Hold'em No Limit ($0.02/$0.05) - 2018/05/28 22:17:19 CCT [2018/05/28 10:17:19 ET]
Table 'Donati' 6-max Seat #1 is the button
Seat 1: grzywekkk ($5.10 in chips) 
Seat 2: HubertusB ($4.95 in chips) 
Seat 3: lena1008 ($3.64 in chips) 
Seat 4: Sparky feck ($4.61 in chips) 
Seat 5: Tqlkkk-_- ($8.19 in chips) 
Seat 6: Nambert ($15.79 in chips) 
HubertusB: posts small blind $0.02
lena1008: posts big blind $0.05
*** HOLE CARDS ***
Dealt to HubertusB [2c 5d]
Sparky feck: raises $0.05 to $0.10
Tqlkkk-_-: raises $0.25 to $0.35
Nambert: folds 
grzywekkk: folds 
HubertusB: folds 
lena1008: folds 
Sparky feck: calls $0.25
*** FLOP *** [Td 3c 4d]
Sparky feck: checks 
Tqlkkk-_-: checks 
*** TURN *** [Td 3c 4d] [Jh]
Sparky feck: checks 
Tqlkkk-_-: bets $0.37
Sparky feck: raises $0.37 to $0.74
Tqlkkk-_-: folds 
Uncalled bet ($0.37) returned to Sparky feck
Sparky feck collected $1.45 from pot
Sparky feck: doesn't show hand 
*** SUMMARY ***
Total pot $1.51 | Rake $0.06 
Board [Td 3c 4d Jh]
Seat 1: grzywekkk (button) folded before Flop (didn't bet)
Seat 2: HubertusB (small blind) folded before Flop
Seat 3: lena1008 (big blind) folded before Flop
Seat 4: Sparky feck collected ($1.45)
Seat 5: Tqlkkk-_- folded on the Turn
Seat 6: Nambert folded before Flop (didn't bet)



PokerStars Zoom Hand #186957055815:  Hold'em No Limit ($0.02/$0.05) - 2018/05/28 22:17:48 CCT [2018/05/28 10:17:48 ET]
Table 'Donati' 6-max Seat #1 is the button
Seat 1: Kruzer20 ($6.94 in chips) 
Seat 2: rocky0076 ($3.02 in chips) 
Seat 3: tofsty ($6.26 in chips) 
Seat 4: wilburdodd ($11.45 in chips) 
Seat 5: HubertusB ($5 in chips) 
Seat 6: GizaGliwic ($6.22 in chips) 
rocky0076: posts small blind $0.02
tofsty: posts big blind $0.05
*** HOLE CARDS ***
Dealt to HubertusB [As Ts]
wilburdodd: folds 
HubertusB: raises $0.05 to $0.10
GizaGliwic: folds 
Kruzer20: raises $0.30 to $0.40
rocky0076: folds 
tofsty: folds 
HubertusB: calls $0.30
*** FLOP *** [5c 2h 4h]
HubertusB: checks 
Kruzer20: bets $0.55
HubertusB: folds 
Uncalled bet ($0.55) returned to Kruzer20
Kruzer20 collected $0.83 from pot
Kruzer20: doesn't show hand 
*** SUMMARY ***
Total pot $0.87 | Rake $0.04 
Board [5c 2h 4h]
Seat 1: Kruzer20 (button) collected ($0.83)
Seat 2: rocky0076 (small blind) folded before Flop
Seat 3: tofsty (big blind) folded before Flop
Seat 4: wilburdodd folded before Flop (didn't bet)
Seat 5: HubertusB folded on the Flop
Seat 6: GizaGliwic folded before Flop (didn't bet)



PokerStars Zoom Hand #186957077033:  Hold'em No Limit ($0.02/$0.05) - 2018/05/28 22:18:31 CCT [2018/05/28 10:18:31 ET]
Table 'Donati' 6-max Seat #1 is the button
Seat 1: HubertusB ($4.53 in chips) 
Seat 2: Boba1888 ($4 in chips) 
Seat 3: haruhi:3 ($5.20 in chips) 
Seat 4: Hannibal3137 ($8 in chips) 
Seat 5: Bluecrust ($7.08 in chips) 
Seat 6: Maksbill1 ($5.63 in chips) 
Boba1888: posts small blind $0.02
haruhi:3: posts big blind $0.05
*** HOLE CARDS ***
Dealt to HubertusB [8d 9c]
Hannibal3137: folds 
Bluecrust: folds 
Maksbill1: folds 
HubertusB: raises $0.05 to $0.10
Boba1888: folds 
haruhi:3: folds 
Uncalled bet ($0.05) returned to HubertusB
HubertusB collected $0.12 from pot
HubertusB: doesn't show hand 
*** SUMMARY ***
Total pot $0.12 | Rake $0 
Seat 1: HubertusB (button) collected ($0.12)
Seat 2: Boba1888 (small blind) folded before Flop
Seat 3: haruhi:3 (big blind) folded before Flop
Seat 4: Hannibal3137 folded before Flop (didn't bet)
Seat 5: Bluecrust folded before Flop (didn't bet)
Seat 6: Maksbill1 folded before Flop (didn't bet)



PokerStars Zoom Hand #186957074098:  Hold'em No Limit ($0.02/$0.05) - 2018/05/28 22:18:25 CCT [2018/05/28 10:18:25 ET]
Table 'Donati' 6-max Seat #1 is the button
Seat 1: anorectal ($3.52 in chips) 
Seat 2: HubertusB ($4.55 in chips) 
Seat 3: jeffpig16 ($7.58 in chips) 
Seat 4: starboyi ($5.19 in chips) 
Seat 5: cholomatsu ($4.94 in chips) 
Seat 6: jorge1145 ($9.36 in chips) 
HubertusB: posts small blind $0.02
jeffpig16: posts big blind $0.05
*** HOLE CARDS ***
Dealt to HubertusB [5h Qh]
starboyi: raises $0.10 to $0.15
cholomatsu: folds 
jorge1145: folds 
anorectal: calls $0.15
HubertusB: folds 
jeffpig16: folds 
*** FLOP *** [Ks Kd 6d]
starboyi: bets $0.18
anorectal: folds 
Uncalled bet ($0.18) returned to starboyi
starboyi collected $0.35 from pot
starboyi: doesn't show hand 
*** SUMMARY ***
Total pot $0.37 | Rake $0.02 
Board [Ks Kd 6d]
Seat 1: anorectal (button) folded on the Flop
Seat 2: HubertusB (small blind) folded before Flop
Seat 3: jeffpig16 (big blind) folded before Flop
Seat 4: starboyi collected ($0.35)
Seat 5: cholomatsu folded before Flop (didn't bet)
Seat 6: jorge1145 folded before Flop (didn't bet)



PokerStars Zoom Hand #186957070183:  Hold'em No Limit ($0.02/$0.05) - 2018/05/28 22:18:17 CCT [2018/05/28 10:18:17 ET]
Table 'Donati' 6-max Seat #1 is the button
Seat 1: wfghh ($4.95 in chips) 
Seat 2: luka1981good ($5 in chips) 
Seat 3: HubertusB ($4.60 in chips) 
Seat 4: MOROZ056 ($5.14 in chips) 
Seat 5: 1chieftain ($13.85 in chips) 
Seat 6: Vakaris22 ($3.28 in chips) 
luka1981good: posts small blind $0.02
HubertusB: posts big blind $0.05
*** HOLE CARDS ***
Dealt to HubertusB [2h Jd]
MOROZ056: raises $0.07 to $0.12
1chieftain has timed out
1chieftain: folds 
Vakaris22: calls $0.12
wfghh: folds 
luka1981good: calls $0.10
HubertusB: folds 
*** FLOP *** [Ks Qs Kc]
luka1981good: checks 
MOROZ056: bets $0.20
Vakaris22: folds 
luka1981good: calls $0.20
*** TURN *** [Ks Qs Kc] [3d]
luka1981good: checks 
MOROZ056: bets $0.45
luka1981good: folds 
Uncalled bet ($0.45) returned to MOROZ056
MOROZ056 collected $0.78 from pot
MOROZ056: doesn't show hand 
*** SUMMARY ***
Total pot $0.81 | Rake $0.03 
Board [Ks Qs Kc 3d]
Seat 1: wfghh (button) folded before Flop (didn't bet)
Seat 2: luka1981good (small blind) folded on the Turn
Seat 3: HubertusB (big blind) folded before Flop
Seat 4: MOROZ056 collected ($0.78)
Seat 5: 1chieftain folded before Flop (didn't bet)
Seat 6: Vakaris22 folded on the Flop



PokerStars Zoom Hand #186957088008:  Hold'em No Limit ($0.02/$0.05) - 2018/05/28 22:18:53 CCT [2018/05/28 10:18:53 ET]
Table 'Donati' 6-max Seat #1 is the button
Seat 1: Maksbill1 ($10.89 in chips) 
Seat 2: Edmondo007 ($7.04 in chips) 
Seat 3: from_L ($4.22 in chips) 
Seat 4: pocketfetish ($5.24 in chips) 
Seat 5: Jyduste ($2.61 in chips) 
Seat 6: HubertusB ($4.60 in chips) 
Edmondo007: posts small blind $0.02
from_L: posts big blind $0.05
*** HOLE CARDS ***
Dealt to HubertusB [7h Ah]
pocketfetish: folds 
Jyduste: folds 
HubertusB: raises $0.05 to $0.10
Maksbill1: raises $0.20 to $0.30
Edmondo007: folds 
from_L: folds 
HubertusB: raises $0.50 to $0.80
Maksbill1: calls $0.50
*** FLOP *** [Jc Ad Jh]
HubertusB: bets $0.50
Maksbill1: folds 
Uncalled bet ($0.50) returned to HubertusB
HubertusB collected $1.60 from pot
HubertusB: doesn't show hand 
*** SUMMARY ***
Total pot $1.67 | Rake $0.07 
Board [Jc Ad Jh]
Seat 1: Maksbill1 (button) folded on the Flop
Seat 2: Edmondo007 (small blind) folded before Flop
Seat 3: from_L (big blind) folded before Flop
Seat 4: pocketfetish folded before Flop (didn't bet)
Seat 5: Jyduste folded before Flop (didn't bet)
Seat 6: HubertusB collected ($1.60)



PokerStars Zoom Hand #186957085421:  Hold'em No Limit ($0.02/$0.05) - 2018/05/28 22:18:48 CCT [2018/05/28 10:18:48 ET]
Table 'Donati' 6-max Seat #1 is the button
Seat 1: annita44 ($5.78 in chips) 
Seat 2: Girigal ($5 in chips) 
Seat 3: I Ferox I ($5.01 in chips) 
Seat 4: Peter10Pan ($22.31 in chips) 
Seat 5: SupaVegi ($6.83 in chips) 
Seat 6: HubertusB ($4.60 in chips) 
Girigal: posts small blind $0.02
I Ferox I: posts big blind $0.05
*** HOLE CARDS ***
Dealt to HubertusB [9c 3s]
Peter10Pan: folds 
SupaVegi: folds 
HubertusB: folds 
annita44: raises $0.07 to $0.12
Girigal: folds 
I Ferox I: raises $0.20 to $0.32
annita44: calls $0.20
*** FLOP *** [7c 5h 3h]
I Ferox I: bets $0.38
annita44: calls $0.38
*** TURN *** [7c 5h 3h] [Ks]
I Ferox I: bets $0.82
annita44: calls $0.82
*** RIVER *** [7c 5h 3h Ks] [2d]
I Ferox I: checks 
annita44: bets $4.26 and is all-in
I Ferox I: folds 
Uncalled bet ($4.26) returned to annita44
annita44 collected $2.93 from pot
annita44: doesn't show hand 
*** SUMMARY ***
Total pot $3.06 | Rake $0.13 
Board [7c 5h 3h Ks 2d]
Seat 1: annita44 (button) collected ($2.93)
Seat 2: Girigal (small blind) folded before Flop
Seat 3: I Ferox I (big blind) folded on the River
Seat 4: Peter10Pan folded before Flop (didn't bet)
Seat 5: SupaVegi folded before Flop (didn't bet)
Seat 6: HubertusB folded before Flop (didn't bet)



PokerStars Zoom Hand #186957115897:  Hold'em No Limit ($0.02/$0.05) - 2018/05/28 22:19:49 CCT [2018/05/28 10:19:49 ET]
Table 'Donati' 6-max Seat #1 is the button
Seat 1: MOROZ056 ($5.58 in chips) 
Seat 2: djronalein ($5.74 in chips) 
Seat 3: jorge1145 ($5.43 in chips) 
Seat 4: HubertusB ($5.40 in chips) 
Seat 5: ana_pora ($5 in chips) 
Seat 6: animackx ($5.78 in chips) 
djronalein: posts small blind $0.02
jorge1145: posts big blind $0.05
*** HOLE CARDS ***
Dealt to HubertusB [4s 6c]
HubertusB: folds 
ana_pora: folds 
animackx: folds 
MOROZ056: folds 
djronalein: raises $0.07 to $0.12
jorge1145: calls $0.07
*** FLOP *** [4h 8d 7c]
djronalein: bets $0.15
jorge1145: raises $0.29 to $0.44
djronalein: calls $0.29
*** TURN *** [4h 8d 7c] [9s]
djronalein: checks 
jorge1145: checks 
*** RIVER *** [4h 8d 7c 9s] [2s]
djronalein: checks 
jorge1145: checks 
*** SHOW DOWN ***
djronalein: shows [9d Jc] (a pair of Nines)
jorge1145: shows [Kh 9c] (a pair of Nines - King kicker)
jorge1145 collected $1.07 from pot
*** SUMMARY ***
Total pot $1.12 | Rake $0.05 
Board [4h 8d 7c 9s 2s]
Seat 1: MOROZ056 (button) folded before Flop (didn't bet)
Seat 2: djronalein (small blind) showed [9d Jc] and lost with a pair of Nines
Seat 3: jorge1145 (big blind) showed [Kh 9c] and won ($1.07) with a pair of Nines
Seat 4: HubertusB folded before Flop (didn't bet)
Seat 5: ana_pora folded before Flop (didn't bet)
Seat 6: animackx folded before Flop (didn't bet)



PokerStars Zoom Hand #186957118414:  Hold'em No Limit ($0.02/$0.05) - 2018/05/28 22:19:54 CCT [2018/05/28 10:19:54 ET]
Table 'Donati' 6-max Seat #1 is the button
Seat 1: annita44 ($8.93 in chips) 
Seat 2: ValentjNN ($5.47 in chips) 
Seat 3: HubertusB ($5.40 in chips) 
Seat 4: xiazhen ($5.02 in chips) 
Seat 5: Gleb<3Sally ($16.12 in chips) 
Seat 6: Bazhen1990 ($4.83 in chips) 
ValentjNN: posts small blind $0.02
HubertusB: posts big blind $0.05
*** HOLE CARDS ***
Dealt to HubertusB [7d Jc]
xiazhen: folds 
Gleb<3Sally: folds 
Bazhen1990: calls $0.05
annita44: folds 
ValentjNN: calls $0.03
HubertusB: checks 
*** FLOP *** [Td Kh 9h]
ValentjNN: checks 
HubertusB: checks 
Bazhen1990: bets $0.10
ValentjNN: folds 
HubertusB: folds 
Uncalled bet ($0.10) returned to Bazhen1990
Bazhen1990 collected $0.14 from pot
Bazhen1990: doesn't show hand 
*** SUMMARY ***
Total pot $0.15 | Rake $0.01 
Board [Td Kh 9h]
Seat 1: annita44 (button) folded before Flop (didn't bet)
Seat 2: ValentjNN (small blind) folded on the Flop
Seat 3: HubertusB (big blind) folded on the Flop
Seat 4: xiazhen folded before Flop (didn't bet)
Seat 5: Gleb<3Sally folded before Flop (didn't bet)
Seat 6: Bazhen1990 collected ($0.14)



PokerStars Zoom Hand #186957112946:  Hold'em No Limit ($0.02/$0.05) - 2018/05/28 22:19:43 CCT [2018/05/28 10:19:43 ET]
Table 'Donati' 6-max Seat #1 is the button
Seat 1: JonIS810 ($6.14 in chips) 
Seat 2: eurko6 ($4.95 in chips) 
Seat 3: Radomir 26 ($9.17 in chips) 
Seat 4: HubertusB ($5.40 in chips) 
Seat 5: Setapouch ($10.48 in chips) 
Seat 6: MamaMaruca ($5 in chips) 
eurko6: posts small blind $0.02
Radomir 26: posts big blind $0.05
*** HOLE CARDS ***
Dealt to HubertusB [Kd 5c]
HubertusB: folds 
Setapouch: folds 
MamaMaruca: folds 
JonIS810: raises $0.07 to $0.12
eurko6: folds 
Radomir 26: calls $0.07
*** FLOP *** [7d Ah 8s]
Radomir 26: checks 
JonIS810: bets $0.15
Radomir 26: calls $0.15
*** TURN *** [7d Ah 8s] [9d]
Radomir 26: checks 
JonIS810: checks 
*** RIVER *** [7d Ah 8s 9d] [2c]
Radomir 26: checks 
JonIS810: checks 
*** SHOW DOWN ***
Radomir 26: shows [4c 8c] (a pair of Eights)
JonIS810: shows [As 5s] (a pair of Aces)
JonIS810 collected $0.54 from pot
*** SUMMARY ***
Total pot $0.56 | Rake $0.02 
Board [7d Ah 8s 9d 2c]
Seat 1: JonIS810 (button) showed [As 5s] and won ($0.54) with a pair of Aces
Seat 2: eurko6 (small blind) folded before Flop
Seat 3: Radomir 26 (big blind) showed [4c 8c] and lost with a pair of Eights
Seat 4: HubertusB folded before Flop (didn't bet)
Seat 5: Setapouch folded before Flop (didn't bet)
Seat 6: MamaMaruca folded before Flop (didn't bet)



PokerStars Zoom Hand #186957133421:  Hold'em No Limit ($0.02/$0.05) - 2018/05/28 22:20:24 CCT [2018/05/28 10:20:24 ET]
Table 'Donati' 6-max Seat #1 is the button
Seat 1: Nohall-God ($9.05 in chips) 
Seat 2: HubertusB ($5.35 in chips) 
Seat 3: eurko6 ($4.86 in chips) 
Seat 4: kalababa ($5.11 in chips) 
Seat 5: kostariki ($5.38 in chips) 
Seat 6: tofsty ($19.87 in chips) 
HubertusB: posts small blind $0.02
eurko6: posts big blind $0.05
*** HOLE CARDS ***
Dealt to HubertusB [6d 3d]
kalababa: folds 
kostariki: folds 
tofsty: folds 
Nohall-God: folds 
HubertusB: folds 
Uncalled bet ($0.03) returned to eurko6
eurko6 collected $0.04 from pot
eurko6: doesn't show hand 
*** SUMMARY ***
Total pot $0.04 | Rake $0 
Seat 1: Nohall-God (button) folded before Flop (didn't bet)
Seat 2: HubertusB (small blind) folded before Flop
Seat 3: eurko6 (big blind) collected ($0.04)
Seat 4: kalababa folded before Flop (didn't bet)
Seat 5: kostariki folded before Flop (didn't bet)
Seat 6: tofsty folded before Flop (didn't bet)



PokerStars Zoom Hand #186957138328:  Hold'em No Limit ($0.02/$0.05) - 2018/05/28 22:20:34 CCT [2018/05/28 10:20:34 ET]
Table 'Donati' 6-max Seat #1 is the button
Seat 1: HubertusB ($5.33 in chips) 
Seat 2: Girigal ($5.12 in chips) 
Seat 3: ninobel88 ($8.42 in chips) 
Seat 4: Simkooo ($5 in chips) 
Seat 5: Tqlkkk-_- ($5 in chips) 
Seat 6: Bluecrust ($6.84 in chips) 
Girigal: posts small blind $0.02
ninobel88: posts big blind $0.05
*** HOLE CARDS ***
Dealt to HubertusB [Qc 2h]
Simkooo: folds 
Tqlkkk-_-: folds 
Bluecrust: folds 
HubertusB: folds 
Girigal: raises $0.05 to $0.10
ninobel88: folds 
Uncalled bet ($0.05) returned to Girigal
Girigal collected $0.10 from pot
Girigal: doesn't show hand 
*** SUMMARY ***
Total pot $0.10 | Rake $0 
Seat 1: HubertusB (button) folded before Flop (didn't bet)
Seat 2: Girigal (small blind) collected ($0.10)
Seat 3: ninobel88 (big blind) folded before Flop
Seat 4: Simkooo folded before Flop (didn't bet)
Seat 5: Tqlkkk-_- folded before Flop (didn't bet)
Seat 6: Bluecrust folded before Flop (didn't bet)



PokerStars Zoom Hand #186957141955:  Hold'em No Limit ($0.02/$0.05) - 2018/05/28 22:20:41 CCT [2018/05/28 10:20:41 ET]
Table 'Donati' 6-max Seat #1 is the button
Seat 1: Revajjankk ($1.39 in chips) 
Seat 2: Lady.Lyck ($5.02 in chips) 
Seat 3: Kruzer20 ($5.07 in chips) 
Seat 4: HubertusB ($5.33 in chips) 
Seat 5: injustice_MP ($6.84 in chips) 
Seat 6: GlamKudes ($5.13 in chips) 
Lady.Lyck: posts small blind $0.02
Kruzer20: posts big blind $0.05
*** HOLE CARDS ***
Dealt to HubertusB [Jc Kc]
HubertusB: raises $0.10 to $0.15
injustice_MP: folds 
GlamKudes: folds 
Revajjankk: calls $0.15
Lady.Lyck: calls $0.13
Kruzer20: folds 
*** FLOP *** [2h 2d 8d]
Lady.Lyck: checks 
HubertusB: bets $0.24
Revajjankk: folds 
Lady.Lyck: folds 
Uncalled bet ($0.24) returned to HubertusB
HubertusB collected $0.48 from pot
HubertusB: doesn't show hand 
*** SUMMARY ***
Total pot $0.50 | Rake $0.02 
Board [2h 2d 8d]
Seat 1: Revajjankk (button) folded on the Flop
Seat 2: Lady.Lyck (small blind) folded on the Flop
Seat 3: Kruzer20 (big blind) folded before Flop
Seat 4: HubertusB collected ($0.48)
Seat 5: injustice_MP folded before Flop (didn't bet)
Seat 6: GlamKudes folded before Flop (didn't bet)



PokerStars Zoom Hand #186957155325:  Hold'em No Limit ($0.02/$0.05) - 2018/05/28 22:21:08 CCT [2018/05/28 10:21:08 ET]
Table 'Donati' 6-max Seat #1 is the button
Seat 1: darkmoon311 ($5 in chips) 
Seat 2: 1chieftain ($5 in chips) 
Seat 3: HubertusB ($5.66 in chips) 
Seat 4: jorge1145 ($19.31 in chips) 
Seat 5: tiga92 ($10.03 in chips) 
Seat 6: kliha888 ($8.39 in chips) 
1chieftain: posts small blind $0.02
HubertusB: posts big blind $0.05
*** HOLE CARDS ***
Dealt to HubertusB [Ah Kh]
jorge1145: folds 
tiga92: folds 
kliha888: raises $0.07 to $0.12
darkmoon311: folds 
1chieftain: calls $0.10
HubertusB: raises $0.28 to $0.40
kliha888: calls $0.28
1chieftain: folds 
*** FLOP *** [Qc 4h Qh]
HubertusB: bets $0.30
kliha888: folds 
Uncalled bet ($0.30) returned to HubertusB
HubertusB collected $0.88 from pot
HubertusB: doesn't show hand 
*** SUMMARY ***
Total pot $0.92 | Rake $0.04 
Board [Qc 4h Qh]
Seat 1: darkmoon311 (button) folded before Flop (didn't bet)
Seat 2: 1chieftain (small blind) folded before Flop
Seat 3: HubertusB (big blind) collected ($0.88)
Seat 4: jorge1145 folded before Flop (didn't bet)
Seat 5: tiga92 folded before Flop (didn't bet)
Seat 6: kliha888 folded on the Flop



PokerStars Zoom Hand #186957178258:  Hold'em No Limit ($0.02/$0.05) - 2018/05/28 22:21:54 CCT [2018/05/28 10:21:54 ET]
Table 'Donati' 6-max Seat #1 is the button
Seat 1: HubertusB ($6.12 in chips) 
Seat 2: 4BetForFood ($5.52 in chips) 
Seat 3: Duzee Pe ($5.07 in chips) 
Seat 4: facun34 ($5 in chips) 
Seat 5: muli999 ($7.06 in chips) 
Seat 6: adam601 ($3.55 in chips) 
4BetForFood: posts small blind $0.02
Duzee Pe: posts big blind $0.05
*** HOLE CARDS ***
Dealt to HubertusB [Ks 4d]
facun34: folds 
muli999: folds 
adam601: raises $0.08 to $0.13
HubertusB: folds 
4BetForFood: folds 
Duzee Pe: folds 
Uncalled bet ($0.08) returned to adam601
adam601 collected $0.12 from pot
adam601: doesn't show hand 
*** SUMMARY ***
Total pot $0.12 | Rake $0 
Seat 1: HubertusB (button) folded before Flop (didn't bet)
Seat 2: 4BetForFood (small blind) folded before Flop
Seat 3: Duzee Pe (big blind) folded before Flop
Seat 4: facun34 folded before Flop (didn't bet)
Seat 5: muli999 folded before Flop (didn't bet)
Seat 6: adam601 collected ($0.12)



PokerStars Zoom Hand #186957176259:  Hold'em No Limit ($0.02/$0.05) - 2018/05/28 22:21:50 CCT [2018/05/28 10:21:50 ET]
Table 'Donati' 6-max Seat #1 is the button
Seat 1: Maksbill1 ($11.08 in chips) 
Seat 2: HubertusB ($6.14 in chips) 
Seat 3: born8sleepy ($5.05 in chips) 
Seat 4: yanyidover ($1.79 in chips) 
Seat 5: Tahoe30LT ($5.66 in chips) 
Seat 6: sprojekt ($3.89 in chips) 
HubertusB: posts small blind $0.02
born8sleepy: posts big blind $0.05
*** HOLE CARDS ***
Dealt to HubertusB [Kc 4c]
yanyidover has timed out
yanyidover: folds 
Tahoe30LT: folds 
sprojekt: folds 
Maksbill1: folds 
HubertusB: folds 
Uncalled bet ($0.03) returned to born8sleepy
born8sleepy collected $0.04 from pot
born8sleepy: doesn't show hand 
*** SUMMARY ***
Total pot $0.04 | Rake $0 
Seat 1: Maksbill1 (button) folded before Flop (didn't bet)
Seat 2: HubertusB (small blind) folded before Flop
Seat 3: born8sleepy (big blind) collected ($0.04)
Seat 4: yanyidover folded before Flop (didn't bet)
Seat 5: Tahoe30LT folded before Flop (didn't bet)
Seat 6: sprojekt folded before Flop (didn't bet)



PokerStars Zoom Hand #186957181253:  Hold'em No Limit ($0.02/$0.05) - 2018/05/28 22:22:00 CCT [2018/05/28 10:22:00 ET]
Table 'Donati' 6-max Seat #1 is the button
Seat 1: boss0218 ($5 in chips) 
Seat 2: EggSpangler ($4.47 in chips) 
Seat 3: ArakiK ($7.95 in chips) 
Seat 4: spamec ($10.45 in chips) 
Seat 5: starboyi ($7.89 in chips) 
Seat 6: HubertusB ($6.12 in chips) 
EggSpangler: posts small blind $0.02
ArakiK: posts big blind $0.05
*** HOLE CARDS ***
Dealt to HubertusB [6c 3h]
spamec: folds 
starboyi: folds 
HubertusB: folds 
boss0218: folds 
EggSpangler: raises $0.15 to $0.20
ArakiK: folds 
Uncalled bet ($0.15) returned to EggSpangler
EggSpangler collected $0.10 from pot
EggSpangler: doesn't show hand 
*** SUMMARY ***
Total pot $0.10 | Rake $0 
Seat 1: boss0218 (button) folded before Flop (didn't bet)
Seat 2: EggSpangler (small blind) collected ($0.10)
Seat 3: ArakiK (big blind) folded before Flop
Seat 4: spamec folded before Flop (didn't bet)
Seat 5: starboyi folded before Flop (didn't bet)
Seat 6: HubertusB folded before Flop (didn't bet)



PokerStars Zoom Hand #186957183730:  Hold'em No Limit ($0.02/$0.05) - 2018/05/28 22:22:05 CCT [2018/05/28 10:22:05 ET]
Table 'Donati' 6-max Seat #1 is the button
Seat 1: wfghh ($6.04 in chips) 
Seat 2: FloatsMyBoat ($15.81 in chips) 
Seat 3: AsterixBrn ($7.26 in chips) 
Seat 4: Dokerokk23 ($5.46 in chips) 
Seat 5: HubertusB ($6.12 in chips) 
Seat 6: 2bank4 ($5 in chips) 
FloatsMyBoat: posts small blind $0.02
AsterixBrn: posts big blind $0.05
*** HOLE CARDS ***
Dealt to HubertusB [3s 3h]
Dokerokk23: folds 
HubertusB: raises $0.05 to $0.10
2bank4: folds 
wfghh: folds 
FloatsMyBoat: folds 
AsterixBrn: raises $0.30 to $0.40
HubertusB: folds 
Uncalled bet ($0.30) returned to AsterixBrn
AsterixBrn collected $0.22 from pot
AsterixBrn: doesn't show hand 
*** SUMMARY ***
Total pot $0.22 | Rake $0 
Seat 1: wfghh (button) folded before Flop (didn't bet)
Seat 2: FloatsMyBoat (small blind) folded before Flop
Seat 3: AsterixBrn (big blind) collected ($0.22)
Seat 4: Dokerokk23 folded before Flop (didn't bet)
Seat 5: HubertusB folded before Flop
Seat 6: 2bank4 folded before Flop (didn't bet)



PokerStars Zoom Hand #186957197101:  Hold'em No Limit ($0.02/$0.05) - 2018/05/28 22:22:32 CCT [2018/05/28 10:22:32 ET]
Table 'Donati' 6-max Seat #1 is the button
Seat 1: luka1981good ($5.18 in chips) 
Seat 2: SuperleskVix ($2.78 in chips) 
Seat 3: gfif776 ($9.14 in chips) 
Seat 4: HubertusB ($6.02 in chips) 
Seat 5: POKERMON 06 ($2.67 in chips) 
Seat 6: FightMe!-LOOSER ($2.43 in chips) 
SuperleskVix: posts small blind $0.02
gfif776: posts big blind $0.05
*** HOLE CARDS ***
Dealt to HubertusB [9s Kc]
HubertusB: folds 
POKERMON 06: folds 
FightMe!-LOOSER: folds 
luka1981good: folds 
SuperleskVix: raises $0.07 to $0.12
gfif776: folds 
Uncalled bet ($0.07) returned to SuperleskVix
SuperleskVix collected $0.10 from pot
SuperleskVix: doesn't show hand 
*** SUMMARY ***
Total pot $0.10 | Rake $0 
Seat 1: luka1981good (button) folded before Flop (didn't bet)
Seat 2: SuperleskVix (small blind) collected ($0.10)
Seat 3: gfif776 (big blind) folded before Flop
Seat 4: HubertusB folded before Flop (didn't bet)
Seat 5: POKERMON 06 folded before Flop (didn't bet)
Seat 6: FightMe!-LOOSER folded before Flop (didn't bet)



PokerStars Zoom Hand #186957200021:  Hold'em No Limit ($0.02/$0.05) - 2018/05/28 22:22:38 CCT [2018/05/28 10:22:38 ET]
Table 'Donati' 6-max Seat #1 is the button
Seat 1: overboard3 ($5 in chips) 
Seat 2: seregaSV ($7.56 in chips) 
Seat 3: HubertusB ($6.02 in chips) 
Seat 4: Saayooo ($5 in chips) 
Seat 5: LightDemonR ($5 in chips) 
Seat 6: Kotron ($5 in chips) 
seregaSV: posts small blind $0.02
HubertusB: posts big blind $0.05
*** HOLE CARDS ***
Dealt to HubertusB [2h 7d]
Saayooo: folds 
LightDemonR: folds 
Kotron: folds 
overboard3: folds 
seregaSV: folds 
Uncalled bet ($0.03) returned to HubertusB
HubertusB collected $0.04 from pot
HubertusB: doesn't show hand 
*** SUMMARY ***
Total pot $0.04 | Rake $0 
Seat 1: overboard3 (button) folded before Flop (didn't bet)
Seat 2: seregaSV (small blind) folded before Flop
Seat 3: HubertusB (big blind) collected ($0.04)
Seat 4: Saayooo folded before Flop (didn't bet)
Seat 5: LightDemonR folded before Flop (didn't bet)
Seat 6: Kotron folded before Flop (didn't bet)



PokerStars Zoom Hand #186957206489:  Hold'em No Limit ($0.02/$0.05) - 2018/05/28 22:22:51 CCT [2018/05/28 10:22:51 ET]
Table 'Donati' 6-max Seat #1 is the button
Seat 1: HubertusB ($6.04 in chips) 
Seat 2: Callboyy ($5.07 in chips) 
Seat 3: fankehu ($5.15 in chips) 
Seat 4: Merza1 ($7.22 in chips) 
Seat 5: Maksbill1 ($12.29 in chips) 
Seat 6: injustice_MP ($7.20 in chips) 
Callboyy: posts small blind $0.02
fankehu: posts big blind $0.05
*** HOLE CARDS ***
Dealt to HubertusB [Jh 2s]
Merza1: folds 
Maksbill1: folds 
injustice_MP: folds 
HubertusB: folds 
Callboyy: folds 
Uncalled bet ($0.03) returned to fankehu
fankehu collected $0.04 from pot
fankehu: doesn't show hand 
*** SUMMARY ***
Total pot $0.04 | Rake $0 
Seat 1: HubertusB (button) folded before Flop (didn't bet)
Seat 2: Callboyy (small blind) folded before Flop
Seat 3: fankehu (big blind) collected ($0.04)
Seat 4: Merza1 folded before Flop (didn't bet)
Seat 5: Maksbill1 folded before Flop (didn't bet)
Seat 6: injustice_MP folded before Flop (didn't bet)



PokerStars Zoom Hand #186957194165:  Hold'em No Limit ($0.02/$0.05) - 2018/05/28 22:22:26 CCT [2018/05/28 10:22:26 ET]
Table 'Donati' 6-max Seat #1 is the button
Seat 1: JonIS810 ($6.16 in chips) 
Seat 2: lucky one710 ($3.49 in chips) 
Seat 3: 5iftyse7en ($4.70 in chips) 
Seat 4: gamethrush ($6.82 in chips) 
Seat 5: HubertusB ($6.02 in chips) 
Seat 6: GypsyBaronX ($2.50 in chips) 
lucky one710: posts small blind $0.02
5iftyse7en: posts big blind $0.05
*** HOLE CARDS ***
Dealt to HubertusB [Ts 2h]
gamethrush: calls $0.05
HubertusB: folds 
GypsyBaronX: folds 
JonIS810: folds 
lucky one710: folds 
5iftyse7en: checks 
*** FLOP *** [Tc 9d 4d]
5iftyse7en: checks 
gamethrush: checks 
*** TURN *** [Tc 9d 4d] [5d]
5iftyse7en: bets $0.06
gamethrush: calls $0.06
*** RIVER *** [Tc 9d 4d 5d] [3c]
5iftyse7en: bets $0.12
gamethrush: raises $0.12 to $0.24
5iftyse7en: calls $0.12
*** SHOW DOWN ***
gamethrush: shows [6c 2c] (a straight, Deuce to Six)
5iftyse7en: mucks hand 
gamethrush collected $0.69 from pot
*** SUMMARY ***
Total pot $0.72 | Rake $0.03 
Board [Tc 9d 4d 5d 3c]
Seat 1: JonIS810 (button) folded before Flop (didn't bet)
Seat 2: lucky one710 (small blind) folded before Flop
Seat 3: 5iftyse7en (big blind) mucked [Kh 9h]
Seat 4: gamethrush showed [6c 2c] and won ($0.69) with a straight, Deuce to Six
Seat 5: HubertusB folded before Flop (didn't bet)
Seat 6: GypsyBaronX folded before Flop (didn't bet)



PokerStars Zoom Hand #186957212062:  Hold'em No Limit ($0.02/$0.05) - 2018/05/28 22:23:02 CCT [2018/05/28 10:23:02 ET]
Table 'Donati' 6-max Seat #1 is the button
Seat 1: saljam23 ($5.21 in chips) 
Seat 2: Bazhen1990 ($2.62 in chips) 
Seat 3: Gubonyi ($9.71 in chips) 
Seat 4: Tahoe30LT ($5.18 in chips) 
Seat 5: 1nTeresT ($5.29 in chips) 
Seat 6: HubertusB ($6.02 in chips) 
Bazhen1990: posts small blind $0.02
Gubonyi: posts big blind $0.05
*** HOLE CARDS ***
Dealt to HubertusB [6h 5c]
Tahoe30LT: folds 
1nTeresT: folds 
HubertusB: folds 
saljam23: folds 
Bazhen1990: folds 
Uncalled bet ($0.03) returned to Gubonyi
Gubonyi collected $0.04 from pot
Gubonyi: doesn't show hand 
*** SUMMARY ***
Total pot $0.04 | Rake $0 
Seat 1: saljam23 (button) folded before Flop (didn't bet)
Seat 2: Bazhen1990 (small blind) folded before Flop
Seat 3: Gubonyi (big blind) collected ($0.04)
Seat 4: Tahoe30LT folded before Flop (didn't bet)
Seat 5: 1nTeresT folded before Flop (didn't bet)
Seat 6: HubertusB folded before Flop (didn't bet)



PokerStars Zoom Hand #186957209022:  Hold'em No Limit ($0.02/$0.05) - 2018/05/28 22:22:56 CCT [2018/05/28 10:22:56 ET]
Table 'Donati' 6-max Seat #1 is the button
Seat 1: kliha888 ($6.07 in chips) 
Seat 2: HubertusB ($6.04 in chips) 
Seat 3: Ianus72 ($5.67 in chips) 
Seat 4: I Ferox I ($2.97 in chips) 
Seat 5: 3blessings ($6.54 in chips) 
Seat 6: NFS-BA ($11.92 in chips) 
HubertusB: posts small blind $0.02
Ianus72: posts big blind $0.05
*** HOLE CARDS ***
Dealt to HubertusB [9d 6c]
I Ferox I: folds 
3blessings: folds 
NFS-BA: folds 
kliha888: raises $0.07 to $0.12
HubertusB: folds 
Ianus72: folds 
Uncalled bet ($0.07) returned to kliha888
kliha888 collected $0.12 from pot
kliha888: doesn't show hand 
*** SUMMARY ***
Total pot $0.12 | Rake $0 
Seat 1: kliha888 (button) collected ($0.12)
Seat 2: HubertusB (small blind) folded before Flop
Seat 3: Ianus72 (big blind) folded before Flop
Seat 4: I Ferox I folded before Flop (didn't bet)
Seat 5: 3blessings folded before Flop (didn't bet)
Seat 6: NFS-BA folded before Flop (didn't bet)



PokerStars Zoom Hand #186957214525:  Hold'em No Limit ($0.02/$0.05) - 2018/05/28 22:23:07 CCT [2018/05/28 10:23:07 ET]
Table 'Donati' 6-max Seat #1 is the button
Seat 1: HubertusB ($6.02 in chips) 
Seat 2: animackx ($2.61 in chips) 
Seat 3: crowfish.cz ($5.64 in chips) 
Seat 4: TikeTake ($4.86 in chips) 
Seat 5: Tqlkkk-_- ($7.11 in chips) 
Seat 6: El-Choco0815 ($5 in chips) 
animackx: posts small blind $0.02
crowfish.cz: posts big blind $0.05
*** HOLE CARDS ***
Dealt to HubertusB [6h 2d]
TikeTake: raises $0.07 to $0.12
Tqlkkk-_-: folds 
El-Choco0815: folds 
HubertusB: folds 
animackx: folds 
crowfish.cz: folds 
Uncalled bet ($0.07) returned to TikeTake
TikeTake collected $0.12 from pot
TikeTake: doesn't show hand 
*** SUMMARY ***
Total pot $0.12 | Rake $0 
Seat 1: HubertusB (button) folded before Flop (didn't bet)
Seat 2: animackx (small blind) folded before Flop
Seat 3: crowfish.cz (big blind) folded before Flop
Seat 4: TikeTake collected ($0.12)
Seat 5: Tqlkkk-_- folded before Flop (didn't bet)
Seat 6: El-Choco0815 folded before Flop (didn't bet)



PokerStars Zoom Hand #186957216917:  Hold'em No Limit ($0.02/$0.05) - 2018/05/28 22:23:12 CCT [2018/05/28 10:23:12 ET]
Table 'Donati' 6-max Seat #1 is the button
Seat 1: haruhi:3 ($5.02 in chips) 
Seat 2: Uraji Namura ($9.36 in chips) 
Seat 3: monsterprooo ($8.35 in chips) 
Seat 4: FloatsMyBoat ($5 in chips) 
Seat 5: HubertusB ($6.02 in chips) 
Seat 6: 4BetForFood ($5.07 in chips) 
Uraji Namura: posts small blind $0.02
monsterprooo: posts big blind $0.05
*** HOLE CARDS ***
Dealt to HubertusB [Js Qh]
FloatsMyBoat: raises $0.07 to $0.12
HubertusB: raises $0.23 to $0.35
4BetForFood: folds 
haruhi:3: folds 
Uraji Namura: folds 
monsterprooo: folds 
FloatsMyBoat: folds 
Uncalled bet ($0.23) returned to HubertusB
HubertusB collected $0.31 from pot
HubertusB: doesn't show hand 
*** SUMMARY ***
Total pot $0.31 | Rake $0 
Seat 1: haruhi:3 (button) folded before Flop (didn't bet)
Seat 2: Uraji Namura (small blind) folded before Flop
Seat 3: monsterprooo (big blind) folded before Flop
Seat 4: FloatsMyBoat folded before Flop
Seat 5: HubertusB collected ($0.31)
Seat 6: 4BetForFood folded before Flop (didn't bet)



PokerStars Zoom Hand #186957236321:  Hold'em No Limit ($0.02/$0.05) - 2018/05/28 22:23:51 CCT [2018/05/28 10:23:51 ET]
Table 'Donati' 6-max Seat #1 is the button
Seat 1: georgethemac ($17.58 in chips) 
Seat 2: Bluecrust ($31.55 in chips) 
Seat 3: kingblockus ($5.04 in chips) 
Seat 4: TikeTake ($4.81 in chips) 
Seat 5: MAGE%CARDS ($5.02 in chips) 
Seat 6: HubertusB ($6.19 in chips) 
Bluecrust: posts small blind $0.02
kingblockus: posts big blind $0.05
*** HOLE CARDS ***
Dealt to HubertusB [7h Jc]
TikeTake: folds 
MAGE%CARDS: folds 
HubertusB: folds 
georgethemac: raises $0.10 to $0.15
Bluecrust: folds 
kingblockus: folds 
Uncalled bet ($0.10) returned to georgethemac
georgethemac collected $0.12 from pot
georgethemac: doesn't show hand 
*** SUMMARY ***
Total pot $0.12 | Rake $0 
Seat 1: georgethemac (button) collected ($0.12)
Seat 2: Bluecrust (small blind) folded before Flop
Seat 3: kingblockus (big blind) folded before Flop
Seat 4: TikeTake folded before Flop (didn't bet)
Seat 5: MAGE%CARDS folded before Flop (didn't bet)
Seat 6: HubertusB folded before Flop (didn't bet)



PokerStars Zoom Hand #186957239819:  Hold'em No Limit ($0.02/$0.05) - 2018/05/28 22:23:58 CCT [2018/05/28 10:23:58 ET]
Table 'Donati' 6-max Seat #1 is the button
Seat 1: Vakaris22 ($6.21 in chips) 
Seat 2: wilburdodd ($11.46 in chips) 
Seat 3: HubertusB ($6.19 in chips) 
Seat 4: LightDemonR ($5.68 in chips) 
Seat 5: Kruzer20 ($5.53 in chips) 
Seat 6: tiga92 ($5 in chips) 
wilburdodd: posts small blind $0.02
HubertusB: posts big blind $0.05
*** HOLE CARDS ***
Dealt to HubertusB [8h 7c]
LightDemonR: folds 
Kruzer20: folds 
tiga92: folds 
Vakaris22: folds 
wilburdodd: folds 
Uncalled bet ($0.03) returned to HubertusB
HubertusB collected $0.04 from pot
HubertusB: doesn't show hand 
*** SUMMARY ***
Total pot $0.04 | Rake $0 
Seat 1: Vakaris22 (button) folded before Flop (didn't bet)
Seat 2: wilburdodd (small blind) folded before Flop
Seat 3: HubertusB (big blind) collected ($0.04)
Seat 4: LightDemonR folded before Flop (didn't bet)
Seat 5: Kruzer20 folded before Flop (didn't bet)
Seat 6: tiga92 folded before Flop (didn't bet)



PokerStars Zoom Hand #186957243304:  Hold'em No Limit ($0.02/$0.05) - 2018/05/28 22:24:05 CCT [2018/05/28 10:24:05 ET]
Table 'Donati' 6-max Seat #1 is the button
Seat 1: VobrasM ($5.38 in chips) 
Seat 2: georgethemac ($17.65 in chips) 
Seat 3: bubsqueak ($1.35 in chips) 
Seat 4: chechoraiser ($6.51 in chips) 
Seat 5: HubertusB ($6.21 in chips) 
Seat 6: 4BetForFood ($5 in chips) 
georgethemac: posts small blind $0.02
bubsqueak: posts big blind $0.05
*** HOLE CARDS ***
Dealt to HubertusB [8d 2s]
chechoraiser: folds 
HubertusB: folds 
4BetForFood: folds 
VobrasM: folds 
georgethemac: raises $0.10 to $0.15
bubsqueak: folds 
Uncalled bet ($0.10) returned to georgethemac
georgethemac collected $0.10 from pot
georgethemac: doesn't show hand 
*** SUMMARY ***
Total pot $0.10 | Rake $0 
Seat 1: VobrasM (button) folded before Flop (didn't bet)
Seat 2: georgethemac (small blind) collected ($0.10)
Seat 3: bubsqueak (big blind) folded before Flop
Seat 4: chechoraiser folded before Flop (didn't bet)
Seat 5: HubertusB folded before Flop (didn't bet)
Seat 6: 4BetForFood folded before Flop (didn't bet)



PokerStars Zoom Hand #186957246253:  Hold'em No Limit ($0.02/$0.05) - 2018/05/28 22:24:11 CCT [2018/05/28 10:24:11 ET]
Table 'Donati' 6-max Seat #1 is the button
Seat 1: Bragaa93 ($5.05 in chips) 
Seat 2: sapiosss1 ($4.95 in chips) 
Seat 3: artaxruciv ($8.44 in chips) 
Seat 4: HubertusB ($6.21 in chips) 
Seat 5: GypsyBaronX ($3.46 in chips) 
Seat 6: haddonjack ($5.17 in chips) 
sapiosss1: posts small blind $0.02
artaxruciv: posts big blind $0.05
*** HOLE CARDS ***
Dealt to HubertusB [3c Jc]
HubertusB: folds 
GypsyBaronX: raises $0.12 to $0.17
haddonjack: folds 
Bragaa93: folds 
sapiosss1: folds 
artaxruciv: folds 
Uncalled bet ($0.12) returned to GypsyBaronX
GypsyBaronX collected $0.12 from pot
GypsyBaronX: doesn't show hand 
*** SUMMARY ***
Total pot $0.12 | Rake $0 
Seat 1: Bragaa93 (button) folded before Flop (didn't bet)
Seat 2: sapiosss1 (small blind) folded before Flop
Seat 3: artaxruciv (big blind) folded before Flop
Seat 4: HubertusB folded before Flop (didn't bet)
Seat 5: GypsyBaronX collected ($0.12)
Seat 6: haddonjack folded before Flop (didn't bet)



PokerStars Zoom Hand #186957233921:  Hold'em No Limit ($0.02/$0.05) - 2018/05/28 22:23:47 CCT [2018/05/28 10:23:47 ET]
Table 'Donati' 6-max Seat #1 is the button
Seat 1: IrenVasya ($6.68 in chips) 
Seat 2: HubertusB ($6.21 in chips) 
Seat 3: FieluFlag ($10.65 in chips) 
Seat 4: 4BetForFood ($5.36 in chips) 
Seat 5: Mistermojo2711 ($5.72 in chips) 
Seat 6: Tqlkkk-_- ($11.34 in chips) 
HubertusB: posts small blind $0.02
FieluFlag: posts big blind $0.05
*** HOLE CARDS ***
Dealt to HubertusB [9c 5c]
4BetForFood: folds 
Mistermojo2711: raises $0.10 to $0.15
Tqlkkk-_-: folds 
IrenVasya: calls $0.15
HubertusB: folds 
FieluFlag: folds 
*** FLOP *** [Ah Qs 3s]
Mistermojo2711: checks 
IrenVasya: bets $0.20
Mistermojo2711: calls $0.20
*** TURN *** [Ah Qs 3s] [5d]
Mistermojo2711: checks 
IrenVasya: checks 
*** RIVER *** [Ah Qs 3s 5d] [Jd]
Mistermojo2711: bets $0.30
IrenVasya: raises $0.90 to $1.20
Mistermojo2711: folds 
Uncalled bet ($0.90) returned to IrenVasya
IrenVasya collected $1.31 from pot
IrenVasya: doesn't show hand 
*** SUMMARY ***
Total pot $1.37 | Rake $0.06 
Board [Ah Qs 3s 5d Jd]
Seat 1: IrenVasya (button) collected ($1.31)
Seat 2: HubertusB (small blind) folded before Flop
Seat 3: FieluFlag (big blind) folded before Flop
Seat 4: 4BetForFood folded before Flop (didn't bet)
Seat 5: Mistermojo2711 folded on the River
Seat 6: Tqlkkk-_- folded before Flop (didn't bet)



PokerStars Zoom Hand #186957248242:  Hold'em No Limit ($0.02/$0.05) - 2018/05/28 22:24:15 CCT [2018/05/28 10:24:15 ET]
Table 'Donati' 6-max Seat #1 is the button
Seat 1: undersize ($13.07 in chips) 
Seat 2: id e6y_1 ($4.37 in chips) 
Seat 3: 4BetForFood ($5.43 in chips) 
Seat 4: Rappitt ($5.22 in chips) 
Seat 5: Isak.Orn ($6.94 in chips) 
Seat 6: HubertusB ($6.21 in chips) 
id e6y_1: posts small blind $0.02
4BetForFood: posts big blind $0.05
*** HOLE CARDS ***
Dealt to HubertusB [2s 5d]
Rappitt: folds 
Isak.Orn: folds 
HubertusB: folds 
undersize: raises $0.05 to $0.10
id e6y_1: folds 
4BetForFood: folds 
Uncalled bet ($0.05) returned to undersize
undersize collected $0.12 from pot
undersize: doesn't show hand 
*** SUMMARY ***
Total pot $0.12 | Rake $0 
Seat 1: undersize (button) collected ($0.12)
Seat 2: id e6y_1 (small blind) folded before Flop
Seat 3: 4BetForFood (big blind) folded before Flop
Seat 4: Rappitt folded before Flop (didn't bet)
Seat 5: Isak.Orn folded before Flop (didn't bet)
Seat 6: HubertusB folded before Flop (didn't bet)



PokerStars Zoom Hand #186957251666:  Hold'em No Limit ($0.02/$0.05) - 2018/05/28 22:24:22 CCT [2018/05/28 10:24:22 ET]
Table 'Donati' 6-max Seat #1 is the button
Seat 1: dadofaca ($5.56 in chips) 
Seat 2: bubsqueak ($1.30 in chips) 
Seat 3: YungPop ($17.02 in chips) 
Seat 4: HubertusB ($6.21 in chips) 
Seat 5: Einf ($12.04 in chips) 
Seat 6: eurko6 ($5 in chips) 
bubsqueak: posts small blind $0.02
YungPop: posts big blind $0.05
*** HOLE CARDS ***
Dealt to HubertusB [7h 9h]
HubertusB: raises $0.10 to $0.15
Einf: calls $0.15
eurko6: folds 
dadofaca: folds 
bubsqueak: folds 
YungPop: folds 
*** FLOP *** [Jd Jc 7d]
HubertusB: bets $0.18
Einf: calls $0.18
*** TURN *** [Jd Jc 7d] [Ad]
HubertusB: checks 
Einf: checks 
*** RIVER *** [Jd Jc 7d Ad] [Ac]
HubertusB: bets $0.35
Einf: calls $0.35
*** SHOW DOWN ***
HubertusB: shows [7h 9h] (two pair, Aces and Jacks)
Einf: mucks hand 
HubertusB collected $1.37 from pot
*** SUMMARY ***
Total pot $1.43 | Rake $0.06 
Board [Jd Jc 7d Ad Ac]
Seat 1: dadofaca (button) folded before Flop (didn't bet)
Seat 2: bubsqueak (small blind) folded before Flop
Seat 3: YungPop (big blind) folded before Flop
Seat 4: HubertusB showed [7h 9h] and won ($1.37) with two pair, Aces and Jacks
Seat 5: Einf mucked [8c 8s]
Seat 6: eurko6 folded before Flop (didn't bet)



PokerStars Zoom Hand #186957279101:  Hold'em No Limit ($0.02/$0.05) - 2018/05/28 22:25:17 CCT [2018/05/28 10:25:17 ET]
Table 'Donati' 6-max Seat #1 is the button
Seat 1: jorge1145 ($6.72 in chips) 
Seat 2: overboard3 ($6.70 in chips) 
Seat 3: HubertusB ($6.90 in chips) 
Seat 4: progre$$or ($7.77 in chips) 
Seat 5: Olly81 ($5.07 in chips) 
Seat 6: Lelli1 ($5.70 in chips) 
overboard3: posts small blind $0.02
HubertusB: posts big blind $0.05
*** HOLE CARDS ***
Dealt to HubertusB [Kc Ks]
progre$$or: folds 
Olly81: folds 
Lelli1: folds 
jorge1145: folds 
overboard3: folds 
Uncalled bet ($0.03) returned to HubertusB
HubertusB collected $0.04 from pot
HubertusB: doesn't show hand 
*** SUMMARY ***
Total pot $0.04 | Rake $0 
Seat 1: jorge1145 (button) folded before Flop (didn't bet)
Seat 2: overboard3 (small blind) folded before Flop
Seat 3: HubertusB (big blind) collected ($0.04)
Seat 4: progre$$or folded before Flop (didn't bet)
Seat 5: Olly81 folded before Flop (didn't bet)
Seat 6: Lelli1 folded before Flop (didn't bet)



PokerStars Zoom Hand #186957276667:  Hold'em No Limit ($0.02/$0.05) - 2018/05/28 22:25:12 CCT [2018/05/28 10:25:12 ET]
Table 'Donati' 6-max Seat #1 is the button
Seat 1: HubertusB ($6.90 in chips) 
Seat 2: chill7777777 ($4.09 in chips) 
Seat 3: Wolveredo ($5.47 in chips) 
Seat 4: darkmoon311 ($6.32 in chips) 
Seat 5: scotseng ($3.02 in chips) 
Seat 6: Ianus72 ($5 in chips) 
chill7777777: posts small blind $0.02
Wolveredo: posts big blind $0.05
*** HOLE CARDS ***
Dealt to HubertusB [2c 4d]
darkmoon311: folds 
scotseng: folds 
Ianus72: raises $0.07 to $0.12
HubertusB: folds 
chill7777777: folds 
Wolveredo: folds 
Uncalled bet ($0.07) returned to Ianus72
Ianus72 collected $0.12 from pot
Ianus72: doesn't show hand 
*** SUMMARY ***
Total pot $0.12 | Rake $0 
Seat 1: HubertusB (button) folded before Flop (didn't bet)
Seat 2: chill7777777 (small blind) folded before Flop
Seat 3: Wolveredo (big blind) folded before Flop
Seat 4: darkmoon311 folded before Flop (didn't bet)
Seat 5: scotseng folded before Flop (didn't bet)
Seat 6: Ianus72 collected ($0.12)



PokerStars Zoom Hand #186957286089:  Hold'em No Limit ($0.02/$0.05) - 2018/05/28 22:25:31 CCT [2018/05/28 10:25:31 ET]
Table 'Donati' 6-max Seat #1 is the button
Seat 1: Tommm_97 ($5.02 in chips) 
Seat 2: sprojekt ($4.18 in chips) 
Seat 3: GGssmeda ($6.97 in chips) 
Seat 4: sgmanhunter ($3.59 in chips) 
Seat 5: HubertusB ($6.90 in chips) 
Seat 6: AvGeL ($7.58 in chips) 
sprojekt: posts small blind $0.02
GGssmeda: posts big blind $0.05
*** HOLE CARDS ***
Dealt to HubertusB [3d 4d]
sgmanhunter: folds 
HubertusB: raises $0.05 to $0.10
AvGeL: raises $0.35 to $0.45
Tommm_97: folds 
sprojekt: folds 
GGssmeda: folds 
HubertusB: folds 
Uncalled bet ($0.35) returned to AvGeL
AvGeL collected $0.27 from pot
AvGeL: doesn't show hand 
*** SUMMARY ***
Total pot $0.27 | Rake $0 
Seat 1: Tommm_97 (button) folded before Flop (didn't bet)
Seat 2: sprojekt (small blind) folded before Flop
Seat 3: GGssmeda (big blind) folded before Flop
Seat 4: sgmanhunter folded before Flop (didn't bet)
Seat 5: HubertusB folded before Flop
Seat 6: AvGeL collected ($0.27)



PokerStars Zoom Hand #186957297472:  Hold'em No Limit ($0.02/$0.05) - 2018/05/28 22:25:54 CCT [2018/05/28 10:25:54 ET]
Table 'Donati' 6-max Seat #1 is the button
Seat 1: Kruzer20 ($8.01 in chips) 
Seat 2: tolfdirr ($9.49 in chips) 
Seat 3: Simkooo ($5.29 in chips) 
Seat 4: MAGE%CARDS ($5.95 in chips) 
Seat 5: Radomir 26 ($8.40 in chips) 
Seat 6: HubertusB ($6.80 in chips) 
tolfdirr: posts small blind $0.02
Simkooo: posts big blind $0.05
*** HOLE CARDS ***
Dealt to HubertusB [3c 8s]
MAGE%CARDS: folds 
Radomir 26: folds 
HubertusB: folds 
Kruzer20: folds 
tolfdirr: folds 
Uncalled bet ($0.03) returned to Simkooo
Simkooo collected $0.04 from pot
Simkooo: doesn't show hand 
*** SUMMARY ***
Total pot $0.04 | Rake $0 
Seat 1: Kruzer20 (button) folded before Flop (didn't bet)
Seat 2: tolfdirr (small blind) folded before Flop
Seat 3: Simkooo (big blind) collected ($0.04)
Seat 4: MAGE%CARDS folded before Flop (didn't bet)
Seat 5: Radomir 26 folded before Flop (didn't bet)
Seat 6: HubertusB folded before Flop (didn't bet)



PokerStars Zoom Hand #186957283656:  Hold'em No Limit ($0.02/$0.05) - 2018/05/28 22:25:26 CCT [2018/05/28 10:25:26 ET]
Table 'Donati' 6-max Seat #1 is the button
Seat 1: Bragaa93 ($5.12 in chips) 
Seat 2: HubertusB ($6.92 in chips) 
Seat 3: kingblockus ($6.99 in chips) 
Seat 4: facun34 ($5.05 in chips) 
Seat 5: Shved1502 ($6.07 in chips) 
Seat 6: oflori ($7.61 in chips) 
HubertusB: posts small blind $0.02
kingblockus: posts big blind $0.05
*** HOLE CARDS ***
Dealt to HubertusB [6c 2d]
facun34: folds 
Shved1502: raises $0.10 to $0.15
oflori: raises $0.40 to $0.55
Bragaa93: folds 
HubertusB: folds 
kingblockus: folds 
Shved1502: raises $5.52 to $6.07 and is all-in
oflori: folds 
Uncalled bet ($5.52) returned to Shved1502
Shved1502 collected $1.17 from pot
Shved1502: doesn't show hand 
*** SUMMARY ***
Total pot $1.17 | Rake $0 
Seat 1: Bragaa93 (button) folded before Flop (didn't bet)
Seat 2: HubertusB (small blind) folded before Flop
Seat 3: kingblockus (big blind) folded before Flop
Seat 4: facun34 folded before Flop (didn't bet)
Seat 5: Shved1502 collected ($1.17)
Seat 6: oflori folded before Flop



PokerStars Zoom Hand #186957299945:  Hold'em No Limit ($0.02/$0.05) - 2018/05/28 22:25:59 CCT [2018/05/28 10:25:59 ET]
Table 'Donati' 6-max Seat #1 is the button
Seat 1: LightDemonR ($5.16 in chips) 
Seat 2: N0$tradamu$ ($2.95 in chips) 
Seat 3: HubertusB ($6.80 in chips) 
Seat 4: 4effoto ($5.54 in chips) 
Seat 5: KSSD23 ($6.01 in chips) 
Seat 6: c94sual ($11.56 in chips) 
N0$tradamu$: posts small blind $0.02
HubertusB: posts big blind $0.05
*** HOLE CARDS ***
Dealt to HubertusB [5c 8s]
4effoto: folds 
KSSD23: folds 
c94sual: folds 
LightDemonR: folds 
N0$tradamu$: raises $0.10 to $0.15
HubertusB: folds 
Uncalled bet ($0.10) returned to N0$tradamu$
N0$tradamu$ collected $0.10 from pot
N0$tradamu$: doesn't show hand 
*** SUMMARY ***
Total pot $0.10 | Rake $0 
Seat 1: LightDemonR (button) folded before Flop (didn't bet)
Seat 2: N0$tradamu$ (small blind) collected ($0.10)
Seat 3: HubertusB (big blind) folded before Flop
Seat 4: 4effoto folded before Flop (didn't bet)
Seat 5: KSSD23 folded before Flop (didn't bet)
Seat 6: c94sual folded before Flop (didn't bet)



PokerStars Zoom Hand #186957294946:  Hold'em No Limit ($0.02/$0.05) - 2018/05/28 22:25:49 CCT [2018/05/28 10:25:49 ET]
Table 'Donati' 6-max Seat #1 is the button
Seat 1: Crazy Oll ($19.34 in chips) 
Seat 2: thelawyer187 ($5 in chips) 
Seat 3: toshenjka ($8.14 in chips) 
Seat 4: HubertusB ($6.80 in chips) 
Seat 5: Dasperin ($8.21 in chips) 
Seat 6: sprojekt ($7.42 in chips) 
thelawyer187: posts small blind $0.02
toshenjka: posts big blind $0.05
*** HOLE CARDS ***
Dealt to HubertusB [Qc 3d]
HubertusB: folds 
Dasperin: raises $0.10 to $0.15
sprojekt: folds 
Crazy Oll: calls $0.15
thelawyer187: folds 
toshenjka: folds 
*** FLOP *** [7h Qh 5c]
Dasperin: checks 
Crazy Oll: checks 
*** TURN *** [7h Qh 5c] [Th]
Dasperin: checks 
Crazy Oll: bets $0.18
Dasperin: folds 
Uncalled bet ($0.18) returned to Crazy Oll
Crazy Oll collected $0.35 from pot
Crazy Oll: doesn't show hand 
*** SUMMARY ***
Total pot $0.37 | Rake $0.02 
Board [7h Qh 5c Th]
Seat 1: Crazy Oll (button) collected ($0.35)
Seat 2: thelawyer187 (small blind) folded before Flop
Seat 3: toshenjka (big blind) folded before Flop
Seat 4: HubertusB folded before Flop (didn't bet)
Seat 5: Dasperin folded on the Turn
Seat 6: sprojekt folded before Flop (didn't bet)



PokerStars Zoom Hand #186957306940:  Hold'em No Limit ($0.02/$0.05) - 2018/05/28 22:26:13 CCT [2018/05/28 10:26:13 ET]
Table 'Donati' 6-max Seat #1 is the button
Seat 1: HubertusB ($6.75 in chips) 
Seat 2: Nachrichterh ($22.50 in chips) 
Seat 3: AsterixBrn ($8.09 in chips) 
Seat 4: Númenor1994 ($5.99 in chips) 
Seat 5: NFS-BA ($13.85 in chips) 
Seat 6: c94sual ($10.89 in chips) 
Nachrichterh: posts small blind $0.02
AsterixBrn: posts big blind $0.05
*** HOLE CARDS ***
Dealt to HubertusB [Ks Ad]
Númenor1994: folds 
NFS-BA: raises $0.10 to $0.15
c94sual: folds 
HubertusB: raises $0.30 to $0.45
Nachrichterh: folds 
AsterixBrn: folds 
NFS-BA: calls $0.30
*** FLOP *** [9s 6s 4s]
NFS-BA: checks 
HubertusB: bets $0.47
NFS-BA: folds 
Uncalled bet ($0.47) returned to HubertusB
HubertusB collected $0.93 from pot
HubertusB: doesn't show hand 
*** SUMMARY ***
Total pot $0.97 | Rake $0.04 
Board [9s 6s 4s]
Seat 1: HubertusB (button) collected ($0.93)
Seat 2: Nachrichterh (small blind) folded before Flop
Seat 3: AsterixBrn (big blind) folded before Flop
Seat 4: Númenor1994 folded before Flop (didn't bet)
Seat 5: NFS-BA folded on the Flop
Seat 6: c94sual folded before Flop (didn't bet)



PokerStars Zoom Hand #186957319790:  Hold'em No Limit ($0.02/$0.05) - 2018/05/28 22:26:39 CCT [2018/05/28 10:26:39 ET]
Table 'Donati' 6-max Seat #1 is the button
Seat 1: magunesium ($5.35 in chips) 
Seat 2: HubertusB ($7.23 in chips) 
Seat 3: F1911P ($9.04 in chips) 
Seat 4: ninobel88 ($6.31 in chips) 
Seat 5: mironam76 ($2.28 in chips) 
Seat 6: gakimoney ($6.05 in chips) 
HubertusB: posts small blind $0.02
F1911P: posts big blind $0.05
*** HOLE CARDS ***
Dealt to HubertusB [2d 3c]
ninobel88: folds 
mironam76: folds 
gakimoney: folds 
magunesium: raises $0.10 to $0.15
HubertusB: folds 
F1911P: folds 
Uncalled bet ($0.10) returned to magunesium
magunesium collected $0.12 from pot
magunesium: doesn't show hand 
*** SUMMARY ***
Total pot $0.12 | Rake $0 
Seat 1: magunesium (button) collected ($0.12)
Seat 2: HubertusB (small blind) folded before Flop
Seat 3: F1911P (big blind) folded before Flop
Seat 4: ninobel88 folded before Flop (didn't bet)
Seat 5: mironam76 folded before Flop (didn't bet)
Seat 6: gakimoney folded before Flop (didn't bet)



PokerStars Zoom Hand #186957324321:  Hold'em No Limit ($0.02/$0.05) - 2018/05/28 22:26:48 CCT [2018/05/28 10:26:48 ET]
Table 'Donati' 6-max Seat #1 is the button
Seat 1: Lelli1 ($5.63 in chips) 
Seat 2: toshenjka ($8.02 in chips) 
Seat 3: PugoGrasse ($6.66 in chips) 
Seat 4: a1expokerbot ($6.36 in chips) 
Seat 5: HubertusB ($7.21 in chips) 
Seat 6: Rustifonjos ($5.87 in chips) 
toshenjka: posts small blind $0.02
PugoGrasse: posts big blind $0.05
*** HOLE CARDS ***
Dealt to HubertusB [2h 4c]
a1expokerbot: raises $0.10 to $0.15
HubertusB: folds 
Rustifonjos: folds 
Lelli1: folds 
toshenjka: calls $0.13
PugoGrasse: folds 
*** FLOP *** [Ad 5d 2d]
toshenjka: checks 
a1expokerbot: bets $0.15
toshenjka: folds 
Uncalled bet ($0.15) returned to a1expokerbot
a1expokerbot collected $0.34 from pot
a1expokerbot: doesn't show hand 
*** SUMMARY ***
Total pot $0.35 | Rake $0.01 
Board [Ad 5d 2d]
Seat 1: Lelli1 (button) folded before Flop (didn't bet)
Seat 2: toshenjka (small blind) folded on the Flop
Seat 3: PugoGrasse (big blind) folded before Flop
Seat 4: a1expokerbot collected ($0.34)
Seat 5: HubertusB folded before Flop (didn't bet)
Seat 6: Rustifonjos folded before Flop (didn't bet)



PokerStars Zoom Hand #186957326800:  Hold'em No Limit ($0.02/$0.05) - 2018/05/28 22:26:53 CCT [2018/05/28 10:26:53 ET]
Table 'Donati' 6-max Seat #1 is the button
Seat 1: HubertusB ($7.21 in chips) 
Seat 2: Callboyy ($6.01 in chips) 
Seat 3: progre$$or ($16.35 in chips) 
Seat 4: zibertmen ($5 in chips) 
Seat 5: evgenia V ($2.98 in chips) 
Seat 6: darkmoon311 ($6.18 in chips) 
Callboyy: posts small blind $0.02
progre$$or: posts big blind $0.05
*** HOLE CARDS ***
Dealt to HubertusB [3s Qd]
zibertmen: folds 
evgenia V: folds 
darkmoon311: folds 
HubertusB: folds 
Callboyy: folds 
Uncalled bet ($0.03) returned to progre$$or
progre$$or collected $0.04 from pot
progre$$or: doesn't show hand 
*** SUMMARY ***
Total pot $0.04 | Rake $0 
Seat 1: HubertusB (button) folded before Flop (didn't bet)
Seat 2: Callboyy (small blind) folded before Flop
Seat 3: progre$$or (big blind) collected ($0.04)
Seat 4: zibertmen folded before Flop (didn't bet)
Seat 5: evgenia V folded before Flop (didn't bet)
Seat 6: darkmoon311 folded before Flop (didn't bet)



PokerStars Zoom Hand #186957335183:  Hold'em No Limit ($0.02/$0.05) - 2018/05/28 22:27:10 CCT [2018/05/28 10:27:10 ET]
Table 'Donati' 6-max Seat #1 is the button
Seat 1: anorectal ($5.26 in chips) 
Seat 2: HubertusB ($7.21 in chips) 
Seat 3: luka1981good ($5.56 in chips) 
Seat 4: Númenor1994 ($7.52 in chips) 
Seat 5: xodyac ($6.14 in chips) 
Seat 6: tiga92 ($5.02 in chips) 
HubertusB: posts small blind $0.02
luka1981good: posts big blind $0.05
*** HOLE CARDS ***
Dealt to HubertusB [Ts 5h]
Númenor1994: folds 
xodyac: raises $0.05 to $0.10
tiga92: folds 
anorectal: folds 
HubertusB: folds 
luka1981good: calls $0.05
*** FLOP *** [Tc Ac As]
luka1981good: checks 
xodyac: bets $0.17
luka1981good: folds 
Uncalled bet ($0.17) returned to xodyac
xodyac collected $0.21 from pot
xodyac: doesn't show hand 
*** SUMMARY ***
Total pot $0.22 | Rake $0.01 
Board [Tc Ac As]
Seat 1: anorectal (button) folded before Flop (didn't bet)
Seat 2: HubertusB (small blind) folded before Flop
Seat 3: luka1981good (big blind) folded on the Flop
Seat 4: Númenor1994 folded before Flop (didn't bet)
Seat 5: xodyac collected ($0.21)
Seat 6: tiga92 folded before Flop (didn't bet)



PokerStars Zoom Hand #186957337654:  Hold'em No Limit ($0.02/$0.05) - 2018/05/28 22:27:15 CCT [2018/05/28 10:27:15 ET]
Table 'Donati' 6-max Seat #1 is the button
Seat 1: progre$$or ($8.66 in chips) 
Seat 2: kliha888 ($5.87 in chips) 
Seat 3: HubertusB ($7.19 in chips) 
Seat 4: undersize ($6.13 in chips) 
Seat 5: DreadF0ol ($5 in chips) 
Seat 6: ScreamStick ($5 in chips) 
kliha888: posts small blind $0.02
HubertusB: posts big blind $0.05
*** HOLE CARDS ***
Dealt to HubertusB [8d 8c]
undersize: folds 
DreadF0ol: raises $0.10 to $0.15
ScreamStick: folds 
progre$$or: folds 
kliha888: calls $0.13
HubertusB: calls $0.10
*** FLOP *** [7h 9d 8h]
kliha888: checks 
HubertusB: checks 
DreadF0ol: bets $0.29
kliha888: calls $0.29
HubertusB: raises $0.96 to $1.25
DreadF0ol: calls $0.96
kliha888: folds 
*** TURN *** [7h 9d 8h] [7s]
HubertusB: bets $5.79 and is all-in
DreadF0ol: folds 
Uncalled bet ($5.79) returned to HubertusB
HubertusB collected $3.11 from pot
HubertusB: doesn't show hand 
*** SUMMARY ***
Total pot $3.24 | Rake $0.13 
Board [7h 9d 8h 7s]
Seat 1: progre$$or (button) folded before Flop (didn't bet)
Seat 2: kliha888 (small blind) folded on the Flop
Seat 3: HubertusB (big blind) collected ($3.11)
Seat 4: undersize folded before Flop (didn't bet)
Seat 5: DreadF0ol folded on the Turn
Seat 6: ScreamStick folded before Flop (didn't bet)



PokerStars Zoom Hand #186957365797:  Hold'em No Limit ($0.02/$0.05) - 2018/05/28 22:28:12 CCT [2018/05/28 10:28:12 ET]
Table 'Donati' 6-max Seat #1 is the button
Seat 1: Georgiy870 ($5.54 in chips) 
Seat 2: GlamKudes ($5.31 in chips) 
Seat 3: tiga92 ($5.70 in chips) 
Seat 4: F1911P ($5 in chips) 
Seat 5: Wolveredo ($6.22 in chips) 
Seat 6: HubertusB ($8.90 in chips) 
GlamKudes: posts small blind $0.02
tiga92: posts big blind $0.05
*** HOLE CARDS ***
Dealt to HubertusB [8h 4c]
F1911P: folds 
Wolveredo: folds 
HubertusB: folds 
Georgiy870: raises $0.05 to $0.10
GlamKudes: folds 
tiga92: folds 
Uncalled bet ($0.05) returned to Georgiy870
Georgiy870 collected $0.12 from pot
Georgiy870: doesn't show hand 
*** SUMMARY ***
Total pot $0.12 | Rake $0 
Seat 1: Georgiy870 (button) collected ($0.12)
Seat 2: GlamKudes (small blind) folded before Flop
Seat 3: tiga92 (big blind) folded before Flop
Seat 4: F1911P folded before Flop (didn't bet)
Seat 5: Wolveredo folded before Flop (didn't bet)
Seat 6: HubertusB folded before Flop (didn't bet)



PokerStars Zoom Hand #186957369326:  Hold'em No Limit ($0.02/$0.05) - 2018/05/28 22:28:19 CCT [2018/05/28 10:28:19 ET]
Table 'Donati' 6-max Seat #1 is the button
Seat 1: GlamKudes ($5.29 in chips) 
Seat 2: Region059 ($5.18 in chips) 
Seat 3: Callboyy ($5.64 in chips) 
Seat 4: Chunichi ($11.13 in chips) 
Seat 5: HubertusB ($8.90 in chips) 
Seat 6: 1991Stefan ($5.07 in chips) 
Region059: posts small blind $0.02
Callboyy: posts big blind $0.05
*** HOLE CARDS ***
Dealt to HubertusB [Ac 7c]
Chunichi: folds 
HubertusB: raises $0.10 to $0.15
1991Stefan: calls $0.15
GlamKudes: folds 
Region059: folds 
Callboyy: calls $0.10
*** FLOP *** [Jd Js 7s]
Callboyy: checks 
HubertusB: bets $0.25
1991Stefan: calls $0.25
Callboyy: folds 
*** TURN *** [Jd Js 7s] [3d]
HubertusB: checks 
1991Stefan: bets $0.50
HubertusB: calls $0.50
*** RIVER *** [Jd Js 7s 3d] [4s]
HubertusB: checks 
1991Stefan: bets $0.75
HubertusB: folds 
Uncalled bet ($0.75) returned to 1991Stefan
1991Stefan collected $1.89 from pot
1991Stefan: doesn't show hand 
*** SUMMARY ***
Total pot $1.97 | Rake $0.08 
Board [Jd Js 7s 3d 4s]
Seat 1: GlamKudes (button) folded before Flop (didn't bet)
Seat 2: Region059 (small blind) folded before Flop
Seat 3: Callboyy (big blind) folded on the Flop
Seat 4: Chunichi folded before Flop (didn't bet)
Seat 5: HubertusB folded on the River
Seat 6: 1991Stefan collected ($1.89)



PokerStars Zoom Hand #186957418849:  Hold'em No Limit ($0.02/$0.05) - 2018/05/28 22:29:58 CCT [2018/05/28 10:29:58 ET]
Table 'Donati' 6-max Seat #1 is the button
Seat 1: nagadon ($5.91 in chips) 
Seat 2: GGssmeda ($5.02 in chips) 
Seat 3: Russkiy499 ($2.34 in chips) 
Seat 4: HubertusB ($8 in chips) 
Seat 5: RtrDam ($2.93 in chips) 
Seat 6: preflop1987 ($5.53 in chips) 
GGssmeda: posts small blind $0.02
Russkiy499: posts big blind $0.05
*** HOLE CARDS ***
Dealt to HubertusB [2h 9h]
HubertusB: folds 
RtrDam: raises $0.10 to $0.15
preflop1987: folds 
nagadon: folds 
GGssmeda: folds 
Russkiy499: folds 
Uncalled bet ($0.10) returned to RtrDam
RtrDam collected $0.12 from pot
RtrDam: doesn't show hand 
*** SUMMARY ***
Total pot $0.12 | Rake $0 
Seat 1: nagadon (button) folded before Flop (didn't bet)
Seat 2: GGssmeda (small blind) folded before Flop
Seat 3: Russkiy499 (big blind) folded before Flop
Seat 4: HubertusB folded before Flop (didn't bet)
Seat 5: RtrDam collected ($0.12)
Seat 6: preflop1987 folded before Flop (didn't bet)



PokerStars Zoom Hand #186957416310:  Hold'em No Limit ($0.02/$0.05) - 2018/05/28 22:29:53 CCT [2018/05/28 10:29:53 ET]
Table 'Donati' 6-max Seat #1 is the button
Seat 1: PugoGrasse ($5 in chips) 
Seat 2: darkmoon311 ($7.39 in chips) 
Seat 3: Gubonyi ($4.98 in chips) 
Seat 4: HubertusB ($8 in chips) 
Seat 5: liliy_yama ($6.07 in chips) 
Seat 6: ArakiK ($4.93 in chips) 
darkmoon311: posts small blind $0.02
Gubonyi: posts big blind $0.05
*** HOLE CARDS ***
Dealt to HubertusB [4d 8s]
HubertusB: folds 
liliy_yama: folds 
ArakiK: raises $0.10 to $0.15
PugoGrasse: folds 
darkmoon311: folds 
Gubonyi: calls $0.10
*** FLOP *** [Ad Js 8d]
Gubonyi: checks 
ArakiK: bets $0.10
Gubonyi: folds 
Uncalled bet ($0.10) returned to ArakiK
ArakiK collected $0.31 from pot
ArakiK: doesn't show hand 
*** SUMMARY ***
Total pot $0.32 | Rake $0.01 
Board [Ad Js 8d]
Seat 1: PugoGrasse (button) folded before Flop (didn't bet)
Seat 2: darkmoon311 (small blind) folded before Flop
Seat 3: Gubonyi (big blind) folded on the Flop
Seat 4: HubertusB folded before Flop (didn't bet)
Seat 5: liliy_yama folded before Flop (didn't bet)
Seat 6: ArakiK collected ($0.31)



PokerStars Zoom Hand #186957425385:  Hold'em No Limit ($0.02/$0.05) - 2018/05/28 22:30:11 CCT [2018/05/28 10:30:11 ET]
Table 'Donati' 6-max Seat #1 is the button
Seat 1: HubertusB ($8 in chips) 
Seat 2: bielelias ($17.12 in chips) 
Seat 3: pocketfetish ($5.29 in chips) 
Seat 4: qwlmn159951 ($16.46 in chips) 
Seat 5: preflop1987 ($5.48 in chips) 
Seat 6: GGssmeda ($5 in chips) 
bielelias: posts small blind $0.02
pocketfetish: posts big blind $0.05
*** HOLE CARDS ***
Dealt to HubertusB [Qd 2c]
qwlmn159951: folds 
preflop1987: folds 
GGssmeda: folds 
HubertusB: folds 
bielelias: folds 
Uncalled bet ($0.03) returned to pocketfetish
pocketfetish collected $0.04 from pot
pocketfetish: doesn't show hand 
*** SUMMARY ***
Total pot $0.04 | Rake $0 
Seat 1: HubertusB (button) folded before Flop (didn't bet)
Seat 2: bielelias (small blind) folded before Flop
Seat 3: pocketfetish (big blind) collected ($0.04)
Seat 4: qwlmn159951 folded before Flop (didn't bet)
Seat 5: preflop1987 folded before Flop (didn't bet)
Seat 6: GGssmeda folded before Flop (didn't bet)



PokerStars Zoom Hand #186957427959:  Hold'em No Limit ($0.02/$0.05) - 2018/05/28 22:30:16 CCT [2018/05/28 10:30:16 ET]
Table 'Donati' 6-max Seat #1 is the button
Seat 1: MamaMaruca ($5.07 in chips) 
Seat 2: Dracyus ($5.02 in chips) 
Seat 3: HubertusB ($8 in chips) 
Seat 4: qwlmn159951 ($16.46 in chips) 
Seat 5: Xasoin ($6.56 in chips) 
Seat 6: Tqlkkk-_- ($10.47 in chips) 
Dracyus: posts small blind $0.02
HubertusB: posts big blind $0.05
*** HOLE CARDS ***
Dealt to HubertusB [8h Ad]
qwlmn159951: folds 
Xasoin: folds 
Tqlkkk-_-: raises $0.07 to $0.12
MamaMaruca: folds 
Dracyus: folds 
HubertusB: raises $0.23 to $0.35
Tqlkkk-_-: calls $0.23
*** FLOP *** [Ks Jd Qs]
HubertusB: bets $0.35
Tqlkkk-_-: folds 
Uncalled bet ($0.35) returned to HubertusB
HubertusB collected $0.69 from pot
HubertusB: doesn't show hand 
*** SUMMARY ***
Total pot $0.72 | Rake $0.03 
Board [Ks Jd Qs]
Seat 1: MamaMaruca (button) folded before Flop (didn't bet)
Seat 2: Dracyus (small blind) folded before Flop
Seat 3: HubertusB (big blind) collected ($0.69)
Seat 4: qwlmn159951 folded before Flop (didn't bet)
Seat 5: Xasoin folded before Flop (didn't bet)
Seat 6: Tqlkkk-_- folded on the Flop



PokerStars Zoom Hand #186957422387:  Hold'em No Limit ($0.02/$0.05) - 2018/05/28 22:30:05 CCT [2018/05/28 10:30:05 ET]
Table 'Donati' 6-max Seat #1 is the button
Seat 1: yurimakk ($3.35 in chips) 
Seat 2: Edmondo007 ($5.17 in chips) 
Seat 3: GlamKudes ($5 in chips) 
Seat 4: HubertusB ($8 in chips) 
Seat 5: Númenor1994 ($7.83 in chips) 
Seat 6: Bluecrust ($31.13 in chips) 
Edmondo007: posts small blind $0.02
GlamKudes: posts big blind $0.05
*** HOLE CARDS ***
Dealt to HubertusB [4h Ks]
HubertusB: folds 
Númenor1994: raises $0.10 to $0.15
Bluecrust: folds 
yurimakk: folds 
Edmondo007: calls $0.13
GlamKudes: folds 
*** FLOP *** [Ac Qh 3d]
Edmondo007: checks 
Númenor1994: bets $0.19
Edmondo007: calls $0.19
*** TURN *** [Ac Qh 3d] [2d]
Edmondo007: checks 
Númenor1994: checks 
*** RIVER *** [Ac Qh 3d 2d] [6d]
Edmondo007: checks 
Númenor1994: checks 
*** SHOW DOWN ***
Edmondo007: shows [Th Td] (a pair of Tens)
Númenor1994: shows [Js Jc] (a pair of Jacks)
Númenor1994 collected $0.70 from pot
*** SUMMARY ***
Total pot $0.73 | Rake $0.03 
Board [Ac Qh 3d 2d 6d]
Seat 1: yurimakk (button) folded before Flop (didn't bet)
Seat 2: Edmondo007 (small blind) showed [Th Td] and lost with a pair of Tens
Seat 3: GlamKudes (big blind) folded before Flop
Seat 4: HubertusB folded before Flop (didn't bet)
Seat 5: Númenor1994 showed [Js Jc] and won ($0.70) with a pair of Jacks
Seat 6: Bluecrust folded before Flop (didn't bet)



PokerStars Zoom Hand #186957441481:  Hold'em No Limit ($0.02/$0.05) - 2018/05/28 22:30:43 CCT [2018/05/28 10:30:43 ET]
Table 'Donati' 6-max Seat #1 is the button
Seat 1: chechoraiser ($7.68 in chips) 
Seat 2: tiga92 ($5.23 in chips) 
Seat 3: david_sara83 ($12.42 in chips) 
Seat 4: kostariki ($4.40 in chips) 
Seat 5: Gubonyi ($8.72 in chips) 
Seat 6: HubertusB ($8.34 in chips) 
tiga92: posts small blind $0.02
david_sara83: posts big blind $0.05
*** HOLE CARDS ***
Dealt to HubertusB [Ah 6h]
kostariki: folds 
Gubonyi: folds 
HubertusB: raises $0.05 to $0.10
chechoraiser: raises $0.32 to $0.42
tiga92: folds 
david_sara83: folds 
HubertusB: raises $0.63 to $1.05
chechoraiser: calls $0.63
*** FLOP *** [9d 6s 3s]
HubertusB: bets $0.55
chechoraiser: calls $0.55
*** TURN *** [9d 6s 3s] [9s]
HubertusB: checks 
chechoraiser: checks 
*** RIVER *** [9d 6s 3s 9s] [5h]
HubertusB: bets $0.95
chechoraiser: folds 
Uncalled bet ($0.95) returned to HubertusB
HubertusB collected $3.13 from pot
HubertusB: doesn't show hand 
*** SUMMARY ***
Total pot $3.27 | Rake $0.14 
Board [9d 6s 3s 9s 5h]
Seat 1: chechoraiser (button) folded on the River
Seat 2: tiga92 (small blind) folded before Flop
Seat 3: david_sara83 (big blind) folded before Flop
Seat 4: kostariki folded before Flop (didn't bet)
Seat 5: Gubonyi folded before Flop (didn't bet)
Seat 6: HubertusB collected ($3.13)



PokerStars Zoom Hand #186957494695:  Hold'em No Limit ($0.02/$0.05) - 2018/05/28 22:32:30 CCT [2018/05/28 10:32:30 ET]
Table 'Donati' 6-max Seat #1 is the button
Seat 1: omda.bhouri ($3.05 in chips) 
Seat 2: scotseng ($2.40 in chips) 
Seat 3: GlamKudes ($5.15 in chips) 
Seat 4: Se4ilinikogr3 ($5.16 in chips) 
Seat 5: HubertusB ($9.85 in chips) 
Seat 6: marcioadrs ($5.05 in chips) 
scotseng: posts small blind $0.02
GlamKudes: posts big blind $0.05
*** HOLE CARDS ***
Dealt to HubertusB [Ad 7h]
Se4ilinikogr3: folds 
HubertusB: folds 
marcioadrs: folds 
omda.bhouri: folds 
scotseng: folds 
Uncalled bet ($0.03) returned to GlamKudes
GlamKudes collected $0.04 from pot
GlamKudes: doesn't show hand 
*** SUMMARY ***
Total pot $0.04 | Rake $0 
Seat 1: omda.bhouri (button) folded before Flop (didn't bet)
Seat 2: scotseng (small blind) folded before Flop
Seat 3: GlamKudes (big blind) collected ($0.04)
Seat 4: Se4ilinikogr3 folded before Flop (didn't bet)
Seat 5: HubertusB folded before Flop (didn't bet)
Seat 6: marcioadrs folded before Flop (didn't bet)



PokerStars Zoom Hand #186957499181:  Hold'em No Limit ($0.02/$0.05) - 2018/05/28 22:32:39 CCT [2018/05/28 10:32:39 ET]
Table 'Donati' 6-max Seat #1 is the button
Seat 1: HubertusB ($9.85 in chips) 
Seat 2: nagadon ($7.43 in chips) 
Seat 3: elviesa ($5.20 in chips) 
Seat 4: Einf ($11.51 in chips) 
Seat 5: Spookie_1980 ($11.31 in chips) 
Seat 6: qwlmn159951 ($8.05 in chips) 
nagadon: posts small blind $0.02
elviesa: posts big blind $0.05
*** HOLE CARDS ***
Dealt to HubertusB [Kc 9s]
Einf: folds 
Spookie_1980: folds 
qwlmn159951: folds 
HubertusB: raises $0.05 to $0.10
nagadon: folds 
elviesa: folds 
Uncalled bet ($0.05) returned to HubertusB
HubertusB collected $0.12 from pot
HubertusB: doesn't show hand 
*** SUMMARY ***
Total pot $0.12 | Rake $0 
Seat 1: HubertusB (button) collected ($0.12)
Seat 2: nagadon (small blind) folded before Flop
Seat 3: elviesa (big blind) folded before Flop
Seat 4: Einf folded before Flop (didn't bet)
Seat 5: Spookie_1980 folded before Flop (didn't bet)
Seat 6: qwlmn159951 folded before Flop (didn't bet)



PokerStars Zoom Hand #186957490258:  Hold'em No Limit ($0.02/$0.05) - 2018/05/28 22:32:21 CCT [2018/05/28 10:32:21 ET]
Table 'Donati' 6-max Seat #1 is the button
Seat 1: zsen977 ($6.69 in chips) 
Seat 2: HubertusB ($9.87 in chips) 
Seat 3: béla445 ($3.04 in chips) 
Seat 4: Fighter485 ($5.12 in chips) 
Seat 5: 1nTeresT ($6.50 in chips) 
Seat 6: tiga92 ($5.42 in chips) 
HubertusB: posts small blind $0.02
béla445: posts big blind $0.05
*** HOLE CARDS ***
Dealt to HubertusB [2h Qh]
Fighter485: raises $0.10 to $0.15
1nTeresT: folds 
tiga92: folds 
zsen977: folds 
HubertusB: folds 
béla445: calls $0.10
*** FLOP *** [9h 7s 7h]
béla445: bets $0.10
Fighter485: calls $0.10
*** TURN *** [9h 7s 7h] [Ks]
béla445: bets $0.25
Fighter485: calls $0.25
*** RIVER *** [9h 7s 7h Ks] [Ac]
béla445: checks 
Fighter485: checks 
*** SHOW DOWN ***
béla445: shows [Ts 4h] (a pair of Sevens)
Fighter485: shows [Js Qs] (a pair of Sevens - Ace+King+Queen kicker)
Fighter485 collected $0.98 from pot
*** SUMMARY ***
Total pot $1.02 | Rake $0.04 
Board [9h 7s 7h Ks Ac]
Seat 1: zsen977 (button) folded before Flop (didn't bet)
Seat 2: HubertusB (small blind) folded before Flop
Seat 3: béla445 (big blind) showed [Ts 4h] and lost with a pair of Sevens
Seat 4: Fighter485 showed [Js Qs] and won ($0.98) with a pair of Sevens
Seat 5: 1nTeresT folded before Flop (didn't bet)
Seat 6: tiga92 folded before Flop (didn't bet)



PokerStars Zoom Hand #186957516530:  Hold'em No Limit ($0.02/$0.05) - 2018/05/28 22:33:14 CCT [2018/05/28 10:33:14 ET]
Table 'Donati' 6-max Seat #1 is the button
Seat 1: N0$tradamu$ ($2.48 in chips) 
Seat 2: bubsqueak ($1.49 in chips) 
Seat 3: HubertusB ($9.92 in chips) 
Seat 4: sprojekt ($2.33 in chips) 
Seat 5: buewsina ($4.10 in chips) 
Seat 6: MamaMaruca ($5 in chips) 
bubsqueak: posts small blind $0.02
HubertusB: posts big blind $0.05
*** HOLE CARDS ***
Dealt to HubertusB [5d Ad]
sprojekt: folds 
buewsina: folds 
MamaMaruca: folds 
N0$tradamu$: folds 
bubsqueak: folds 
Uncalled bet ($0.03) returned to HubertusB
HubertusB collected $0.04 from pot
HubertusB: doesn't show hand 
*** SUMMARY ***
Total pot $0.04 | Rake $0 
Seat 1: N0$tradamu$ (button) folded before Flop (didn't bet)
Seat 2: bubsqueak (small blind) folded before Flop
Seat 3: HubertusB (big blind) collected ($0.04)
Seat 4: sprojekt folded before Flop (didn't bet)
Seat 5: buewsina folded before Flop (didn't bet)
Seat 6: MamaMaruca folded before Flop (didn't bet)



PokerStars Zoom Hand #186957509075:  Hold'em No Limit ($0.02/$0.05) - 2018/05/28 22:32:59 CCT [2018/05/28 10:32:59 ET]
Table 'Donati' 6-max Seat #1 is the button
Seat 1: starboyi ($6.19 in chips) 
Seat 2: tiga92 ($5.02 in chips) 
Seat 3: MamaMaruca ($5.70 in chips) 
Seat 4: DirtyDeedz1 ($9.40 in chips) 
Seat 5: Crazy Oll ($4.61 in chips) 
Seat 6: HubertusB ($9.92 in chips) 
tiga92: posts small blind $0.02
MamaMaruca: posts big blind $0.05
*** HOLE CARDS ***
Dealt to HubertusB [4c Td]
DirtyDeedz1: folds 
Crazy Oll: folds 
HubertusB: folds 
starboyi: raises $0.10 to $0.15
tiga92: folds 
MamaMaruca: raises $0.35 to $0.50
starboyi: calls $0.35
*** FLOP *** [Qd 5d 7d]
MamaMaruca: checks 
starboyi: checks 
*** TURN *** [Qd 5d 7d] [8d]
MamaMaruca: checks 
starboyi: bets $0.49
MamaMaruca: folds 
Uncalled bet ($0.49) returned to starboyi
starboyi collected $0.98 from pot
starboyi: doesn't show hand 
*** SUMMARY ***
Total pot $1.02 | Rake $0.04 
Board [Qd 5d 7d 8d]
Seat 1: starboyi (button) collected ($0.98)
Seat 2: tiga92 (small blind) folded before Flop
Seat 3: MamaMaruca (big blind) folded on the Turn
Seat 4: DirtyDeedz1 folded before Flop (didn't bet)
Seat 5: Crazy Oll folded before Flop (didn't bet)
Seat 6: HubertusB folded before Flop (didn't bet)



PokerStars Zoom Hand #186957511541:  Hold'em No Limit ($0.02/$0.05) - 2018/05/28 22:33:04 CCT [2018/05/28 10:33:04 ET]
Table 'Donati' 6-max Seat #1 is the button
Seat 1: c94sual ($9.14 in chips) 
Seat 2: béla445 ($2.54 in chips) 
Seat 3: Wolveredo ($5.67 in chips) 
Seat 4: SoryGuy ($3.45 in chips) 
Seat 5: HubertusB ($9.92 in chips) 
Seat 6: PiNe4ppLe ($5 in chips) 
béla445: posts small blind $0.02
Wolveredo: posts big blind $0.05
*** HOLE CARDS ***
Dealt to HubertusB [4d 5c]
SoryGuy: folds 
HubertusB: folds 
PiNe4ppLe: folds 
c94sual: raises $0.10 to $0.15
béla445: raises $0.10 to $0.25
Wolveredo: folds 
c94sual: calls $0.10
*** FLOP *** [Qs 9h Qd]
béla445: checks 
c94sual: checks 
*** TURN *** [Qs 9h Qd] [Kc]
béla445: checks 
c94sual: checks 
*** RIVER *** [Qs 9h Qd Kc] [Ah]
béla445: bets $0.27
c94sual: calls $0.27
*** SHOW DOWN ***
béla445: shows [Ts Kd] (two pair, Kings and Queens)
c94sual: mucks hand 
béla445 collected $1.04 from pot
*** SUMMARY ***
Total pot $1.09 | Rake $0.05 
Board [Qs 9h Qd Kc Ah]
Seat 1: c94sual (button) mucked [5s 5h]
Seat 2: béla445 (small blind) showed [Ts Kd] and won ($1.04) with two pair, Kings and Queens
Seat 3: Wolveredo (big blind) folded before Flop
Seat 4: SoryGuy folded before Flop (didn't bet)
Seat 5: HubertusB folded before Flop (didn't bet)
Seat 6: PiNe4ppLe folded before Flop (didn't bet)



PokerStars Zoom Hand #186957521000:  Hold'em No Limit ($0.02/$0.05) - 2018/05/28 22:33:23 CCT [2018/05/28 10:33:23 ET]
Table 'Donati' 6-max Seat #1 is the button
Seat 1: Lubbi5 ($6.88 in chips) 
Seat 2: HubertusB ($9.94 in chips) 
Seat 3: U_RULIA ($5.26 in chips) 
Seat 4: Crazy Oll ($4.49 in chips) 
Seat 5: nellyba ($3.47 in chips) 
Seat 6: Callboyy ($6.19 in chips) 
HubertusB: posts small blind $0.02
U_RULIA: posts big blind $0.05
*** HOLE CARDS ***
Dealt to HubertusB [9s Ac]
Crazy Oll: folds 
nellyba: raises $0.10 to $0.15
Callboyy: folds 
Lubbi5: folds 
HubertusB: folds 
U_RULIA: folds 
Uncalled bet ($0.10) returned to nellyba
nellyba collected $0.12 from pot
nellyba: doesn't show hand 
*** SUMMARY ***
Total pot $0.12 | Rake $0 
Seat 1: Lubbi5 (button) folded before Flop (didn't bet)
Seat 2: HubertusB (small blind) folded before Flop
Seat 3: U_RULIA (big blind) folded before Flop
Seat 4: Crazy Oll folded before Flop (didn't bet)
Seat 5: nellyba collected ($0.12)
Seat 6: Callboyy folded before Flop (didn't bet)



PokerStars Zoom Hand #186957526458:  Hold'em No Limit ($0.02/$0.05) - 2018/05/28 22:33:34 CCT [2018/05/28 10:33:34 ET]
Table 'Donati' 6-max Seat #1 is the button
Seat 1: qwlmn159951 ($16.42 in chips) 
Seat 2: sdf256 ($5 in chips) 
Seat 3: Russkiy499 ($2.52 in chips) 
Seat 4: elviesa ($5.36 in chips) 
Seat 5: preflop1987 ($6.60 in chips) 
Seat 6: HubertusB ($9.92 in chips) 
sdf256: posts small blind $0.02
Russkiy499: posts big blind $0.05
*** HOLE CARDS ***
Dealt to HubertusB [Kc 5s]
elviesa: folds 
preflop1987: folds 
HubertusB: folds 
qwlmn159951: raises $0.07 to $0.12
sdf256: folds 
Russkiy499: folds 
Uncalled bet ($0.07) returned to qwlmn159951
qwlmn159951 collected $0.12 from pot
qwlmn159951: doesn't show hand 
*** SUMMARY ***
Total pot $0.12 | Rake $0 
Seat 1: qwlmn159951 (button) collected ($0.12)
Seat 2: sdf256 (small blind) folded before Flop
Seat 3: Russkiy499 (big blind) folded before Flop
Seat 4: elviesa folded before Flop (didn't bet)
Seat 5: preflop1987 folded before Flop (didn't bet)
Seat 6: HubertusB folded before Flop (didn't bet)



PokerStars Zoom Hand #186957514063:  Hold'em No Limit ($0.02/$0.05) - 2018/05/28 22:33:09 CCT [2018/05/28 10:33:09 ET]
Table 'Donati' 6-max Seat #1 is the button
Seat 1: Shizentaï ($4.04 in chips) 
Seat 2: preflop1987 ($6.62 in chips) 
Seat 3: QuadQueen666 ($5 in chips) 
Seat 4: HubertusB ($9.92 in chips) 
Seat 5: xodyac ($5 in chips) 
Seat 6: iBluew ($5.20 in chips) 
preflop1987: posts small blind $0.02
QuadQueen666: posts big blind $0.05
*** HOLE CARDS ***
Dealt to HubertusB [4d Th]
HubertusB: folds 
xodyac: calls $0.05
iBluew: folds 
Shizentaï: raises $0.20 to $0.25
preflop1987: folds 
QuadQueen666: folds 
xodyac: calls $0.20
*** FLOP *** [Ad As 3c]
xodyac: checks 
Shizentaï: bets $0.05
xodyac: calls $0.05
*** TURN *** [Ad As 3c] [6d]
xodyac: checks 
Shizentaï: bets $0.37
xodyac: calls $0.37
*** RIVER *** [Ad As 3c 6d] [3s]
xodyac: checks 
Shizentaï: bets $1.01
xodyac: folds 
Uncalled bet ($1.01) returned to Shizentaï
Shizentaï collected $1.35 from pot
Shizentaï: doesn't show hand 
*** SUMMARY ***
Total pot $1.41 | Rake $0.06 
Board [Ad As 3c 6d 3s]
Seat 1: Shizentaï (button) collected ($1.35)
Seat 2: preflop1987 (small blind) folded before Flop
Seat 3: QuadQueen666 (big blind) folded before Flop
Seat 4: HubertusB folded before Flop (didn't bet)
Seat 5: xodyac folded on the River
Seat 6: iBluew folded before Flop (didn't bet)



PokerStars Zoom Hand #186957532521:  Hold'em No Limit ($0.02/$0.05) - 2018/05/28 22:33:46 CCT [2018/05/28 10:33:46 ET]
Table 'Donati' 6-max Seat #1 is the button
Seat 1: pocketfetish ($5.18 in chips) 
Seat 2: SirSavagery ($5 in chips) 
Seat 3: PiNe4ppLe ($5 in chips) 
Seat 4: HubertusB ($9.92 in chips) 
Seat 5: ProjetRed ($5.69 in chips) 
Seat 6: amas90 ($5.42 in chips) 
SirSavagery: posts small blind $0.02
PiNe4ppLe: posts big blind $0.05
*** HOLE CARDS ***
Dealt to HubertusB [Qh 7c]
HubertusB: folds 
ProjetRed: folds 
amas90: raises $0.10 to $0.15
pocketfetish: folds 
SirSavagery: folds 
PiNe4ppLe: calls $0.10
*** FLOP *** [Jh Kh Ah]
PiNe4ppLe: checks 
amas90: checks 
*** TURN *** [Jh Kh Ah] [4c]
PiNe4ppLe: checks 
amas90: checks 
*** RIVER *** [Jh Kh Ah 4c] [7s]
PiNe4ppLe: checks 
amas90: bets $0.15
PiNe4ppLe: calls $0.15
*** SHOW DOWN ***
amas90: shows [Jd Kd] (two pair, Kings and Jacks)
PiNe4ppLe: mucks hand 
amas90 collected $0.59 from pot
*** SUMMARY ***
Total pot $0.62 | Rake $0.03 
Board [Jh Kh Ah 4c 7s]
Seat 1: pocketfetish (button) folded before Flop (didn't bet)
Seat 2: SirSavagery (small blind) folded before Flop
Seat 3: PiNe4ppLe (big blind) mucked [9d 9s]
Seat 4: HubertusB folded before Flop (didn't bet)
Seat 5: ProjetRed folded before Flop (didn't bet)
Seat 6: amas90 showed [Jd Kd] and won ($0.59) with two pair, Kings and Jacks



PokerStars Zoom Hand #186957535025:  Hold'em No Limit ($0.02/$0.05) - 2018/05/28 22:33:51 CCT [2018/05/28 10:33:51 ET]
Table 'Donati' 6-max Seat #1 is the button
Seat 1: ali3nt0mmy ($9.52 in chips) 
Seat 2: 3mari&mila6 ($5 in chips) 
Seat 3: HubertusB ($9.92 in chips) 
Seat 4: Setapouch ($8.87 in chips) 
Seat 5: Dasperin ($5.25 in chips) 
Seat 6: artaxruciv ($3.45 in chips) 
3mari&mila6: posts small blind $0.02
HubertusB: posts big blind $0.05
*** HOLE CARDS ***
Dealt to HubertusB [3h 3d]
Setapouch: folds 
Dasperin: folds 
artaxruciv: raises $0.10 to $0.15
ali3nt0mmy: folds 
3mari&mila6: folds 
HubertusB: raises $0.30 to $0.45
artaxruciv: folds 
Uncalled bet ($0.30) returned to HubertusB
HubertusB collected $0.32 from pot
HubertusB: doesn't show hand 
*** SUMMARY ***
Total pot $0.32 | Rake $0 
Seat 1: ali3nt0mmy (button) folded before Flop (didn't bet)
Seat 2: 3mari&mila6 (small blind) folded before Flop
Seat 3: HubertusB (big blind) collected ($0.32)
Seat 4: Setapouch folded before Flop (didn't bet)
Seat 5: Dasperin folded before Flop (didn't bet)
Seat 6: artaxruciv folded before Flop



PokerStars Zoom Hand #186957558836:  Hold'em No Limit ($0.02/$0.05) - 2018/05/28 22:34:38 CCT [2018/05/28 10:34:38 ET]
Table 'Donati' 6-max Seat #1 is the button
Seat 1: HubertusB ($10.09 in chips) 
Seat 2: Dimasik275 ($2.46 in chips) 
Seat 3: MillonesClub ($5 in chips) 
Seat 4: saljam23 ($6.48 in chips) 
Seat 5: GGssmeda ($6.25 in chips) 
Seat 6: levathon ($6.03 in chips) 
Dimasik275: posts small blind $0.02
MillonesClub: posts big blind $0.05
*** HOLE CARDS ***
Dealt to HubertusB [7c 3h]
saljam23: folds 
GGssmeda: folds 
levathon: folds 
HubertusB: folds 
Dimasik275: folds 
Uncalled bet ($0.03) returned to MillonesClub
MillonesClub collected $0.04 from pot
MillonesClub: doesn't show hand 
*** SUMMARY ***
Total pot $0.04 | Rake $0 
Seat 1: HubertusB (button) folded before Flop (didn't bet)
Seat 2: Dimasik275 (small blind) folded before Flop
Seat 3: MillonesClub (big blind) collected ($0.04)
Seat 4: saljam23 folded before Flop (didn't bet)
Seat 5: GGssmeda folded before Flop (didn't bet)
Seat 6: levathon folded before Flop (didn't bet)



PokerStars Zoom Hand #186957564384:  Hold'em No Limit ($0.02/$0.05) - 2018/05/28 22:34:49 CCT [2018/05/28 10:34:49 ET]
Table 'Donati' 6-max Seat #1 is the button
Seat 1: Glolight ($30.97 in chips) 
Seat 2: HubertusB ($10.09 in chips) 
Seat 3: -=l Grek l=- ($5 in chips) 
Seat 4: TikeTake ($4.25 in chips) 
Seat 5: J-omp 21 ($2.62 in chips) 
Seat 6: kingblockus ($7.47 in chips) 
HubertusB: posts small blind $0.02
-=l Grek l=-: posts big blind $0.05
*** HOLE CARDS ***
Dealt to HubertusB [7c Kd]
TikeTake: folds 
J-omp 21: folds 
kingblockus: folds 
Glolight: raises $0.10 to $0.15
HubertusB: folds 
-=l Grek l=-: folds 
Uncalled bet ($0.10) returned to Glolight
Glolight collected $0.12 from pot
Glolight: doesn't show hand 
*** SUMMARY ***
Total pot $0.12 | Rake $0 
Seat 1: Glolight (button) collected ($0.12)
Seat 2: HubertusB (small blind) folded before Flop
Seat 3: -=l Grek l=- (big blind) folded before Flop
Seat 4: TikeTake folded before Flop (didn't bet)
Seat 5: J-omp 21 folded before Flop (didn't bet)
Seat 6: kingblockus folded before Flop (didn't bet)



PokerStars Zoom Hand #186957568420:  Hold'em No Limit ($0.02/$0.05) - 2018/05/28 22:34:57 CCT [2018/05/28 10:34:57 ET]
Table 'Donati' 6-max Seat #1 is the button
Seat 1: KostiaSA ($12.10 in chips) 
Seat 2: diceman0909 ($5.98 in chips) 
Seat 3: U_RULIA ($9.20 in chips) 
Seat 4: haruhi:3 ($5.16 in chips) 
Seat 5: Tommm_97 ($7.01 in chips) 
Seat 6: HubertusB ($10.07 in chips) 
diceman0909: posts small blind $0.02
U_RULIA: posts big blind $0.05
*** HOLE CARDS ***
Dealt to HubertusB [6c 4s]
haruhi:3: folds 
Tommm_97: raises $0.10 to $0.15
HubertusB: folds 
KostiaSA: folds 
diceman0909: folds 
U_RULIA: folds 
Uncalled bet ($0.10) returned to Tommm_97
Tommm_97 collected $0.12 from pot
Tommm_97: doesn't show hand 
*** SUMMARY ***
Total pot $0.12 | Rake $0 
Seat 1: KostiaSA (button) folded before Flop (didn't bet)
Seat 2: diceman0909 (small blind) folded before Flop
Seat 3: U_RULIA (big blind) folded before Flop
Seat 4: haruhi:3 folded before Flop (didn't bet)
Seat 5: Tommm_97 collected ($0.12)
Seat 6: HubertusB folded before Flop (didn't bet)



PokerStars Zoom Hand #186957572444:  Hold'em No Limit ($0.02/$0.05) - 2018/05/28 22:35:05 CCT [2018/05/28 10:35:05 ET]
Table 'Donati' 6-max Seat #1 is the button
Seat 1: a1expokerbot ($3.75 in chips) 
Seat 2: -=l Grek l=- ($5 in chips) 
Seat 3: preflop1987 ($5.60 in chips) 
Seat 4: IrenVasya ($6.84 in chips) 
Seat 5: HubertusB ($10.07 in chips) 
Seat 6: aryyyyyyyy ($4.92 in chips) 
-=l Grek l=-: posts small blind $0.02
preflop1987: posts big blind $0.05
*** HOLE CARDS ***
Dealt to HubertusB [Ad Jc]
IrenVasya: folds 
HubertusB: raises $0.10 to $0.15
aryyyyyyyy: folds 
a1expokerbot: calls $0.15
-=l Grek l=-: folds 
preflop1987: folds 
*** FLOP *** [6h 6c Ac]
HubertusB: bets $0.18
a1expokerbot: calls $0.18
*** TURN *** [6h 6c Ac] [3d]
HubertusB: bets $0.45
a1expokerbot: calls $0.45
*** RIVER *** [6h 6c Ac 3d] [Jh]
HubertusB: bets $1.15
a1expokerbot: folds 
Uncalled bet ($1.15) returned to HubertusB
HubertusB collected $1.56 from pot
HubertusB: doesn't show hand 
*** SUMMARY ***
Total pot $1.63 | Rake $0.07 
Board [6h 6c Ac 3d Jh]
Seat 1: a1expokerbot (button) folded on the River
Seat 2: -=l Grek l=- (small blind) folded before Flop
Seat 3: preflop1987 (big blind) folded before Flop
Seat 4: IrenVasya folded before Flop (didn't bet)
Seat 5: HubertusB collected ($1.56)
Seat 6: aryyyyyyyy folded before Flop (didn't bet)



PokerStars Zoom Hand #186957592917:  Hold'em No Limit ($0.02/$0.05) - 2018/05/28 22:35:46 CCT [2018/05/28 10:35:46 ET]
Table 'Donati' 6-max Seat #1 is the button
Seat 1: Fighter485 ($5.48 in chips) 
Seat 2: zsen977 ($6.64 in chips) 
Seat 3: Girigal ($5.07 in chips) 
Seat 4: HubertusB ($10.85 in chips) 
Seat 5: jmekenz ($6.70 in chips) 
Seat 6: patrixxon ($5.14 in chips) 
zsen977: posts small blind $0.02
Girigal: posts big blind $0.05
*** HOLE CARDS ***
Dealt to HubertusB [9s Jh]
HubertusB: folds 
jmekenz: folds 
patrixxon: folds 
Fighter485: folds 
zsen977: raises $0.10 to $0.15
Girigal: raises $0.35 to $0.50
zsen977: folds 
Uncalled bet ($0.35) returned to Girigal
Girigal collected $0.30 from pot
Girigal: doesn't show hand 
*** SUMMARY ***
Total pot $0.30 | Rake $0 
Seat 1: Fighter485 (button) folded before Flop (didn't bet)
Seat 2: zsen977 (small blind) folded before Flop
Seat 3: Girigal (big blind) collected ($0.30)
Seat 4: HubertusB folded before Flop (didn't bet)
Seat 5: jmekenz folded before Flop (didn't bet)
Seat 6: patrixxon folded before Flop (didn't bet)



PokerStars Zoom Hand #186957599002:  Hold'em No Limit ($0.02/$0.05) - 2018/05/28 22:35:58 CCT [2018/05/28 10:35:58 ET]
Table 'Donati' 6-max Seat #1 is the button
Seat 1: Maksbill1 ($14.32 in chips) 
Seat 2: jorge1145 ($5.07 in chips) 
Seat 3: HenrySiu ($5.86 in chips) 
Seat 4: HubertusB ($10.80 in chips) 
Seat 5: MicroLocoNL ($5.29 in chips) 
Seat 6: Crazy Oll ($18.92 in chips) 
jorge1145: posts small blind $0.02
HenrySiu: posts big blind $0.05
*** HOLE CARDS ***
Dealt to HubertusB [Ah 8d]
HubertusB: folds 
MicroLocoNL: folds 
Crazy Oll: folds 
Maksbill1: folds 
jorge1145: raises $0.10 to $0.15
HenrySiu: folds 
Uncalled bet ($0.10) returned to jorge1145
jorge1145 collected $0.10 from pot
jorge1145: doesn't show hand 
*** SUMMARY ***
Total pot $0.10 | Rake $0 
Seat 1: Maksbill1 (button) folded before Flop (didn't bet)
Seat 2: jorge1145 (small blind) collected ($0.10)
Seat 3: HenrySiu (big blind) folded before Flop
Seat 4: HubertusB folded before Flop (didn't bet)
Seat 5: MicroLocoNL folded before Flop (didn't bet)
Seat 6: Crazy Oll folded before Flop (didn't bet)



PokerStars Zoom Hand #186957594964:  Hold'em No Limit ($0.02/$0.05) - 2018/05/28 22:35:50 CCT [2018/05/28 10:35:50 ET]
Table 'Donati' 6-max Seat #1 is the button
Seat 1: xerocross ($2.36 in chips) 
Seat 2: Tqlkkk-_- ($5 in chips) 
Seat 3: HubertusB ($10.85 in chips) 
Seat 4: Mikhaylov St ($5.30 in chips) 
Seat 5: zaporozhko ($4.35 in chips) 
Seat 6: Fighter485 ($5.48 in chips) 
Tqlkkk-_-: posts small blind $0.02
HubertusB: posts big blind $0.05
*** HOLE CARDS ***
Dealt to HubertusB [Kd 2h]
Mikhaylov St: folds 
zaporozhko: raises $0.05 to $0.10
Fighter485: folds 
xerocross: folds 
Tqlkkk-_-: calls $0.08
HubertusB: folds 
*** FLOP *** [2d 3h 5s]
Tqlkkk-_-: checks 
zaporozhko: checks 
*** TURN *** [2d 3h 5s] [Ad]
Tqlkkk-_-: checks 
zaporozhko: bets $0.15
Tqlkkk-_-: folds 
Uncalled bet ($0.15) returned to zaporozhko
zaporozhko collected $0.24 from pot
zaporozhko: doesn't show hand 
*** SUMMARY ***
Total pot $0.25 | Rake $0.01 
Board [2d 3h 5s Ad]
Seat 1: xerocross (button) folded before Flop (didn't bet)
Seat 2: Tqlkkk-_- (small blind) folded on the Turn
Seat 3: HubertusB (big blind) folded before Flop
Seat 4: Mikhaylov St folded before Flop (didn't bet)
Seat 5: zaporozhko collected ($0.24)
Seat 6: Fighter485 folded before Flop (didn't bet)



PokerStars Zoom Hand #186957601907:  Hold'em No Limit ($0.02/$0.05) - 2018/05/28 22:36:04 CCT [2018/05/28 10:36:04 ET]
Table 'Donati' 6-max Seat #1 is the button
Seat 1: Virtuossi ($5 in chips) 
Seat 2: HubertusB ($10.80 in chips) 
Seat 3: nakashi11 ($1.02 in chips) 
Seat 4: sapiosss1 ($7.63 in chips) 
Seat 5: zibertmen ($5.04 in chips) 
Seat 6: tsampa ($7.75 in chips) 
HubertusB: posts small blind $0.02
nakashi11: posts big blind $0.05
*** HOLE CARDS ***
Dealt to HubertusB [4s 9c]
sapiosss1: folds 
zibertmen: raises $0.10 to $0.15
tsampa: raises $0.25 to $0.40
Virtuossi: folds 
HubertusB: folds 
nakashi11: folds 
zibertmen: calls $0.25
*** FLOP *** [Ts 8d 7d]
zibertmen: checks 
tsampa: bets $0.40
zibertmen: calls $0.40
*** TURN *** [Ts 8d 7d] [Qh]
zibertmen: checks 
tsampa: bets $0.80
zibertmen: calls $0.80
*** RIVER *** [Ts 8d 7d Qh] [5c]
zibertmen: checks 
tsampa: bets $0.70
zibertmen: calls $0.70
*** SHOW DOWN ***
tsampa: shows [Ah Kd] (high card Ace)
zibertmen: shows [Jh Jd] (a pair of Jacks)
zibertmen collected $4.48 from pot
*** SUMMARY ***
Total pot $4.67 | Rake $0.19 
Board [Ts 8d 7d Qh 5c]
Seat 1: Virtuossi (button) folded before Flop (didn't bet)
Seat 2: HubertusB (small blind) folded before Flop
Seat 3: nakashi11 (big blind) folded before Flop
Seat 4: sapiosss1 folded before Flop (didn't bet)
Seat 5: zibertmen showed [Jh Jd] and won ($4.48) with a pair of Jacks
Seat 6: tsampa showed [Ah Kd] and lost with high card Ace



PokerStars Zoom Hand #186957589892:  Hold'em No Limit ($0.02/$0.05) - 2018/05/28 22:35:40 CCT [2018/05/28 10:35:40 ET]
Table 'Donati' 6-max Seat #1 is the button
Seat 1: HubertusB ($10.85 in chips) 
Seat 2: marcioadrs ($5.14 in chips) 
Seat 3: JoelHunt007 ($5.18 in chips) 
Seat 4: sfdeep ($5.27 in chips) 
Seat 5: SztybuR ($16.74 in chips) 
Seat 6: GlamKudes ($5.28 in chips) 
marcioadrs: posts small blind $0.02
JoelHunt007: posts big blind $0.05
*** HOLE CARDS ***
Dealt to HubertusB [8d 2c]
sfdeep: raises $0.10 to $0.15
SztybuR: calls $0.15
GlamKudes: folds 
HubertusB: folds 
marcioadrs: folds 
JoelHunt007: folds 
*** FLOP *** [4d Ac 9s]
sfdeep: checks 
SztybuR: checks 
*** TURN *** [4d Ac 9s] [4h]
sfdeep: checks 
SztybuR: bets $0.40
sfdeep: calls $0.40
*** RIVER *** [4d Ac 9s 4h] [6c]
sfdeep: checks 
SztybuR: bets $2.25
sfdeep: calls $2.25
*** SHOW DOWN ***
SztybuR: shows [5h 4s] (three of a kind, Fours)
sfdeep: mucks hand 
SztybuR collected $5.43 from pot
*** SUMMARY ***
Total pot $5.67 | Rake $0.24 
Board [4d Ac 9s 4h 6c]
Seat 1: HubertusB (button) folded before Flop (didn't bet)
Seat 2: marcioadrs (small blind) folded before Flop
Seat 3: JoelHunt007 (big blind) folded before Flop
Seat 4: sfdeep mucked [Ad Jh]
Seat 5: SztybuR showed [5h 4s] and won ($5.43) with three of a kind, Fours
Seat 6: GlamKudes folded before Flop (didn't bet)



PokerStars Zoom Hand #186957604442:  Hold'em No Limit ($0.02/$0.05) - 2018/05/28 22:36:09 CCT [2018/05/28 10:36:09 ET]
Table 'Donati' 6-max Seat #1 is the button
Seat 1: Crazy Oll ($4.20 in chips) 
Seat 2: PiNe4ppLe ($5 in chips) 
Seat 3: preflop1987 ($5.60 in chips) 
Seat 4: Girigal ($5.22 in chips) 
Seat 5: fedy1328 ($5.57 in chips) 
Seat 6: HubertusB ($10.78 in chips) 
PiNe4ppLe: posts small blind $0.02
preflop1987: posts big blind $0.05
*** HOLE CARDS ***
Dealt to HubertusB [5h 4h]
Girigal: folds 
fedy1328: folds 
HubertusB: raises $0.05 to $0.10
Crazy Oll: folds 
PiNe4ppLe: raises $0.30 to $0.40
preflop1987: folds 
HubertusB: folds 
Uncalled bet ($0.30) returned to PiNe4ppLe
PiNe4ppLe collected $0.25 from pot
PiNe4ppLe: doesn't show hand 
*** SUMMARY ***
Total pot $0.25 | Rake $0 
Seat 1: Crazy Oll (button) folded before Flop (didn't bet)
Seat 2: PiNe4ppLe (small blind) collected ($0.25)
Seat 3: preflop1987 (big blind) folded before Flop
Seat 4: Girigal folded before Flop (didn't bet)
Seat 5: fedy1328 folded before Flop (didn't bet)
Seat 6: HubertusB folded before Flop



PokerStars Zoom Hand #186957633729:  Hold'em No Limit ($0.02/$0.05) - 2018/05/28 22:37:08 CCT [2018/05/28 10:37:08 ET]
Table 'Donati' 6-max Seat #1 is the button
Seat 1: HubertusB ($10.68 in chips) 
Seat 2: toshenjka ($8 in chips) 
Seat 3: erik4o21 ($8.36 in chips) 
Seat 4: GizaGliwic ($5.23 in chips) 
Seat 5: Tqlkkk-_- ($11.08 in chips) 
Seat 6: Callboyy ($6.51 in chips) 
toshenjka: posts small blind $0.02
erik4o21: posts big blind $0.05
*** HOLE CARDS ***
Dealt to HubertusB [Ts Th]
GizaGliwic: folds 
Tqlkkk-_-: folds 
Callboyy: folds 
HubertusB: raises $0.10 to $0.15
toshenjka: folds 
erik4o21: folds 
Uncalled bet ($0.10) returned to HubertusB
HubertusB collected $0.12 from pot
HubertusB: doesn't show hand 
*** SUMMARY ***
Total pot $0.12 | Rake $0 
Seat 1: HubertusB (button) collected ($0.12)
Seat 2: toshenjka (small blind) folded before Flop
Seat 3: erik4o21 (big blind) folded before Flop
Seat 4: GizaGliwic folded before Flop (didn't bet)
Seat 5: Tqlkkk-_- folded before Flop (didn't bet)
Seat 6: Callboyy folded before Flop (didn't bet)



PokerStars Zoom Hand #186957641183:  Hold'em No Limit ($0.02/$0.05) - 2018/05/28 22:37:23 CCT [2018/05/28 10:37:23 ET]
Table 'Donati' 6-max Seat #1 is the button
Seat 1: Virtuossi ($5.15 in chips) 
Seat 2: wfghh ($4.42 in chips) 
Seat 3: HubertusB ($10.75 in chips) 
Seat 4: fedy1328 ($5.16 in chips) 
Seat 5: pocketfetish ($5.24 in chips) 
Seat 6: pointout91 ($5 in chips) 
wfghh: posts small blind $0.02
HubertusB: posts big blind $0.05
*** HOLE CARDS ***
Dealt to HubertusB [3d Kc]
fedy1328: folds 
pocketfetish: folds 
pointout91: folds 
Virtuossi: folds 
wfghh: calls $0.03
HubertusB: checks 
*** FLOP *** [Qs As Ks]
wfghh: checks 
HubertusB: checks 
*** TURN *** [Qs As Ks] [Jh]
wfghh: bets $0.30
HubertusB: folds 
Uncalled bet ($0.30) returned to wfghh
wfghh collected $0.10 from pot
wfghh: doesn't show hand 
*** SUMMARY ***
Total pot $0.10 | Rake $0 
Board [Qs As Ks Jh]
Seat 1: Virtuossi (button) folded before Flop (didn't bet)
Seat 2: wfghh (small blind) collected ($0.10)
Seat 3: HubertusB (big blind) folded on the Turn
Seat 4: fedy1328 folded before Flop (didn't bet)
Seat 5: pocketfetish folded before Flop (didn't bet)
Seat 6: pointout91 folded before Flop (didn't bet)



PokerStars Zoom Hand #186957659371:  Hold'em No Limit ($0.02/$0.05) - 2018/05/28 22:37:59 CCT [2018/05/28 10:37:59 ET]
Table 'Donati' 6-max Seat #1 is the button
Seat 1: mashkodanski ($6.18 in chips) 
Seat 2: Dasperin ($7.89 in chips) 
Seat 3: c94sual ($6.38 in chips) 
Seat 4: wfghh ($5.55 in chips) 
Seat 5: 5iftyse7en ($6.54 in chips) 
Seat 6: HubertusB ($10.70 in chips) 
Dasperin: posts small blind $0.02
c94sual: posts big blind $0.05
*** HOLE CARDS ***
Dealt to HubertusB [Tc Kh]
wfghh: folds 
5iftyse7en: raises $0.07 to $0.12
HubertusB: raises $0.23 to $0.35
mashkodanski: folds 
Dasperin: folds 
c94sual: folds 
5iftyse7en: calls $0.23
*** FLOP *** [2s 3d Kc]
5iftyse7en: checks 
HubertusB: checks 
*** TURN *** [2s 3d Kc] [7d]
5iftyse7en: checks 
HubertusB: bets $0.40
5iftyse7en: folds 
Uncalled bet ($0.40) returned to HubertusB
HubertusB collected $0.74 from pot
HubertusB: doesn't show hand 
*** SUMMARY ***
Total pot $0.77 | Rake $0.03 
Board [2s 3d Kc 7d]
Seat 1: mashkodanski (button) folded before Flop (didn't bet)
Seat 2: Dasperin (small blind) folded before Flop
Seat 3: c94sual (big blind) folded before Flop
Seat 4: wfghh folded before Flop (didn't bet)
Seat 5: 5iftyse7en folded on the Turn
Seat 6: HubertusB collected ($0.74)



PokerStars Zoom Hand #186957680289:  Hold'em No Limit ($0.02/$0.05) - 2018/05/28 22:38:41 CCT [2018/05/28 10:38:41 ET]
Table 'Donati' 6-max Seat #1 is the button
Seat 1: DimkaKirov20 ($3.13 in chips) 
Seat 2: ANANATOR ($5.02 in chips) 
Seat 3: Region059 ($5 in chips) 
Seat 4: danym1984 ($4.93 in chips) 
Seat 5: HubertusB ($11.07 in chips) 
Seat 6: Lelli1 ($10.26 in chips) 
ANANATOR: posts small blind $0.02
Region059: posts big blind $0.05
*** HOLE CARDS ***
Dealt to HubertusB [8c Qh]
danym1984: folds 
HubertusB: folds 
Lelli1: folds 
DimkaKirov20: folds 
ANANATOR: folds 
Uncalled bet ($0.03) returned to Region059
Region059 collected $0.04 from pot
Region059: doesn't show hand 
*** SUMMARY ***
Total pot $0.04 | Rake $0 
Seat 1: DimkaKirov20 (button) folded before Flop (didn't bet)
Seat 2: ANANATOR (small blind) folded before Flop
Seat 3: Region059 (big blind) collected ($0.04)
Seat 4: danym1984 folded before Flop (didn't bet)
Seat 5: HubertusB folded before Flop (didn't bet)
Seat 6: Lelli1 folded before Flop (didn't bet)



PokerStars Zoom Hand #186957675352:  Hold'em No Limit ($0.02/$0.05) - 2018/05/28 22:38:31 CCT [2018/05/28 10:38:31 ET]
Table 'Donati' 6-max Seat #1 is the button
Seat 1: Maksbill1 ($14 in chips) 
Seat 2: HubertusB ($11.09 in chips) 
Seat 3: BoSs00 ($5.86 in chips) 
Seat 4: DreadF0ol ($6.01 in chips) 
Seat 5: xodyac ($11.77 in chips) 
Seat 6: LJ373 ($6.04 in chips) 
HubertusB: posts small blind $0.02
BoSs00: posts big blind $0.05
*** HOLE CARDS ***
Dealt to HubertusB [6d Qc]
DreadF0ol: raises $0.10 to $0.15
xodyac: calls $0.15
LJ373: folds 
Maksbill1: folds 
HubertusB: folds 
BoSs00: raises $0.47 to $0.62
DreadF0ol: folds 
xodyac: calls $0.47
*** FLOP *** [4h 3d Ts]
BoSs00: bets $1.35
xodyac: calls $1.35
*** TURN *** [4h 3d Ts] [2s]
BoSs00: bets $3.89 and is all-in
xodyac: folds 
Uncalled bet ($3.89) returned to BoSs00
BoSs00 collected $3.94 from pot
BoSs00: doesn't show hand 
*** SUMMARY ***
Total pot $4.11 | Rake $0.17 
Board [4h 3d Ts 2s]
Seat 1: Maksbill1 (button) folded before Flop (didn't bet)
Seat 2: HubertusB (small blind) folded before Flop
Seat 3: BoSs00 (big blind) collected ($3.94)
Seat 4: DreadF0ol folded before Flop
Seat 5: xodyac folded on the Turn
Seat 6: LJ373 folded before Flop (didn't bet)



PokerStars Zoom Hand #186957683272:  Hold'em No Limit ($0.02/$0.05) - 2018/05/28 22:38:47 CCT [2018/05/28 10:38:47 ET]
Table 'Donati' 6-max Seat #1 is the button
Seat 1: firelex1 ($5 in chips) 
Seat 2: Trolface2015 ($6.04 in chips) 
Seat 3: ganbate91 ($5.90 in chips) 
Seat 4: HubertusB ($11.07 in chips) 
Seat 5: Dracyus ($5 in chips) 
Seat 6: C3TN1K ($3.34 in chips) 
Trolface2015: posts small blind $0.02
ganbate91: posts big blind $0.05
*** HOLE CARDS ***
Dealt to HubertusB [Js Ad]
HubertusB: raises $0.10 to $0.15
Dracyus: folds 
C3TN1K: folds 
firelex1: calls $0.15
Trolface2015: folds 
ganbate91: folds 
*** FLOP *** [5s 6d 7s]
HubertusB: checks 
firelex1: bets $0.26
HubertusB: folds 
Uncalled bet ($0.26) returned to firelex1
firelex1 collected $0.35 from pot
firelex1: doesn't show hand 
*** SUMMARY ***
Total pot $0.37 | Rake $0.02 
Board [5s 6d 7s]
Seat 1: firelex1 (button) collected ($0.35)
Seat 2: Trolface2015 (small blind) folded before Flop
Seat 3: ganbate91 (big blind) folded before Flop
Seat 4: HubertusB folded on the Flop
Seat 5: Dracyus folded before Flop (didn't bet)
Seat 6: C3TN1K folded before Flop (didn't bet)



PokerStars Zoom Hand #186957699361:  Hold'em No Limit ($0.02/$0.05) - 2018/05/28 22:39:19 CCT [2018/05/28 10:39:19 ET]
Table 'Donati' 6-max Seat #1 is the button
Seat 1: levathon ($5.48 in chips) 
Seat 2: Bluff_Abuse ($5.06 in chips) 
Seat 3: zaporozhko ($3.86 in chips) 
Seat 4: HubertusB ($10.92 in chips) 
Seat 5: PiNe4ppLe ($5 in chips) 
Seat 6: Cnaty91 ($5.34 in chips) 
Bluff_Abuse: posts small blind $0.02
zaporozhko: posts big blind $0.05
*** HOLE CARDS ***
Dealt to HubertusB [5s As]
HubertusB: raises $0.10 to $0.15
PiNe4ppLe: folds 
Cnaty91: folds 
levathon: folds 
Bluff_Abuse: folds 
zaporozhko: calls $0.10
*** FLOP *** [8s 3h Td]
zaporozhko: checks 
HubertusB: bets $0.16
zaporozhko: calls $0.16
*** TURN *** [8s 3h Td] [Qd]
zaporozhko: checks 
HubertusB: checks 
*** RIVER *** [8s 3h Td Qd] [Qs]
zaporozhko: bets $0.30
HubertusB: folds 
Uncalled bet ($0.30) returned to zaporozhko
zaporozhko collected $0.61 from pot
zaporozhko: doesn't show hand 
*** SUMMARY ***
Total pot $0.64 | Rake $0.03 
Board [8s 3h Td Qd Qs]
Seat 1: levathon (button) folded before Flop (didn't bet)
Seat 2: Bluff_Abuse (small blind) folded before Flop
Seat 3: zaporozhko (big blind) collected ($0.61)
Seat 4: HubertusB folded on the River
Seat 5: PiNe4ppLe folded before Flop (didn't bet)
Seat 6: Cnaty91 folded before Flop (didn't bet)



PokerStars Zoom Hand #186957696890:  Hold'em No Limit ($0.02/$0.05) - 2018/05/28 22:39:14 CCT [2018/05/28 10:39:14 ET]
Table 'Donati' 6-max Seat #1 is the button
Seat 1: HubertusB ($10.92 in chips) 
Seat 2: Bluecrust ($30 in chips) 
Seat 3: ProjetRed ($5.30 in chips) 
Seat 4: T4NK.nl ($7.60 in chips) 
Seat 5: sfdeep ($6.70 in chips) 
Seat 6: c94sual ($8.80 in chips) 
Bluecrust: posts small blind $0.02
ProjetRed: posts big blind $0.05
*** HOLE CARDS ***
Dealt to HubertusB [Js 5d]
T4NK.nl: folds 
sfdeep: raises $0.05 to $0.10
c94sual: folds 
HubertusB: folds 
Bluecrust: folds 
ProjetRed: raises $0.25 to $0.35
sfdeep: calls $0.25
*** FLOP *** [9h Qs Jc]
ProjetRed: bets $0.35
sfdeep: calls $0.35
*** TURN *** [9h Qs Jc] [7s]
ProjetRed: checks 
sfdeep: bets $1.15
ProjetRed: folds 
Uncalled bet ($1.15) returned to sfdeep
sfdeep collected $1.36 from pot
sfdeep: doesn't show hand 
*** SUMMARY ***
Total pot $1.42 | Rake $0.06 
Board [9h Qs Jc 7s]
Seat 1: HubertusB (button) folded before Flop (didn't bet)
Seat 2: Bluecrust (small blind) folded before Flop
Seat 3: ProjetRed (big blind) folded on the Turn
Seat 4: T4NK.nl folded before Flop (didn't bet)
Seat 5: sfdeep collected ($1.36)
Seat 6: c94sual folded before Flop (didn't bet)



PokerStars Zoom Hand #186957718543:  Hold'em No Limit ($0.02/$0.05) - 2018/05/28 22:39:57 CCT [2018/05/28 10:39:57 ET]
Table 'Donati' 6-max Seat #1 is the button
Seat 1: facun34 ($9.53 in chips) 
Seat 2: livluvlif951 ($5.08 in chips) 
Seat 3: HubertusB ($10.61 in chips) 
Seat 4: Moskvich951 ($29.22 in chips) 
Seat 5: gfif776 ($3.27 in chips) 
Seat 6: Serg206 ($3.19 in chips) 
livluvlif951: posts small blind $0.02
HubertusB: posts big blind $0.05
*** HOLE CARDS ***
Dealt to HubertusB [2c 2s]
Moskvich951: folds 
gfif776: folds 
Serg206: calls $0.05
facun34: raises $0.15 to $0.20
livluvlif951: calls $0.18
HubertusB: raises $0.50 to $0.70
Serg206: folds 
facun34: folds 
livluvlif951: calls $0.50
*** FLOP *** [Ah Ad 6h]
livluvlif951: checks 
HubertusB: bets $0.65
livluvlif951: folds 
Uncalled bet ($0.65) returned to HubertusB
HubertusB collected $1.58 from pot
HubertusB: doesn't show hand 
*** SUMMARY ***
Total pot $1.65 | Rake $0.07 
Board [Ah Ad 6h]
Seat 1: facun34 (button) folded before Flop
Seat 2: livluvlif951 (small blind) folded on the Flop
Seat 3: HubertusB (big blind) collected ($1.58)
Seat 4: Moskvich951 folded before Flop (didn't bet)
Seat 5: gfif776 folded before Flop (didn't bet)
Seat 6: Serg206 folded before Flop



PokerStars Zoom Hand #186957750969:  Hold'em No Limit ($0.02/$0.05) - 2018/05/28 22:41:02 CCT [2018/05/28 10:41:02 ET]
Table 'Donati' 6-max Seat #1 is the button
Seat 1: V8S8E8 ($4.89 in chips) 
Seat 2: Sasha OVCH ($4.95 in chips) 
Seat 3: zsen977 ($15.95 in chips) 
Seat 4: NFS-BA ($9.89 in chips) 
Seat 5: HubertusB ($11.49 in chips) 
Seat 6: StanXMXiao ($3.02 in chips) 
Sasha OVCH: posts small blind $0.02
zsen977: posts big blind $0.05
*** HOLE CARDS ***
Dealt to HubertusB [8h 2d]
NFS-BA: folds 
HubertusB: folds 
StanXMXiao: folds 
V8S8E8: raises $0.05 to $0.10
Sasha OVCH: folds 
zsen977: folds 
Uncalled bet ($0.05) returned to V8S8E8
V8S8E8 collected $0.12 from pot
V8S8E8: doesn't show hand 
*** SUMMARY ***
Total pot $0.12 | Rake $0 
Seat 1: V8S8E8 (button) collected ($0.12)
Seat 2: Sasha OVCH (small blind) folded before Flop
Seat 3: zsen977 (big blind) folded before Flop
Seat 4: NFS-BA folded before Flop (didn't bet)
Seat 5: HubertusB folded before Flop (didn't bet)
Seat 6: StanXMXiao folded before Flop (didn't bet)



PokerStars Zoom Hand #186957758560:  Hold'em No Limit ($0.02/$0.05) - 2018/05/28 22:41:17 CCT [2018/05/28 10:41:17 ET]
Table 'Donati' 6-max Seat #1 is the button
Seat 1: Callboyy ($5.17 in chips) 
Seat 2: huligana671 ($2.52 in chips) 
Seat 3: NFS-BA ($9.89 in chips) 
Seat 4: Region059 ($5.20 in chips) 
Seat 5: ppdesty ($3.60 in chips) 
Seat 6: HubertusB ($11.47 in chips) 
huligana671: posts small blind $0.02
NFS-BA: posts big blind $0.05
*** HOLE CARDS ***
Dealt to HubertusB [Jh 5d]
Region059: folds 
ppdesty: folds 
HubertusB: folds 
Callboyy: folds 
huligana671: folds 
Uncalled bet ($0.03) returned to NFS-BA
NFS-BA collected $0.04 from pot
NFS-BA: doesn't show hand 
*** SUMMARY ***
Total pot $0.04 | Rake $0 
Seat 1: Callboyy (button) folded before Flop (didn't bet)
Seat 2: huligana671 (small blind) folded before Flop
Seat 3: NFS-BA (big blind) collected ($0.04)
Seat 4: Region059 folded before Flop (didn't bet)
Seat 5: ppdesty folded before Flop (didn't bet)
Seat 6: HubertusB folded before Flop (didn't bet)



PokerStars Zoom Hand #186957753539:  Hold'em No Limit ($0.02/$0.05) - 2018/05/28 22:41:07 CCT [2018/05/28 10:41:07 ET]
Table 'Donati' 6-max Seat #1 is the button
Seat 1: Glolight ($6.82 in chips) 
Seat 2: HubertusB ($11.49 in chips) 
Seat 3: Doll lonegan ($4.78 in chips) 
Seat 4: Saby0923 ($5.08 in chips) 
Seat 5: lena1008 ($2.99 in chips) 
Seat 6: fedy1328 ($5.58 in chips) 
HubertusB: posts small blind $0.02
Doll lonegan: posts big blind $0.05
*** HOLE CARDS ***
Dealt to HubertusB [Kd 4s]
Saby0923: folds 
lena1008: raises $0.05 to $0.10
fedy1328: folds 
Glolight: folds 
HubertusB: folds 
Doll lonegan: calls $0.05
*** FLOP *** [As Ah Jd]
Doll lonegan: checks 
lena1008: checks 
*** TURN *** [As Ah Jd] [5s]
Doll lonegan: checks 
lena1008: checks 
*** RIVER *** [As Ah Jd 5s] [9d]
Doll lonegan: checks 
lena1008: checks 
*** SHOW DOWN ***
Doll lonegan: shows [3d Kh] (a pair of Aces)
lena1008: shows [9c 7c] (two pair, Aces and Nines)
lena1008 collected $0.21 from pot
*** SUMMARY ***
Total pot $0.22 | Rake $0.01 
Board [As Ah Jd 5s 9d]
Seat 1: Glolight (button) folded before Flop (didn't bet)
Seat 2: HubertusB (small blind) folded before Flop
Seat 3: Doll lonegan (big blind) showed [3d Kh] and lost with a pair of Aces
Seat 4: Saby0923 folded before Flop (didn't bet)
Seat 5: lena1008 showed [9c 7c] and won ($0.21) with two pair, Aces and Nines
Seat 6: fedy1328 folded before Flop (didn't bet)



PokerStars Zoom Hand #186957761587:  Hold'em No Limit ($0.02/$0.05) - 2018/05/28 22:41:23 CCT [2018/05/28 10:41:23 ET]
Table 'Donati' 6-max Seat #1 is the button
Seat 1: HubertusB ($11.47 in chips) 
Seat 2: 3mari&mila6 ($7.06 in chips) 
Seat 3: Levison ($16.78 in chips) 
Seat 4: pokeking69 ($4.78 in chips) 
Seat 5: depotapo ($4.39 in chips) 
Seat 6: 3blessings ($8.59 in chips) 
3mari&mila6: posts small blind $0.02
Levison: posts big blind $0.05
*** HOLE CARDS ***
Dealt to HubertusB [8d Ah]
pokeking69: folds 
depotapo: folds 
3blessings: folds 
HubertusB: raises $0.05 to $0.10
3mari&mila6: folds 
Levison: folds 
Uncalled bet ($0.05) returned to HubertusB
HubertusB collected $0.12 from pot
HubertusB: doesn't show hand 
*** SUMMARY ***
Total pot $0.12 | Rake $0 
Seat 1: HubertusB (button) collected ($0.12)
Seat 2: 3mari&mila6 (small blind) folded before Flop
Seat 3: Levison (big blind) folded before Flop
Seat 4: pokeking69 folded before Flop (didn't bet)
Seat 5: depotapo folded before Flop (didn't bet)
Seat 6: 3blessings folded before Flop (didn't bet)



PokerStars Zoom Hand #186957779777:  Hold'em No Limit ($0.02/$0.05) - 2018/05/28 22:41:59 CCT [2018/05/28 10:41:59 ET]
Table 'Donati' 6-max Seat #1 is the button
Seat 1: oderint73 ($5.71 in chips) 
Seat 2: DreadF0ol ($11.39 in chips) 
Seat 3: HubertusB ($11.54 in chips) 
Seat 4: Fredrix_2012 ($5 in chips) 
Seat 5: tonyscrilla ($12.67 in chips) 
Seat 6: Tommm_97 ($7.57 in chips) 
DreadF0ol: posts small blind $0.02
HubertusB: posts big blind $0.05
*** HOLE CARDS ***
Dealt to HubertusB [Kh 3c]
Fredrix_2012: folds 
tonyscrilla: raises $0.10 to $0.15
Tommm_97: folds 
oderint73: folds 
DreadF0ol: folds 
HubertusB: folds 
Uncalled bet ($0.10) returned to tonyscrilla
tonyscrilla collected $0.12 from pot
tonyscrilla: doesn't show hand 
*** SUMMARY ***
Total pot $0.12 | Rake $0 
Seat 1: oderint73 (button) folded before Flop (didn't bet)
Seat 2: DreadF0ol (small blind) folded before Flop
Seat 3: HubertusB (big blind) folded before Flop
Seat 4: Fredrix_2012 folded before Flop (didn't bet)
Seat 5: tonyscrilla collected ($0.12)
Seat 6: Tommm_97 folded before Flop (didn't bet)



PokerStars Zoom Hand #186957782775:  Hold'em No Limit ($0.02/$0.05) - 2018/05/28 22:42:05 CCT [2018/05/28 10:42:05 ET]
Table 'Donati' 6-max Seat #1 is the button
Seat 1: bielelias ($12.05 in chips) 
Seat 2: HubertusB ($11.49 in chips) 
Seat 3: 3blessings ($14.46 in chips) 
Seat 4: labrador9100 ($5.73 in chips) 
Seat 5: LJ373 ($3.29 in chips) 
Seat 6: amartolos84 ($5.77 in chips) 
HubertusB: posts small blind $0.02
3blessings: posts big blind $0.05
*** HOLE CARDS ***
Dealt to HubertusB [Ts Qh]
labrador9100: folds 
LJ373: folds 
amartolos84: folds 
bielelias: folds 
HubertusB: folds 
Uncalled bet ($0.03) returned to 3blessings
3blessings collected $0.04 from pot
3blessings: doesn't show hand 
*** SUMMARY ***
Total pot $0.04 | Rake $0 
Seat 1: bielelias (button) folded before Flop (didn't bet)
Seat 2: HubertusB (small blind) folded before Flop
Seat 3: 3blessings (big blind) collected ($0.04)
Seat 4: labrador9100 folded before Flop (didn't bet)
Seat 5: LJ373 folded before Flop (didn't bet)
Seat 6: amartolos84 folded before Flop (didn't bet)



PokerStars Zoom Hand #186957776780:  Hold'em No Limit ($0.02/$0.05) - 2018/05/28 22:41:53 CCT [2018/05/28 10:41:53 ET]
Table 'Donati' 6-max Seat #1 is the button
Seat 1: FloatsMyBoat ($2.49 in chips) 
Seat 2: qwlmn159951 ($15.63 in chips) 
Seat 3: krasko123 ($5 in chips) 
Seat 4: Snowy1984C ($2.50 in chips) 
Seat 5: HubertusB ($11.54 in chips) 
Seat 6: ful hau$$100 ($3.89 in chips) 
qwlmn159951: posts small blind $0.02
krasko123: posts big blind $0.05
*** HOLE CARDS ***
Dealt to HubertusB [5h Kh]
Snowy1984C: folds 
HubertusB: folds 
ful hau$$100: folds 
FloatsMyBoat: raises $0.07 to $0.12
qwlmn159951: folds 
krasko123: calls $0.07
*** FLOP *** [8d 4c As]
krasko123: checks 
FloatsMyBoat: bets $0.14
krasko123: folds 
Uncalled bet ($0.14) returned to FloatsMyBoat
FloatsMyBoat collected $0.25 from pot
FloatsMyBoat: doesn't show hand 
*** SUMMARY ***
Total pot $0.26 | Rake $0.01 
Board [8d 4c As]
Seat 1: FloatsMyBoat (button) collected ($0.25)
Seat 2: qwlmn159951 (small blind) folded before Flop
Seat 3: krasko123 (big blind) folded on the Flop
Seat 4: Snowy1984C folded before Flop (didn't bet)
Seat 5: HubertusB folded before Flop (didn't bet)
Seat 6: ful hau$$100 folded before Flop (didn't bet)



PokerStars Zoom Hand #186957786302:  Hold'em No Limit ($0.02/$0.05) - 2018/05/28 22:42:12 CCT [2018/05/28 10:42:12 ET]
Table 'Donati' 6-max Seat #1 is the button
Seat 1: georgethemac ($17.21 in chips) 
Seat 2: overboard3 ($5.21 in chips) 
Seat 3: Lakedra ($2.93 in chips) 
Seat 4: HubertusB ($11.47 in chips) 
Seat 5: Maksbill1 ($7.67 in chips) 
Seat 6: bambur999 ($3.97 in chips) 
overboard3: posts small blind $0.02
Lakedra: posts big blind $0.05
*** HOLE CARDS ***
Dealt to HubertusB [2d Th]
HubertusB: folds 
Maksbill1: folds 
bambur999: folds 
georgethemac: folds 
overboard3: raises $0.10 to $0.15
Lakedra: folds 
Uncalled bet ($0.10) returned to overboard3
overboard3 collected $0.10 from pot
overboard3: doesn't show hand 
*** SUMMARY ***
Total pot $0.10 | Rake $0 
Seat 1: georgethemac (button) folded before Flop (didn't bet)
Seat 2: overboard3 (small blind) collected ($0.10)
Seat 3: Lakedra (big blind) folded before Flop
Seat 4: HubertusB folded before Flop (didn't bet)
Seat 5: Maksbill1 folded before Flop (didn't bet)
Seat 6: bambur999 folded before Flop (didn't bet)



PokerStars Zoom Hand #186957788797:  Hold'em No Limit ($0.02/$0.05) - 2018/05/28 22:42:17 CCT [2018/05/28 10:42:17 ET]
Table 'Donati' 6-max Seat #1 is the button
Seat 1: HubertusB ($11.47 in chips) 
Seat 2: VasjaVasilev ($2.45 in chips) 
Seat 3: nakashi11 ($1.89 in chips) 
Seat 4: uszodas ($3.60 in chips) 
Seat 5: cholomatsu ($4.51 in chips) 
Seat 6: tsampa ($5 in chips) 
VasjaVasilev: posts small blind $0.02
nakashi11: posts big blind $0.05
*** HOLE CARDS ***
Dealt to HubertusB [3s Th]
uszodas: calls $0.05
cholomatsu: folds 
tsampa: folds 
HubertusB: folds 
VasjaVasilev: folds 
nakashi11: checks 
*** FLOP *** [3d 2h 5h]
nakashi11: checks 
uszodas: checks 
*** TURN *** [3d 2h 5h] [4h]
nakashi11: checks 
uszodas: bets $0.10
nakashi11: folds 
Uncalled bet ($0.10) returned to uszodas
uszodas collected $0.12 from pot
uszodas: doesn't show hand 
*** SUMMARY ***
Total pot $0.12 | Rake $0 
Board [3d 2h 5h 4h]
Seat 1: HubertusB (button) folded before Flop (didn't bet)
Seat 2: VasjaVasilev (small blind) folded before Flop
Seat 3: nakashi11 (big blind) folded on the Turn
Seat 4: uszodas collected ($0.12)
Seat 5: cholomatsu folded before Flop (didn't bet)
Seat 6: tsampa folded before Flop (didn't bet)



PokerStars Zoom Hand #186957792732:  Hold'em No Limit ($0.02/$0.05) - 2018/05/28 22:42:25 CCT [2018/05/28 10:42:25 ET]
Table 'Donati' 6-max Seat #1 is the button
Seat 1: Serg206 ($3.26 in chips) 
Seat 2: Snowy1984C ($2.50 in chips) 
Seat 3: elviesa ($6.26 in chips) 
Seat 4: Lakedra ($2.88 in chips) 
Seat 5: instabio ($5.51 in chips) 
Seat 6: HubertusB ($11.47 in chips) 
Snowy1984C: posts small blind $0.02
elviesa: posts big blind $0.05
*** HOLE CARDS ***
Dealt to HubertusB [2s 2d]
Lakedra: folds 
instabio has timed out
instabio: folds 
HubertusB: raises $0.05 to $0.10
Serg206: calls $0.10
Snowy1984C: folds 
elviesa: folds 
*** FLOP *** [8h 4d 7h]
HubertusB: checks 
Serg206: bets $0.10
HubertusB: folds 
Uncalled bet ($0.10) returned to Serg206
Serg206 collected $0.26 from pot
Serg206: doesn't show hand 
*** SUMMARY ***
Total pot $0.27 | Rake $0.01 
Board [8h 4d 7h]
Seat 1: Serg206 (button) collected ($0.26)
Seat 2: Snowy1984C (small blind) folded before Flop
Seat 3: elviesa (big blind) folded before Flop
Seat 4: Lakedra folded before Flop (didn't bet)
Seat 5: instabio folded before Flop (didn't bet)
Seat 6: HubertusB folded on the Flop



PokerStars Zoom Hand #186957819032:  Hold'em No Limit ($0.02/$0.05) - 2018/05/28 22:43:17 CCT [2018/05/28 10:43:17 ET]
Table 'Donati' 6-max Seat #1 is the button
Seat 1: Mayur96 ($9.76 in chips) 
Seat 2: iLLuRi ($5.34 in chips) 
Seat 3: HubertusB ($11.37 in chips) 
Seat 4: levathon ($5.75 in chips) 
Seat 5: Olly81 ($8.56 in chips) 
Seat 6: FloatsMyBoat ($4.71 in chips) 
iLLuRi: posts small blind $0.02
HubertusB: posts big blind $0.05
*** HOLE CARDS ***
Dealt to HubertusB [9s Qh]
levathon: folds 
Olly81: folds 
FloatsMyBoat: folds 
Mayur96: folds 
iLLuRi: folds 
Uncalled bet ($0.03) returned to HubertusB
HubertusB collected $0.04 from pot
HubertusB: doesn't show hand 
*** SUMMARY ***
Total pot $0.04 | Rake $0 
Seat 1: Mayur96 (button) folded before Flop (didn't bet)
Seat 2: iLLuRi (small blind) folded before Flop
Seat 3: HubertusB (big blind) collected ($0.04)
Seat 4: levathon folded before Flop (didn't bet)
Seat 5: Olly81 folded before Flop (didn't bet)
Seat 6: FloatsMyBoat folded before Flop (didn't bet)



PokerStars Zoom Hand #186957816022:  Hold'em No Limit ($0.02/$0.05) - 2018/05/28 22:43:11 CCT [2018/05/28 10:43:11 ET]
Table 'Donati' 6-max Seat #1 is the button
Seat 1: grzywekkk ($5 in chips) 
Seat 2: Bluecrust ($28.58 in chips) 
Seat 3: haruhi:3 ($5.02 in chips) 
Seat 4: Dracyus ($7.68 in chips) 
Seat 5: HubertusB ($11.37 in chips) 
Seat 6: obkormylo ($6.15 in chips) 
Bluecrust: posts small blind $0.02
haruhi:3: posts big blind $0.05
*** HOLE CARDS ***
Dealt to HubertusB [9s 3c]
Dracyus: folds 
HubertusB: folds 
obkormylo has timed out while disconnected
obkormylo: folds 
grzywekkk: folds 
Bluecrust: raises $0.05 to $0.10
haruhi:3: calls $0.05
*** FLOP *** [2c 4h 5h]
Bluecrust: checks 
haruhi:3: bets $0.13
Bluecrust: folds 
Uncalled bet ($0.13) returned to haruhi:3
haruhi:3 collected $0.19 from pot
haruhi:3: doesn't show hand 
*** SUMMARY ***
Total pot $0.20 | Rake $0.01 
Board [2c 4h 5h]
Seat 1: grzywekkk (button) folded before Flop (didn't bet)
Seat 2: Bluecrust (small blind) folded on the Flop
Seat 3: haruhi:3 (big blind) collected ($0.19)
Seat 4: Dracyus folded before Flop (didn't bet)
Seat 5: HubertusB folded before Flop (didn't bet)
Seat 6: obkormylo folded before Flop (didn't bet)



PokerStars Zoom Hand #186957827038:  Hold'em No Limit ($0.02/$0.05) - 2018/05/28 22:43:33 CCT [2018/05/28 10:43:33 ET]
Table 'Donati' 6-max Seat #1 is the button
Seat 1: Tqlkkk-_- ($10.41 in chips) 
Seat 2: Virtuossi ($6.01 in chips) 
Seat 3: FieluFlag ($11.53 in chips) 
Seat 4: HubertusB ($11.39 in chips) 
Seat 5: Elalein777 ($5.47 in chips) 
Seat 6: Callboyy ($8.34 in chips) 
Virtuossi: posts small blind $0.02
FieluFlag: posts big blind $0.05
*** HOLE CARDS ***
Dealt to HubertusB [Js Kc]
HubertusB: raises $0.10 to $0.15
Elalein777: folds 
Callboyy: calls $0.15
Tqlkkk-_-: folds 
Virtuossi: folds 
FieluFlag: calls $0.10
*** FLOP *** [6h 8c 7c]
FieluFlag: checks 
HubertusB: checks 
Callboyy: checks 
*** TURN *** [6h 8c 7c] [6d]
FieluFlag: checks 
HubertusB: bets $0.25
Callboyy: calls $0.25
FieluFlag: folds 
*** RIVER *** [6h 8c 7c 6d] [Jh]
HubertusB: bets $0.70
Callboyy: calls $0.70
*** SHOW DOWN ***
HubertusB: shows [Js Kc] (two pair, Jacks and Sixes)
Callboyy: mucks hand 
HubertusB collected $2.27 from pot
*** SUMMARY ***
Total pot $2.37 | Rake $0.10 
Board [6h 8c 7c 6d Jh]
Seat 1: Tqlkkk-_- (button) folded before Flop (didn't bet)
Seat 2: Virtuossi (small blind) folded before Flop
Seat 3: FieluFlag (big blind) folded on the Turn
Seat 4: HubertusB showed [Js Kc] and won ($2.27) with two pair, Jacks and Sixes
Seat 5: Elalein777 folded before Flop (didn't bet)
Seat 6: Callboyy mucked [5c 5h]



PokerStars Zoom Hand #186957846787:  Hold'em No Limit ($0.02/$0.05) - 2018/05/28 22:44:12 CCT [2018/05/28 10:44:12 ET]
Table 'Donati' 6-max Seat #1 is the button
Seat 1: DreadF0ol ($12.51 in chips) 
Seat 2: HubertusB ($12.56 in chips) 
Seat 3: GizaGliwic ($7.91 in chips) 
Seat 4: SirSavagery ($5 in chips) 
Seat 5: nagadon ($7.52 in chips) 
Seat 6: born8sleepy ($5 in chips) 
HubertusB: posts small blind $0.02
GizaGliwic: posts big blind $0.05
*** HOLE CARDS ***
Dealt to HubertusB [Qs 2h]
SirSavagery: folds 
nagadon: folds 
born8sleepy: raises $0.07 to $0.12
DreadF0ol: folds 
HubertusB: folds 
GizaGliwic: calls $0.07
*** FLOP *** [2c 7d 4d]
GizaGliwic: checks 
born8sleepy: bets $0.13
GizaGliwic: folds 
Uncalled bet ($0.13) returned to born8sleepy
born8sleepy collected $0.25 from pot
born8sleepy: doesn't show hand 
*** SUMMARY ***
Total pot $0.26 | Rake $0.01 
Board [2c 7d 4d]
Seat 1: DreadF0ol (button) folded before Flop (didn't bet)
Seat 2: HubertusB (small blind) folded before Flop
Seat 3: GizaGliwic (big blind) folded on the Flop
Seat 4: SirSavagery folded before Flop (didn't bet)
Seat 5: nagadon folded before Flop (didn't bet)
Seat 6: born8sleepy collected ($0.25)



PokerStars Zoom Hand #186957849827:  Hold'em No Limit ($0.02/$0.05) - 2018/05/28 22:44:18 CCT [2018/05/28 10:44:18 ET]
Table 'Donati' 6-max Seat #1 is the button
Seat 1: HubertusB ($12.54 in chips) 
Seat 2: chill7777777 ($2.93 in chips) 
Seat 3: filipkost ($4.38 in chips) 
Seat 4: FloatsMyBoat ($5.05 in chips) 
Seat 5: saddman84 ($5.19 in chips) 
Seat 6: whipwhipcn ($5.70 in chips) 
chill7777777: posts small blind $0.02
filipkost: posts big blind $0.05
*** HOLE CARDS ***
Dealt to HubertusB [Kc Tc]
FloatsMyBoat: folds 
saddman84: folds 
whipwhipcn: folds 
HubertusB: raises $0.05 to $0.10
chill7777777: calls $0.08
filipkost: calls $0.05
*** FLOP *** [Js 5c 8h]
chill7777777: checks 
filipkost: bets $0.15
HubertusB: folds 
chill7777777: folds 
Uncalled bet ($0.15) returned to filipkost
filipkost collected $0.29 from pot
filipkost: doesn't show hand 
*** SUMMARY ***
Total pot $0.30 | Rake $0.01 
Board [Js 5c 8h]
Seat 1: HubertusB (button) folded on the Flop
Seat 2: chill7777777 (small blind) folded on the Flop
Seat 3: filipkost (big blind) collected ($0.29)
Seat 4: FloatsMyBoat folded before Flop (didn't bet)
Seat 5: saddman84 folded before Flop (didn't bet)
Seat 6: whipwhipcn folded before Flop (didn't bet)



PokerStars Zoom Hand #186957863116:  Hold'em No Limit ($0.02/$0.05) - 2018/05/28 22:44:44 CCT [2018/05/28 10:44:44 ET]
Table 'Donati' 6-max Seat #1 is the button
Seat 1: tetragry ($5 in chips) 
Seat 2: Lacky_DNK ($5.31 in chips) 
Seat 3: TikeTake ($4.33 in chips) 
Seat 4: david_sara83 ($11.38 in chips) 
Seat 5: Bur1k ($5.51 in chips) 
Seat 6: HubertusB ($12.44 in chips) 
Lacky_DNK: posts small blind $0.02
TikeTake: posts big blind $0.05
*** HOLE CARDS ***
Dealt to HubertusB [2h As]
david_sara83: folds 
Bur1k: raises $0.10 to $0.15
HubertusB: folds 
tetragry: folds 
Lacky_DNK: folds 
TikeTake: folds 
Uncalled bet ($0.10) returned to Bur1k
Bur1k collected $0.12 from pot
Bur1k: doesn't show hand 
*** SUMMARY ***
Total pot $0.12 | Rake $0 
Seat 1: tetragry (button) folded before Flop (didn't bet)
Seat 2: Lacky_DNK (small blind) folded before Flop
Seat 3: TikeTake (big blind) folded before Flop
Seat 4: david_sara83 folded before Flop (didn't bet)
Seat 5: Bur1k collected ($0.12)
Seat 6: HubertusB folded before Flop (didn't bet)



PokerStars Zoom Hand #186957869160:  Hold'em No Limit ($0.02/$0.05) - 2018/05/28 22:44:56 CCT [2018/05/28 10:44:56 ET]
Table 'Donati' 6-max Seat #1 is the button
Seat 1: GizaGliwic ($9.97 in chips) 
Seat 2: ANANATOR ($5.22 in chips) 
Seat 3: zaporozhko ($4.60 in chips) 
Seat 4: DimkaKirov20 ($2.81 in chips) 
Seat 5: HubertusB ($12.44 in chips) 
Seat 6: yurimakk ($5.34 in chips) 
ANANATOR: posts small blind $0.02
zaporozhko: posts big blind $0.05
*** HOLE CARDS ***
Dealt to HubertusB [Th 6s]
DimkaKirov20 has timed out
DimkaKirov20: folds 
HubertusB: folds 
yurimakk: folds 
GizaGliwic: folds 
ANANATOR: folds 
Uncalled bet ($0.03) returned to zaporozhko
zaporozhko collected $0.04 from pot
zaporozhko: doesn't show hand 
*** SUMMARY ***
Total pot $0.04 | Rake $0 
Seat 1: GizaGliwic (button) folded before Flop (didn't bet)
Seat 2: ANANATOR (small blind) folded before Flop
Seat 3: zaporozhko (big blind) collected ($0.04)
Seat 4: DimkaKirov20 folded before Flop (didn't bet)
Seat 5: HubertusB folded before Flop (didn't bet)
Seat 6: yurimakk folded before Flop (didn't bet)



PokerStars Zoom Hand #186957874788:  Hold'em No Limit ($0.02/$0.05) - 2018/05/28 22:45:07 CCT [2018/05/28 10:45:07 ET]
Table 'Donati' 6-max Seat #1 is the button
Seat 1: danym1984 ($3.80 in chips) 
Seat 2: grzywekkk ($9.76 in chips) 
Seat 3: HubertusB ($12.44 in chips) 
Seat 4: Tommm_97 ($5.93 in chips) 
Seat 5: JoelHunt007 ($5.07 in chips) 
Seat 6: Xasoin ($6.57 in chips) 
grzywekkk: posts small blind $0.02
HubertusB: posts big blind $0.05
*** HOLE CARDS ***
Dealt to HubertusB [7s 7h]
Tommm_97: folds 
JoelHunt007: folds 
Xasoin: folds 
danym1984: raises $0.10 to $0.15
grzywekkk: folds 
HubertusB: raises $0.30 to $0.45
danym1984: calls $0.30
*** FLOP *** [Qc 8d 8s]
HubertusB: bets $0.35
danym1984: folds 
Uncalled bet ($0.35) returned to HubertusB
HubertusB collected $0.88 from pot
HubertusB: doesn't show hand 
*** SUMMARY ***
Total pot $0.92 | Rake $0.04 
Board [Qc 8d 8s]
Seat 1: danym1984 (button) folded on the Flop
Seat 2: grzywekkk (small blind) folded before Flop
Seat 3: HubertusB (big blind) collected ($0.88)
Seat 4: Tommm_97 folded before Flop (didn't bet)
Seat 5: JoelHunt007 folded before Flop (didn't bet)
Seat 6: Xasoin folded before Flop (didn't bet)



PokerStars Zoom Hand #186957892552:  Hold'em No Limit ($0.02/$0.05) - 2018/05/28 22:45:42 CCT [2018/05/28 10:45:42 ET]
Table 'Donati' 6-max Seat #1 is the button
Seat 1: id e6y_1 ($2.70 in chips) 
Seat 2: david_sara83 ($8.73 in chips) 
Seat 3: ninix17 ($5.10 in chips) 
Seat 4: HubertusB ($12.87 in chips) 
Seat 5: Kostya Red ($11.11 in chips) 
Seat 6: YungPop ($14.90 in chips) 
david_sara83: posts small blind $0.02
ninix17: posts big blind $0.05
*** HOLE CARDS ***
Dealt to HubertusB [2c Kc]
HubertusB: folds 
Kostya Red: folds 
YungPop: folds 
id e6y_1: raises $0.10 to $0.15
david_sara83: folds 
ninix17: calls $0.10
*** FLOP *** [Jh Qs 9h]
ninix17: checks 
id e6y_1: bets $0.16
ninix17: raises $0.42 to $0.58
id e6y_1: folds 
Uncalled bet ($0.42) returned to ninix17
ninix17 collected $0.61 from pot
ninix17: doesn't show hand 
*** SUMMARY ***
Total pot $0.64 | Rake $0.03 
Board [Jh Qs 9h]
Seat 1: id e6y_1 (button) folded on the Flop
Seat 2: david_sara83 (small blind) folded before Flop
Seat 3: ninix17 (big blind) collected ($0.61)
Seat 4: HubertusB folded before Flop (didn't bet)
Seat 5: Kostya Red folded before Flop (didn't bet)
Seat 6: YungPop folded before Flop (didn't bet)



PokerStars Zoom Hand #186957895081:  Hold'em No Limit ($0.02/$0.05) - 2018/05/28 22:45:47 CCT [2018/05/28 10:45:47 ET]
Table 'Donati' 6-max Seat #1 is the button
Seat 1: L.Lucete ($5.15 in chips) 
Seat 2: PiNe4ppLe ($5.15 in chips) 
Seat 3: grzywekkk ($9.81 in chips) 
Seat 4: dadofaca ($7.32 in chips) 
Seat 5: levathon ($5 in chips) 
Seat 6: HubertusB ($12.87 in chips) 
PiNe4ppLe: posts small blind $0.02
grzywekkk: posts big blind $0.05
*** HOLE CARDS ***
Dealt to HubertusB [Qh 9h]
dadofaca: folds 
levathon: folds 
HubertusB: raises $0.05 to $0.10
L.Lucete: folds 
PiNe4ppLe: folds 
grzywekkk: calls $0.05
*** FLOP *** [2h Ac 4h]
grzywekkk: checks 
HubertusB: bets $0.11
grzywekkk: folds 
Uncalled bet ($0.11) returned to HubertusB
HubertusB collected $0.21 from pot
HubertusB: doesn't show hand 
*** SUMMARY ***
Total pot $0.22 | Rake $0.01 
Board [2h Ac 4h]
Seat 1: L.Lucete (button) folded before Flop (didn't bet)
Seat 2: PiNe4ppLe (small blind) folded before Flop
Seat 3: grzywekkk (big blind) folded on the Flop
Seat 4: dadofaca folded before Flop (didn't bet)
Seat 5: levathon folded before Flop (didn't bet)
Seat 6: HubertusB collected ($0.21)



