PokerStars Zoom Hand #186958125114:  Hold'em No Limit ($0.02/$0.05) - 2018/05/28 22:53:16 CCT [2018/05/28 10:53:16 ET]
Table 'Donati' 6-max Seat #1 is the button
Seat 1: Cu2SO4 ($10.81 in chips) 
Seat 2: grzywekkk ($6.70 in chips) 
Seat 3: HubertusB ($5 in chips) 
Seat 4: J.Pettas ($2.89 in chips) 
Seat 5: ppdesty ($7.22 in chips) 
Seat 6: Cooper Huang ($7.27 in chips) 
grzywekkk: posts small blind $0.02
HubertusB: posts big blind $0.05
*** HOLE CARDS ***
Dealt to HubertusB [2s 7d]
J.Pettas: folds 
ppdesty: folds 
Cooper Huang: raises $0.07 to $0.12
Cu2SO4: folds 
grzywekkk: folds 
HubertusB: folds 
Uncalled bet ($0.07) returned to Cooper Huang
Cooper Huang collected $0.12 from pot
Cooper Huang: doesn't show hand 
*** SUMMARY ***
Total pot $0.12 | Rake $0 
Seat 1: Cu2SO4 (button) folded before Flop (didn't bet)
Seat 2: grzywekkk (small blind) folded before Flop
Seat 3: HubertusB (big blind) folded before Flop
Seat 4: J.Pettas folded before Flop (didn't bet)
Seat 5: ppdesty folded before Flop (didn't bet)
Seat 6: Cooper Huang collected ($0.12)



PokerStars Zoom Hand #186958135153:  Hold'em No Limit ($0.02/$0.05) - 2018/05/28 22:53:36 CCT [2018/05/28 10:53:36 ET]
Table 'Donati' 6-max Seat #1 is the button
Seat 1: Snowy1984C ($2.04 in chips) 
Seat 2: HubertusB ($4.95 in chips) 
Seat 3: Daxa_82 ($4.84 in chips) 
Seat 4: T4NK.nl ($4.11 in chips) 
Seat 5: Virtuossi ($5 in chips) 
Seat 6: fedy1328 ($5 in chips) 
HubertusB: posts small blind $0.02
Daxa_82: posts big blind $0.05
*** HOLE CARDS ***
Dealt to HubertusB [8h 5c]
T4NK.nl: folds 
Virtuossi: folds 
fedy1328: folds 
Snowy1984C: folds 
HubertusB: folds 
Uncalled bet ($0.03) returned to Daxa_82
Daxa_82 collected $0.04 from pot
Daxa_82: doesn't show hand 
*** SUMMARY ***
Total pot $0.04 | Rake $0 
Seat 1: Snowy1984C (button) folded before Flop (didn't bet)
Seat 2: HubertusB (small blind) folded before Flop
Seat 3: Daxa_82 (big blind) collected ($0.04)
Seat 4: T4NK.nl folded before Flop (didn't bet)
Seat 5: Virtuossi folded before Flop (didn't bet)
Seat 6: fedy1328 folded before Flop (didn't bet)



PokerStars Zoom Hand #186958138196:  Hold'em No Limit ($0.02/$0.05) - 2018/05/28 22:53:42 CCT [2018/05/28 10:53:42 ET]
Table 'Donati' 6-max Seat #1 is the button
Seat 1: non0no ($10.78 in chips) 
Seat 2: PenTAce ($7.80 in chips) 
Seat 3: uszodas ($6.29 in chips) 
Seat 4: alexbai79 ($5 in chips) 
Seat 5: temujing_ ($5 in chips) 
Seat 6: HubertusB ($4.93 in chips) 
PenTAce: posts small blind $0.02
uszodas: posts big blind $0.05
*** HOLE CARDS ***
Dealt to HubertusB [4d 3c]
alexbai79: folds 
temujing_: folds 
HubertusB: folds 
non0no: folds 
PenTAce: folds 
Uncalled bet ($0.03) returned to uszodas
uszodas collected $0.04 from pot
uszodas: doesn't show hand 
*** SUMMARY ***
Total pot $0.04 | Rake $0 
Seat 1: non0no (button) folded before Flop (didn't bet)
Seat 2: PenTAce (small blind) folded before Flop
Seat 3: uszodas (big blind) collected ($0.04)
Seat 4: alexbai79 folded before Flop (didn't bet)
Seat 5: temujing_ folded before Flop (didn't bet)
Seat 6: HubertusB folded before Flop (didn't bet)



PokerStars Zoom Hand #186958143996:  Hold'em No Limit ($0.02/$0.05) - 2018/05/28 22:53:53 CCT [2018/05/28 10:53:53 ET]
Table 'Donati' 6-max Seat #1 is the button
Seat 1: monojr ($6.21 in chips) 
Seat 2: Glolight ($40.63 in chips) 
Seat 3: HubertusB ($4.93 in chips) 
Seat 4: TheInslayer777 ($1.68 in chips) 
Seat 5: someep1ck ($5.61 in chips) 
Seat 6: PenTAce ($7.78 in chips) 
Glolight: posts small blind $0.02
HubertusB: posts big blind $0.05
*** HOLE CARDS ***
Dealt to HubertusB [Ks 3c]
TheInslayer777: raises $1.63 to $1.68 and is all-in
someep1ck: folds 
PenTAce: folds 
monojr: folds 
Glolight: folds 
HubertusB: folds 
Uncalled bet ($1.63) returned to TheInslayer777
TheInslayer777 collected $0.12 from pot
TheInslayer777: doesn't show hand 
*** SUMMARY ***
Total pot $0.12 | Rake $0 
Seat 1: monojr (button) folded before Flop (didn't bet)
Seat 2: Glolight (small blind) folded before Flop
Seat 3: HubertusB (big blind) folded before Flop
Seat 4: TheInslayer777 collected ($0.12)
Seat 5: someep1ck folded before Flop (didn't bet)
Seat 6: PenTAce folded before Flop (didn't bet)



PokerStars Zoom Hand #186958130103:  Hold'em No Limit ($0.02/$0.05) - 2018/05/28 22:53:26 CCT [2018/05/28 10:53:26 ET]
Table 'Donati' 6-max Seat #1 is the button
Seat 1: HubertusB ($4.95 in chips) 
Seat 2: IncProFit ($5.30 in chips) 
Seat 3: GypsyBaronX ($3.03 in chips) 
Seat 4: wfghh ($5.86 in chips) 
Seat 5: Aust Sunstar ($4.88 in chips) 
Seat 6: elviesa ($5 in chips) 
IncProFit: posts small blind $0.02
GypsyBaronX: posts big blind $0.05
*** HOLE CARDS ***
Dealt to HubertusB [5s 4s]
wfghh: raises $0.05 to $0.10
Aust Sunstar: raises $0.27 to $0.37
elviesa: folds 
HubertusB: folds 
IncProFit: folds 
GypsyBaronX: folds 
wfghh: calls $0.27
*** FLOP *** [6h Ts 5c]
wfghh: checks 
Aust Sunstar: checks 
*** TURN *** [6h Ts 5c] [Qs]
wfghh: bets $0.35
Aust Sunstar: calls $0.35
*** RIVER *** [6h Ts 5c Qs] [Jc]
wfghh: checks 
Aust Sunstar: bets $0.52
wfghh: calls $0.52
*** SHOW DOWN ***
Aust Sunstar: shows [Ad Kc] (a straight, Ten to Ace)
wfghh: mucks hand 
Aust Sunstar collected $2.44 from pot
*** SUMMARY ***
Total pot $2.55 | Rake $0.11 
Board [6h Ts 5c Qs Jc]
Seat 1: HubertusB (button) folded before Flop (didn't bet)
Seat 2: IncProFit (small blind) folded before Flop
Seat 3: GypsyBaronX (big blind) folded before Flop
Seat 4: wfghh mucked [Kh Jh]
Seat 5: Aust Sunstar showed [Ad Kc] and won ($2.44) with a straight, Ten to Ace
Seat 6: elviesa folded before Flop (didn't bet)



PokerStars Zoom Hand #186958141251:  Hold'em No Limit ($0.02/$0.05) - 2018/05/28 22:53:48 CCT [2018/05/28 10:53:48 ET]
Table 'Donati' 6-max Seat #1 is the button
Seat 1: PSqsd ($6.17 in chips) 
Seat 2: overboard3 ($6.86 in chips) 
Seat 3: Cooper Huang ($5.89 in chips) 
Seat 4: Wang988 ($9.17 in chips) 
Seat 5: HubertusB ($4.93 in chips) 
Seat 6: Merza1 ($4.08 in chips) 
overboard3: posts small blind $0.02
Cooper Huang: posts big blind $0.05
*** HOLE CARDS ***
Dealt to HubertusB [Kd 9h]
Wang988: folds 
HubertusB: folds 
Merza1: folds 
PSqsd: raises $0.10 to $0.15
overboard3: folds 
Cooper Huang: folds 
Uncalled bet ($0.10) returned to PSqsd
PSqsd collected $0.12 from pot
PSqsd: doesn't show hand 
*** SUMMARY ***
Total pot $0.12 | Rake $0 
Seat 1: PSqsd (button) collected ($0.12)
Seat 2: overboard3 (small blind) folded before Flop
Seat 3: Cooper Huang (big blind) folded before Flop
Seat 4: Wang988 folded before Flop (didn't bet)
Seat 5: HubertusB folded before Flop (didn't bet)
Seat 6: Merza1 folded before Flop (didn't bet)



PokerStars Zoom Hand #186958149679:  Hold'em No Limit ($0.02/$0.05) - 2018/05/28 22:54:04 CCT [2018/05/28 10:54:04 ET]
Table 'Donati' 6-max Seat #1 is the button
Seat 1: ghost1971 ($9.68 in chips) 
Seat 2: HubertusB ($4.88 in chips) 
Seat 3: trucker9972 ($2.24 in chips) 
Seat 4: st_m84 ($4.86 in chips) 
Seat 5: nagadon ($6.31 in chips) 
Seat 6: kngace95 ($6.76 in chips) 
HubertusB: posts small blind $0.02
trucker9972: posts big blind $0.05
*** HOLE CARDS ***
Dealt to HubertusB [8s Qh]
st_m84: folds 
nagadon: folds 
kngace95: raises $0.05 to $0.10
ghost1971: folds 
HubertusB: folds 
trucker9972: folds 
Uncalled bet ($0.05) returned to kngace95
kngace95 collected $0.12 from pot
kngace95: doesn't show hand 
*** SUMMARY ***
Total pot $0.12 | Rake $0 
Seat 1: ghost1971 (button) folded before Flop (didn't bet)
Seat 2: HubertusB (small blind) folded before Flop
Seat 3: trucker9972 (big blind) folded before Flop
Seat 4: st_m84 folded before Flop (didn't bet)
Seat 5: nagadon folded before Flop (didn't bet)
Seat 6: kngace95 collected ($0.12)



PokerStars Zoom Hand #186958147073:  Hold'em No Limit ($0.02/$0.05) - 2018/05/28 22:53:59 CCT [2018/05/28 10:53:59 ET]
Table 'Donati' 6-max Seat #1 is the button
Seat 1: HubertusB ($4.88 in chips) 
Seat 2: uszodas ($6.31 in chips) 
Seat 3: geworik ($5 in chips) 
Seat 4: Tqlkkk-_- ($11.47 in chips) 
Seat 5: Fysio_Logia ($4.93 in chips) 
Seat 6: Bluecrust ($11.99 in chips) 
uszodas: posts small blind $0.02
geworik: posts big blind $0.05
*** HOLE CARDS ***
Dealt to HubertusB [4c Qs]
Tqlkkk-_-: raises $0.10 to $0.15
Fysio_Logia: folds 
Bluecrust: folds 
HubertusB: folds 
uszodas: folds 
geworik: calls $0.10
*** FLOP *** [2d Th 9c]
geworik: checks 
Tqlkkk-_-: checks 
*** TURN *** [2d Th 9c] [3d]
geworik: checks 
Tqlkkk-_-: checks 
*** RIVER *** [2d Th 9c 3d] [2c]
geworik: checks 
Tqlkkk-_-: checks 
*** SHOW DOWN ***
geworik: shows [6h 7h] (a pair of Deuces)
Tqlkkk-_-: shows [Jd As] (a pair of Deuces - Ace kicker)
Tqlkkk-_- collected $0.31 from pot
*** SUMMARY ***
Total pot $0.32 | Rake $0.01 
Board [2d Th 9c 3d 2c]
Seat 1: HubertusB (button) folded before Flop (didn't bet)
Seat 2: uszodas (small blind) folded before Flop
Seat 3: geworik (big blind) showed [6h 7h] and lost with a pair of Deuces
Seat 4: Tqlkkk-_- showed [Jd As] and won ($0.31) with a pair of Deuces
Seat 5: Fysio_Logia folded before Flop (didn't bet)
Seat 6: Bluecrust folded before Flop (didn't bet)



PokerStars Zoom Hand #186958152296:  Hold'em No Limit ($0.02/$0.05) - 2018/05/28 22:54:09 CCT [2018/05/28 10:54:09 ET]
Table 'Donati' 6-max Seat #1 is the button
Seat 1: Tommm_97 ($5.88 in chips) 
Seat 2: DreadF0ol ($12.76 in chips) 
Seat 3: levathon ($7.39 in chips) 
Seat 4: andropa1234 ($8.58 in chips) 
Seat 5: HubertusB ($4.86 in chips) 
Seat 6: yurimakk ($5.44 in chips) 
DreadF0ol: posts small blind $0.02
levathon: posts big blind $0.05
*** HOLE CARDS ***
Dealt to HubertusB [6h Kd]
andropa1234: calls $0.05
HubertusB: folds 
yurimakk: folds 
Tommm_97: folds 
DreadF0ol: folds 
levathon: checks 
*** FLOP *** [7c Qh 2s]
levathon: checks 
andropa1234: checks 
*** TURN *** [7c Qh 2s] [8h]
levathon: checks 
andropa1234: bets $0.05
levathon: folds 
Uncalled bet ($0.05) returned to andropa1234
andropa1234 collected $0.12 from pot
andropa1234: doesn't show hand 
*** SUMMARY ***
Total pot $0.12 | Rake $0 
Board [7c Qh 2s 8h]
Seat 1: Tommm_97 (button) folded before Flop (didn't bet)
Seat 2: DreadF0ol (small blind) folded before Flop
Seat 3: levathon (big blind) folded on the Turn
Seat 4: andropa1234 collected ($0.12)
Seat 5: HubertusB folded before Flop (didn't bet)
Seat 6: yurimakk folded before Flop (didn't bet)



PokerStars Zoom Hand #186958154894:  Hold'em No Limit ($0.02/$0.05) - 2018/05/28 22:54:14 CCT [2018/05/28 10:54:14 ET]
Table 'Donati' 6-max Seat #1 is the button
Seat 1: DreadF0ol ($5.29 in chips) 
Seat 2: Gubonyi ($11.30 in chips) 
Seat 3: fedy1328 ($4.96 in chips) 
Seat 4: wfghh ($8.51 in chips) 
Seat 5: manuk333 ($5 in chips) 
Seat 6: HubertusB ($4.86 in chips) 
Gubonyi: posts small blind $0.02
fedy1328: posts big blind $0.05
*** HOLE CARDS ***
Dealt to HubertusB [Td 8d]
wfghh has timed out
wfghh: folds 
manuk333: raises $0.10 to $0.15
HubertusB: folds 
DreadF0ol: folds 
Gubonyi: folds 
fedy1328: folds 
Uncalled bet ($0.10) returned to manuk333
manuk333 collected $0.12 from pot
manuk333: doesn't show hand 
*** SUMMARY ***
Total pot $0.12 | Rake $0 
Seat 1: DreadF0ol (button) folded before Flop (didn't bet)
Seat 2: Gubonyi (small blind) folded before Flop
Seat 3: fedy1328 (big blind) folded before Flop
Seat 4: wfghh folded before Flop (didn't bet)
Seat 5: manuk333 collected ($0.12)
Seat 6: HubertusB folded before Flop (didn't bet)



PokerStars Zoom Hand #186958166985:  Hold'em No Limit ($0.02/$0.05) - 2018/05/28 22:54:38 CCT [2018/05/28 10:54:38 ET]
Table 'Donati' 6-max Seat #1 is the button
Seat 1: HubertusB ($4.86 in chips) 
Seat 2: born8sleepy ($5.15 in chips) 
Seat 3: ioanna576 ($5.67 in chips) 
Seat 4: Dracyus ($5 in chips) 
Seat 5: Mayur96 ($10.55 in chips) 
Seat 6: Mikhaylov St ($9.14 in chips) 
born8sleepy: posts small blind $0.02
ioanna576: posts big blind $0.05
*** HOLE CARDS ***
Dealt to HubertusB [Ah 7h]
Dracyus: folds 
Mayur96: raises $0.10 to $0.15
Mikhaylov St: folds 
HubertusB: folds 
born8sleepy: folds 
ioanna576: folds 
Uncalled bet ($0.10) returned to Mayur96
Mayur96 collected $0.12 from pot
Mayur96: doesn't show hand 
*** SUMMARY ***
Total pot $0.12 | Rake $0 
Seat 1: HubertusB (button) folded before Flop (didn't bet)
Seat 2: born8sleepy (small blind) folded before Flop
Seat 3: ioanna576 (big blind) folded before Flop
Seat 4: Dracyus folded before Flop (didn't bet)
Seat 5: Mayur96 collected ($0.12)
Seat 6: Mikhaylov St folded before Flop (didn't bet)



PokerStars Zoom Hand #186958179245:  Hold'em No Limit ($0.02/$0.05) - 2018/05/28 22:55:02 CCT [2018/05/28 10:55:02 ET]
Table 'Donati' 6-max Seat #1 is the button
Seat 1: Fighter485 ($6.15 in chips) 
Seat 2: AsterixBrn ($7.16 in chips) 
Seat 3: HubertusB ($4.86 in chips) 
Seat 4: SskyAngel ($4.93 in chips) 
Seat 5: KidMilka ($8.11 in chips) 
Seat 6: safeeway ($5 in chips) 
AsterixBrn: posts small blind $0.02
HubertusB: posts big blind $0.05
*** HOLE CARDS ***
Dealt to HubertusB [5h 4h]
SskyAngel: raises $0.10 to $0.15
KidMilka: folds 
safeeway: folds 
Fighter485: folds 
AsterixBrn: folds 
HubertusB: folds 
Uncalled bet ($0.10) returned to SskyAngel
SskyAngel collected $0.12 from pot
SskyAngel: doesn't show hand 
*** SUMMARY ***
Total pot $0.12 | Rake $0 
Seat 1: Fighter485 (button) folded before Flop (didn't bet)
Seat 2: AsterixBrn (small blind) folded before Flop
Seat 3: HubertusB (big blind) folded before Flop
Seat 4: SskyAngel collected ($0.12)
Seat 5: KidMilka folded before Flop (didn't bet)
Seat 6: safeeway folded before Flop (didn't bet)



PokerStars Zoom Hand #186958176719:  Hold'em No Limit ($0.02/$0.05) - 2018/05/28 22:54:57 CCT [2018/05/28 10:54:57 ET]
Table 'Donati' 6-max Seat #1 is the button
Seat 1: Olly81 ($8.36 in chips) 
Seat 2: MicroLocoNL ($7.05 in chips) 
Seat 3: baslim62 ($5.14 in chips) 
Seat 4: HubertusB ($4.86 in chips) 
Seat 5: geworik ($5 in chips) 
Seat 6: pocketfetish ($5.31 in chips) 
MicroLocoNL: posts small blind $0.02
baslim62: posts big blind $0.05
*** HOLE CARDS ***
Dealt to HubertusB [Kd 4c]
HubertusB: folds 
geworik: raises $0.10 to $0.15
pocketfetish: folds 
Olly81: folds 
MicroLocoNL: folds 
baslim62: folds 
Uncalled bet ($0.10) returned to geworik
geworik collected $0.12 from pot
geworik: doesn't show hand 
*** SUMMARY ***
Total pot $0.12 | Rake $0 
Seat 1: Olly81 (button) folded before Flop (didn't bet)
Seat 2: MicroLocoNL (small blind) folded before Flop
Seat 3: baslim62 (big blind) folded before Flop
Seat 4: HubertusB folded before Flop (didn't bet)
Seat 5: geworik collected ($0.12)
Seat 6: pocketfetish folded before Flop (didn't bet)



PokerStars Zoom Hand #186958187415:  Hold'em No Limit ($0.02/$0.05) - 2018/05/28 22:55:19 CCT [2018/05/28 10:55:19 ET]
Table 'Donati' 6-max Seat #1 is the button
Seat 1: What's tha! ($8.24 in chips) 
Seat 2: boxercik ($2.35 in chips) 
Seat 3: L.Lucete ($5.42 in chips) 
Seat 4: HubertusB ($4.79 in chips) 
Seat 5: Amandawow ($2.05 in chips) 
Seat 6: umbei ($5 in chips) 
boxercik: posts small blind $0.02
L.Lucete: posts big blind $0.05
*** HOLE CARDS ***
Dealt to HubertusB [Kh 8s]
HubertusB: folds 
Amandawow: raises $0.10 to $0.15
umbei: folds 
What's tha!: folds 
boxercik: folds 
L.Lucete: folds 
Uncalled bet ($0.10) returned to Amandawow
Amandawow collected $0.12 from pot
Amandawow: doesn't show hand 
*** SUMMARY ***
Total pot $0.12 | Rake $0 
Seat 1: What's tha! (button) folded before Flop (didn't bet)
Seat 2: boxercik (small blind) folded before Flop
Seat 3: L.Lucete (big blind) folded before Flop
Seat 4: HubertusB folded before Flop (didn't bet)
Seat 5: Amandawow collected ($0.12)
Seat 6: umbei folded before Flop (didn't bet)



PokerStars Zoom Hand #186958183281:  Hold'em No Limit ($0.02/$0.05) - 2018/05/28 22:55:10 CCT [2018/05/28 10:55:10 ET]
Table 'Donati' 6-max Seat #1 is the button
Seat 1: jimtaktak9 ($5 in chips) 
Seat 2: Emrama ($4.81 in chips) 
Seat 3: david_sara83 ($6.60 in chips) 
Seat 4: iLLuRi ($6.06 in chips) 
Seat 5: HubertusB ($4.81 in chips) 
Seat 6: cholomatsu ($5.14 in chips) 
Emrama: posts small blind $0.02
david_sara83: posts big blind $0.05
*** HOLE CARDS ***
Dealt to HubertusB [2h 6h]
iLLuRi: folds 
HubertusB: folds 
cholomatsu: folds 
jimtaktak9: folds 
Emrama: folds 
Uncalled bet ($0.03) returned to david_sara83
david_sara83 collected $0.04 from pot
david_sara83: doesn't show hand 
*** SUMMARY ***
Total pot $0.04 | Rake $0 
Seat 1: jimtaktak9 (button) folded before Flop (didn't bet)
Seat 2: Emrama (small blind) folded before Flop
Seat 3: david_sara83 (big blind) collected ($0.04)
Seat 4: iLLuRi folded before Flop (didn't bet)
Seat 5: HubertusB folded before Flop (didn't bet)
Seat 6: cholomatsu folded before Flop (didn't bet)



PokerStars Zoom Hand #186958185203:  Hold'em No Limit ($0.02/$0.05) - 2018/05/28 22:55:14 CCT [2018/05/28 10:55:14 ET]
Table 'Donati' 6-max Seat #1 is the button
Seat 1: smithuis701 ($4.43 in chips) 
Seat 2: HubertusB ($4.81 in chips) 
Seat 3: Bragaa93 ($5.07 in chips) 
Seat 4: PiNe4ppLe ($5.03 in chips) 
Seat 5: Tajesitus ($4.93 in chips) 
Seat 6: Hyd SK ($8.41 in chips) 
HubertusB: posts small blind $0.02
Bragaa93: posts big blind $0.05
*** HOLE CARDS ***
Dealt to HubertusB [Kh 5d]
PiNe4ppLe: folds 
Tajesitus: folds 
Hyd SK: raises $0.07 to $0.12
smithuis701: folds 
HubertusB: folds 
Bragaa93: folds 
Uncalled bet ($0.07) returned to Hyd SK
Hyd SK collected $0.12 from pot
Hyd SK: doesn't show hand 
*** SUMMARY ***
Total pot $0.12 | Rake $0 
Seat 1: smithuis701 (button) folded before Flop (didn't bet)
Seat 2: HubertusB (small blind) folded before Flop
Seat 3: Bragaa93 (big blind) folded before Flop
Seat 4: PiNe4ppLe folded before Flop (didn't bet)
Seat 5: Tajesitus folded before Flop (didn't bet)
Seat 6: Hyd SK collected ($0.12)



PokerStars Zoom Hand #186958189533:  Hold'em No Limit ($0.02/$0.05) - 2018/05/28 22:55:24 CCT [2018/05/28 10:55:24 ET]
Table 'Donati' 6-max Seat #1 is the button
Seat 1: reiNuch ($6.79 in chips) 
Seat 2: ProjetRed ($5 in chips) 
Seat 3: U_RULIA ($7.28 in chips) 
Seat 4: Emrama ($4.79 in chips) 
Seat 5: grzywekkk ($8.48 in chips) 
Seat 6: HubertusB ($4.79 in chips) 
ProjetRed: posts small blind $0.02
U_RULIA: posts big blind $0.05
*** HOLE CARDS ***
Dealt to HubertusB [3c Qs]
Emrama: folds 
grzywekkk: folds 
HubertusB: folds 
reiNuch: folds 
ProjetRed: raises $0.10 to $0.15
U_RULIA: folds 
Uncalled bet ($0.10) returned to ProjetRed
ProjetRed collected $0.10 from pot
ProjetRed: doesn't show hand 
*** SUMMARY ***
Total pot $0.10 | Rake $0 
Seat 1: reiNuch (button) folded before Flop (didn't bet)
Seat 2: ProjetRed (small blind) collected ($0.10)
Seat 3: U_RULIA (big blind) folded before Flop
Seat 4: Emrama folded before Flop (didn't bet)
Seat 5: grzywekkk folded before Flop (didn't bet)
Seat 6: HubertusB folded before Flop (didn't bet)



PokerStars Zoom Hand #186958191620:  Hold'em No Limit ($0.02/$0.05) - 2018/05/28 22:55:29 CCT [2018/05/28 10:55:29 ET]
Table 'Donati' 6-max Seat #1 is the button
Seat 1: Fe4rF4ctor ($5.56 in chips) 
Seat 2: Cu2SO4 ($5 in chips) 
Seat 3: HubertusB ($4.79 in chips) 
Seat 4: 7miha7777 ($2.52 in chips) 
Seat 5: Omnical ($6.85 in chips) 
Seat 6: Cooper Huang ($8.06 in chips) 
Cu2SO4: posts small blind $0.02
HubertusB: posts big blind $0.05
*** HOLE CARDS ***
Dealt to HubertusB [Ks 5d]
7miha7777: folds 
Omnical: folds 
Cooper Huang: folds 
Fe4rF4ctor: raises $0.07 to $0.12
Cu2SO4: folds 
HubertusB: folds 
Uncalled bet ($0.07) returned to Fe4rF4ctor
Fe4rF4ctor collected $0.12 from pot
Fe4rF4ctor: doesn't show hand 
*** SUMMARY ***
Total pot $0.12 | Rake $0 
Seat 1: Fe4rF4ctor (button) collected ($0.12)
Seat 2: Cu2SO4 (small blind) folded before Flop
Seat 3: HubertusB (big blind) folded before Flop
Seat 4: 7miha7777 folded before Flop (didn't bet)
Seat 5: Omnical folded before Flop (didn't bet)
Seat 6: Cooper Huang folded before Flop (didn't bet)



PokerStars Zoom Hand #186958205509:  Hold'em No Limit ($0.02/$0.05) - 2018/05/28 22:56:01 CCT [2018/05/28 10:56:01 ET]
Table 'Donati' 6-max Seat #1 is the button
Seat 1: firelex1 ($5 in chips) 
Seat 2: Glolight ($40.63 in chips) 
Seat 3: HubertusB ($4.72 in chips) 
Seat 4: grunge&punk ($5 in chips) 
Seat 5: Dimoni797979 ($9.63 in chips) 
Seat 6: Gubonyi ($8.29 in chips) 
Glolight: posts small blind $0.02
HubertusB: posts big blind $0.05
*** HOLE CARDS ***
Dealt to HubertusB [6s Th]
grunge&punk: folds 
Dimoni797979: raises $0.05 to $0.10
Gubonyi: folds 
firelex1: folds 
Glolight: folds 
HubertusB: folds 
Uncalled bet ($0.05) returned to Dimoni797979
Dimoni797979 collected $0.12 from pot
Dimoni797979: doesn't show hand 
*** SUMMARY ***
Total pot $0.12 | Rake $0 
Seat 1: firelex1 (button) folded before Flop (didn't bet)
Seat 2: Glolight (small blind) folded before Flop
Seat 3: HubertusB (big blind) folded before Flop
Seat 4: grunge&punk folded before Flop (didn't bet)
Seat 5: Dimoni797979 collected ($0.12)
Seat 6: Gubonyi folded before Flop (didn't bet)



PokerStars Zoom Hand #186958199445:  Hold'em No Limit ($0.02/$0.05) - 2018/05/28 22:55:47 CCT [2018/05/28 10:55:47 ET]
Table 'Donati' 6-max Seat #1 is the button
Seat 1: HubertusB ($4.74 in chips) 
Seat 2: FFForasteiro ($11.28 in chips) 
Seat 3: 6e3_LLIaHcoB ($5.44 in chips) 
Seat 4: safeeway ($6.86 in chips) 
Seat 5: Bigdan883 ($4.19 in chips) 
Seat 6: krasko123 ($4.36 in chips) 
FFForasteiro: posts small blind $0.02
6e3_LLIaHcoB: posts big blind $0.05
*** HOLE CARDS ***
Dealt to HubertusB [6s Ts]
safeeway: folds 
Bigdan883: calls $0.05
krasko123: raises $0.10 to $0.15
HubertusB: folds 
FFForasteiro: folds 
6e3_LLIaHcoB: calls $0.10
Bigdan883: calls $0.10
*** FLOP *** [9s 9c 8h]
6e3_LLIaHcoB: checks 
Bigdan883: checks 
krasko123: bets $0.30
6e3_LLIaHcoB: folds 
Bigdan883: folds 
Uncalled bet ($0.30) returned to krasko123
krasko123 collected $0.45 from pot
krasko123: doesn't show hand 
*** SUMMARY ***
Total pot $0.47 | Rake $0.02 
Board [9s 9c 8h]
Seat 1: HubertusB (button) folded before Flop (didn't bet)
Seat 2: FFForasteiro (small blind) folded before Flop
Seat 3: 6e3_LLIaHcoB (big blind) folded on the Flop
Seat 4: safeeway folded before Flop (didn't bet)
Seat 5: Bigdan883 folded on the Flop
Seat 6: krasko123 collected ($0.45)



PokerStars Zoom Hand #186958207666:  Hold'em No Limit ($0.02/$0.05) - 2018/05/28 22:56:06 CCT [2018/05/28 10:56:06 ET]
Table 'Donati' 6-max Seat #1 is the button
Seat 1: HubertusB ($4.67 in chips) 
Seat 2: ioanna576 ($5.39 in chips) 
Seat 3: uszodas ($5.31 in chips) 
Seat 4: FieluFlag ($10.60 in chips) 
Seat 5: iLLuRi ($5.66 in chips) 
Seat 6: Olly81 ($8.17 in chips) 
ioanna576: posts small blind $0.02
uszodas: posts big blind $0.05
*** HOLE CARDS ***
Dealt to HubertusB [3d 9h]
FieluFlag: folds 
iLLuRi: folds 
Olly81: folds 
HubertusB: folds 
ioanna576: folds 
Uncalled bet ($0.03) returned to uszodas
uszodas collected $0.04 from pot
uszodas: doesn't show hand 
*** SUMMARY ***
Total pot $0.04 | Rake $0 
Seat 1: HubertusB (button) folded before Flop (didn't bet)
Seat 2: ioanna576 (small blind) folded before Flop
Seat 3: uszodas (big blind) collected ($0.04)
Seat 4: FieluFlag folded before Flop (didn't bet)
Seat 5: iLLuRi folded before Flop (didn't bet)
Seat 6: Olly81 folded before Flop (didn't bet)



PokerStars Zoom Hand #186958209872:  Hold'em No Limit ($0.02/$0.05) - 2018/05/28 22:56:11 CCT [2018/05/28 10:56:11 ET]
Table 'Donati' 6-max Seat #1 is the button
Seat 1: bambur999 ($5.39 in chips) 
Seat 2: Patojenajlepsi ($6.58 in chips) 
Seat 3: grunge&punk ($4.76 in chips) 
Seat 4: zibertmen ($8.44 in chips) 
Seat 5: FFForasteiro ($11.71 in chips) 
Seat 6: HubertusB ($4.67 in chips) 
Patojenajlepsi: posts small blind $0.02
grunge&punk: posts big blind $0.05
*** HOLE CARDS ***
Dealt to HubertusB [Kd 7h]
zibertmen: folds 
FFForasteiro: raises $0.07 to $0.12
HubertusB: folds 
bambur999: folds 
Patojenajlepsi: folds 
grunge&punk: folds 
Uncalled bet ($0.07) returned to FFForasteiro
FFForasteiro collected $0.12 from pot
FFForasteiro: doesn't show hand 
*** SUMMARY ***
Total pot $0.12 | Rake $0 
Seat 1: bambur999 (button) folded before Flop (didn't bet)
Seat 2: Patojenajlepsi (small blind) folded before Flop
Seat 3: grunge&punk (big blind) folded before Flop
Seat 4: zibertmen folded before Flop (didn't bet)
Seat 5: FFForasteiro collected ($0.12)
Seat 6: HubertusB folded before Flop (didn't bet)



PokerStars Zoom Hand #186958201151:  Hold'em No Limit ($0.02/$0.05) - 2018/05/28 22:55:51 CCT [2018/05/28 10:55:51 ET]
Table 'Donati' 6-max Seat #1 is the button
Seat 1: Bluecrust ($11.84 in chips) 
Seat 2: HubertusB ($4.74 in chips) 
Seat 3: tiga92 ($5.10 in chips) 
Seat 4: MicroLocoNL ($5 in chips) 
Seat 5: oderint73 ($4.01 in chips) 
Seat 6: Simkooo ($5 in chips) 
HubertusB: posts small blind $0.02
tiga92: posts big blind $0.05
*** HOLE CARDS ***
Dealt to HubertusB [4d 7d]
MicroLocoNL: folds 
oderint73: folds 
Simkooo: raises $0.08 to $0.13
Bluecrust: folds 
HubertusB: folds 
tiga92: raises $0.27 to $0.40
Simkooo: calls $0.27
*** FLOP *** [8c 2s 3s]
tiga92: checks 
Simkooo: checks 
*** TURN *** [8c 2s 3s] [2d]
tiga92: checks 
Simkooo: checks 
*** RIVER *** [8c 2s 3s 2d] [5c]
tiga92: checks 
Simkooo: checks 
*** SHOW DOWN ***
tiga92: shows [Jd Kc] (a pair of Deuces)
Simkooo: shows [Qd Kd] (a pair of Deuces - King+Queen kicker)
Simkooo collected $0.79 from pot
*** SUMMARY ***
Total pot $0.82 | Rake $0.03 
Board [8c 2s 3s 2d 5c]
Seat 1: Bluecrust (button) folded before Flop (didn't bet)
Seat 2: HubertusB (small blind) folded before Flop
Seat 3: tiga92 (big blind) showed [Jd Kc] and lost with a pair of Deuces
Seat 4: MicroLocoNL folded before Flop (didn't bet)
Seat 5: oderint73 folded before Flop (didn't bet)
Seat 6: Simkooo showed [Qd Kd] and won ($0.79) with a pair of Deuces



PokerStars Zoom Hand #186958203356:  Hold'em No Limit ($0.02/$0.05) - 2018/05/28 22:55:56 CCT [2018/05/28 10:55:56 ET]
Table 'Donati' 6-max Seat #1 is the button
Seat 1: ninix17 ($5.35 in chips) 
Seat 2: MAGE%CARDS ($10.93 in chips) 
Seat 3: MoòSh ($16.76 in chips) 
Seat 4: PiNe4ppLe ($5.20 in chips) 
Seat 5: HubertusB ($4.72 in chips) 
Seat 6: Patojenajlepsi ($8.39 in chips) 
MAGE%CARDS: posts small blind $0.02
MoòSh: posts big blind $0.05
*** HOLE CARDS ***
Dealt to HubertusB [7s 6d]
PiNe4ppLe: folds 
HubertusB: folds 
Patojenajlepsi: raises $0.07 to $0.12
ninix17: raises $0.28 to $0.40
MAGE%CARDS: folds 
MoòSh: folds 
Patojenajlepsi: folds 
Uncalled bet ($0.28) returned to ninix17
ninix17 collected $0.31 from pot
ninix17: doesn't show hand 
*** SUMMARY ***
Total pot $0.31 | Rake $0 
Seat 1: ninix17 (button) collected ($0.31)
Seat 2: MAGE%CARDS (small blind) folded before Flop
Seat 3: MoòSh (big blind) folded before Flop
Seat 4: PiNe4ppLe folded before Flop (didn't bet)
Seat 5: HubertusB folded before Flop (didn't bet)
Seat 6: Patojenajlepsi folded before Flop



PokerStars Zoom Hand #186958212020:  Hold'em No Limit ($0.02/$0.05) - 2018/05/28 22:56:16 CCT [2018/05/28 10:56:16 ET]
Table 'Donati' 6-max Seat #1 is the button
Seat 1: yurimakk ($4.80 in chips) 
Seat 2: kakaxx1 ($5 in chips) 
Seat 3: Omnical ($6.83 in chips) 
Seat 4: HubertusB ($4.67 in chips) 
Seat 5: someep1ck ($5.06 in chips) 
Seat 6: denserk ($5 in chips) 
kakaxx1: posts small blind $0.02
Omnical: posts big blind $0.05
*** HOLE CARDS ***
Dealt to HubertusB [4c 7d]
HubertusB: folds 
someep1ck: raises $0.10 to $0.15
denserk: folds 
yurimakk: folds 
kakaxx1: folds 
Omnical: folds 
Uncalled bet ($0.10) returned to someep1ck
someep1ck collected $0.12 from pot
someep1ck: doesn't show hand 
*** SUMMARY ***
Total pot $0.12 | Rake $0 
Seat 1: yurimakk (button) folded before Flop (didn't bet)
Seat 2: kakaxx1 (small blind) folded before Flop
Seat 3: Omnical (big blind) folded before Flop
Seat 4: HubertusB folded before Flop (didn't bet)
Seat 5: someep1ck collected ($0.12)
Seat 6: denserk folded before Flop (didn't bet)



PokerStars Zoom Hand #186958214151:  Hold'em No Limit ($0.02/$0.05) - 2018/05/28 22:56:21 CCT [2018/05/28 10:56:21 ET]
Table 'Donati' 6-max Seat #1 is the button
Seat 1: IncProFit ($5.11 in chips) 
Seat 2: PenTAce ($5 in chips) 
Seat 3: Bluecrust ($24.35 in chips) 
Seat 4: HubertusB ($4.67 in chips) 
Seat 5: david_sara83 ($11.20 in chips) 
Seat 6: Cnaty91 ($9.78 in chips) 
PenTAce: posts small blind $0.02
Bluecrust: posts big blind $0.05
*** HOLE CARDS ***
Dealt to HubertusB [Ad 2s]
HubertusB: folds 
david_sara83: folds 
Cnaty91: folds 
IncProFit: raises $0.07 to $0.12
PenTAce: calls $0.10
Bluecrust: folds 
*** FLOP *** [Ks 6s 3c]
PenTAce: checks 
IncProFit: bets $0.21
PenTAce: calls $0.21
*** TURN *** [Ks 6s 3c] [5c]
PenTAce: checks 
IncProFit: bets $0.51
PenTAce: calls $0.51
*** RIVER *** [Ks 6s 3c 5c] [Kc]
PenTAce: checks 
IncProFit: bets $1.99
PenTAce: calls $1.99
*** SHOW DOWN ***
IncProFit: shows [Kd Qd] (three of a kind, Kings)
PenTAce: shows [Kh Qh] (three of a kind, Kings)
PenTAce collected $2.74 from pot
IncProFit collected $2.73 from pot
*** SUMMARY ***
Total pot $5.71 | Rake $0.24 
Board [Ks 6s 3c 5c Kc]
Seat 1: IncProFit (button) showed [Kd Qd] and won ($2.73) with three of a kind, Kings
Seat 2: PenTAce (small blind) showed [Kh Qh] and won ($2.74) with three of a kind, Kings
Seat 3: Bluecrust (big blind) folded before Flop
Seat 4: HubertusB folded before Flop (didn't bet)
Seat 5: david_sara83 folded before Flop (didn't bet)
Seat 6: Cnaty91 folded before Flop (didn't bet)



PokerStars Zoom Hand #186958216686:  Hold'em No Limit ($0.02/$0.05) - 2018/05/28 22:56:27 CCT [2018/05/28 10:56:27 ET]
Table 'Donati' 6-max Seat #1 is the button
Seat 1: tigra537 ($1.77 in chips) 
Seat 2: Tqlkkk-_- ($5.09 in chips) 
Seat 3: El-Choco0815 ($5.84 in chips) 
Seat 4: geworik ($5 in chips) 
Seat 5: yurimakk ($4.80 in chips) 
Seat 6: HubertusB ($4.67 in chips) 
Tqlkkk-_-: posts small blind $0.02
El-Choco0815: posts big blind $0.05
*** HOLE CARDS ***
Dealt to HubertusB [5s Ts]
geworik: folds 
yurimakk: folds 
HubertusB: folds 
tigra537: folds 
Tqlkkk-_-: raises $0.10 to $0.15
El-Choco0815: calls $0.10
*** FLOP *** [Js Ad Ks]
Tqlkkk-_-: bets $0.19
El-Choco0815: raises $0.81 to $1
Tqlkkk-_-: folds 
Uncalled bet ($0.81) returned to El-Choco0815
El-Choco0815 collected $0.65 from pot
El-Choco0815: doesn't show hand 
*** SUMMARY ***
Total pot $0.68 | Rake $0.03 
Board [Js Ad Ks]
Seat 1: tigra537 (button) folded before Flop (didn't bet)
Seat 2: Tqlkkk-_- (small blind) folded on the Flop
Seat 3: El-Choco0815 (big blind) collected ($0.65)
Seat 4: geworik folded before Flop (didn't bet)
Seat 5: yurimakk folded before Flop (didn't bet)
Seat 6: HubertusB folded before Flop (didn't bet)



PokerStars Zoom Hand #186958229278:  Hold'em No Limit ($0.02/$0.05) - 2018/05/28 22:56:56 CCT [2018/05/28 10:56:56 ET]
Table 'Donati' 6-max Seat #1 is the button
Seat 1: ssak07 ($5.39 in chips) 
Seat 2: F1911P ($19.41 in chips) 
Seat 3: Mikhaylov St ($9.12 in chips) 
Seat 4: HubertusB ($4.65 in chips) 
Seat 5: Cooper Huang ($7.33 in chips) 
Seat 6: tiga92 ($5.35 in chips) 
F1911P: posts small blind $0.02
Mikhaylov St: posts big blind $0.05
*** HOLE CARDS ***
Dealt to HubertusB [Ah 3s]
HubertusB: folds 
Cooper Huang: folds 
tiga92: raises $0.10 to $0.15
ssak07: folds 
F1911P: folds 
Mikhaylov St: folds 
Uncalled bet ($0.10) returned to tiga92
tiga92 collected $0.12 from pot
tiga92: doesn't show hand 
*** SUMMARY ***
Total pot $0.12 | Rake $0 
Seat 1: ssak07 (button) folded before Flop (didn't bet)
Seat 2: F1911P (small blind) folded before Flop
Seat 3: Mikhaylov St (big blind) folded before Flop
Seat 4: HubertusB folded before Flop (didn't bet)
Seat 5: Cooper Huang folded before Flop (didn't bet)
Seat 6: tiga92 collected ($0.12)



PokerStars Zoom Hand #186958219242:  Hold'em No Limit ($0.02/$0.05) - 2018/05/28 22:56:33 CCT [2018/05/28 10:56:33 ET]
Table 'Donati' 6-max Seat #1 is the button
Seat 1: Heteroconger ($5 in chips) 
Seat 2: HubertusB ($4.67 in chips) 
Seat 3: fedy1328 ($5.13 in chips) 
Seat 4: MoòSh ($5.98 in chips) 
Seat 5: alioch211 ($6.97 in chips) 
Seat 6: iLLuRi ($5.18 in chips) 
HubertusB: posts small blind $0.02
fedy1328: posts big blind $0.05
*** HOLE CARDS ***
Dealt to HubertusB [5h 5s]
MoòSh: folds 
alioch211: raises $0.10 to $0.15
iLLuRi: folds 
Heteroconger: folds 
HubertusB: folds 
fedy1328: calls $0.10
*** FLOP *** [Qd Js Qc]
fedy1328: checks 
alioch211: bets $0.16
fedy1328: calls $0.16
*** TURN *** [Qd Js Qc] [2s]
fedy1328: checks 
alioch211: bets $0.31
fedy1328: calls $0.31
*** RIVER *** [Qd Js Qc 2s] [Th]
fedy1328: checks 
alioch211: checks 
*** SHOW DOWN ***
fedy1328: shows [Jd Ah] (two pair, Queens and Jacks)
alioch211: mucks hand 
fedy1328 collected $1.21 from pot
*** SUMMARY ***
Total pot $1.26 | Rake $0.05 
Board [Qd Js Qc 2s Th]
Seat 1: Heteroconger (button) folded before Flop (didn't bet)
Seat 2: HubertusB (small blind) folded before Flop
Seat 3: fedy1328 (big blind) showed [Jd Ah] and won ($1.21) with two pair, Queens and Jacks
Seat 4: MoòSh folded before Flop (didn't bet)
Seat 5: alioch211 mucked [3h 3c]
Seat 6: iLLuRi folded before Flop (didn't bet)



PokerStars Zoom Hand #186958226648:  Hold'em No Limit ($0.02/$0.05) - 2018/05/28 22:56:50 CCT [2018/05/28 10:56:50 ET]
Table 'Donati' 6-max Seat #1 is the button
Seat 1: TikeTake ($3.92 in chips) 
Seat 2: Amandawow ($2.14 in chips) 
Seat 3: What's tha! ($12.58 in chips) 
Seat 4: whipwhipcn ($8.74 in chips) 
Seat 5: HubertusB ($4.65 in chips) 
Seat 6: spamec ($9.81 in chips) 
Amandawow: posts small blind $0.02
What's tha!: posts big blind $0.05
*** HOLE CARDS ***
Dealt to HubertusB [7h Jc]
whipwhipcn: folds 
HubertusB: folds 
spamec: raises $0.10 to $0.15
TikeTake: folds 
Amandawow: folds 
What's tha!: folds 
Uncalled bet ($0.10) returned to spamec
spamec collected $0.12 from pot
spamec: doesn't show hand 
*** SUMMARY ***
Total pot $0.12 | Rake $0 
Seat 1: TikeTake (button) folded before Flop (didn't bet)
Seat 2: Amandawow (small blind) folded before Flop
Seat 3: What's tha! (big blind) folded before Flop
Seat 4: whipwhipcn folded before Flop (didn't bet)
Seat 5: HubertusB folded before Flop (didn't bet)
Seat 6: spamec collected ($0.12)



PokerStars Zoom Hand #186958231382:  Hold'em No Limit ($0.02/$0.05) - 2018/05/28 22:57:01 CCT [2018/05/28 10:57:01 ET]
Table 'Donati' 6-max Seat #1 is the button
Seat 1: ValentjNN ($4 in chips) 
Seat 2: Radomir 26 ($5 in chips) 
Seat 3: HubertusB ($4.65 in chips) 
Seat 4: Arxelaj1983 ($4.05 in chips) 
Seat 5: fr1sson ($5 in chips) 
Seat 6: tolfdirr ($5 in chips) 
Radomir 26: posts small blind $0.02
HubertusB: posts big blind $0.05
*** HOLE CARDS ***
Dealt to HubertusB [Jd Th]
Arxelaj1983: calls $0.05
fr1sson: folds 
tolfdirr: folds 
ValentjNN: folds 
Radomir 26: folds 
HubertusB: checks 
*** FLOP *** [7h 7d 5d]
HubertusB: checks 
Arxelaj1983: bets $0.12
HubertusB: folds 
Uncalled bet ($0.12) returned to Arxelaj1983
Arxelaj1983 collected $0.12 from pot
Arxelaj1983: doesn't show hand 
*** SUMMARY ***
Total pot $0.12 | Rake $0 
Board [7h 7d 5d]
Seat 1: ValentjNN (button) folded before Flop (didn't bet)
Seat 2: Radomir 26 (small blind) folded before Flop
Seat 3: HubertusB (big blind) folded on the Flop
Seat 4: Arxelaj1983 collected ($0.12)
Seat 5: fr1sson folded before Flop (didn't bet)
Seat 6: tolfdirr folded before Flop (didn't bet)



PokerStars Zoom Hand #186958240090:  Hold'em No Limit ($0.02/$0.05) - 2018/05/28 22:57:21 CCT [2018/05/28 10:57:21 ET]
Table 'Donati' 6-max Seat #1 is the button
Seat 1: Russkiy499 ($2.24 in chips) 
Seat 2: HubertusB ($4.60 in chips) 
Seat 3: FightMe!-LOOSER ($5.92 in chips) 
Seat 4: nagadon ($6.05 in chips) 
Seat 5: ioanna576 ($5.81 in chips) 
Seat 6: Dasperin ($10.30 in chips) 
HubertusB: posts small blind $0.02
FightMe!-LOOSER: posts big blind $0.05
*** HOLE CARDS ***
Dealt to HubertusB [Kh Kc]
nagadon: folds 
ioanna576: folds 
Dasperin: folds 
Russkiy499: calls $0.05
HubertusB: raises $0.25 to $0.30
FightMe!-LOOSER: folds 
Russkiy499: calls $0.25
*** FLOP *** [5c Ah 7h]
HubertusB: checks 
Russkiy499: bets $0.30
HubertusB: calls $0.30
*** TURN *** [5c Ah 7h] [8c]
HubertusB: checks 
Russkiy499: bets $0.60
HubertusB: calls $0.60
*** RIVER *** [5c Ah 7h 8c] [7c]
HubertusB: checks 
Russkiy499: checks 
*** SHOW DOWN ***
HubertusB: shows [Kh Kc] (two pair, Kings and Sevens)
Russkiy499: shows [Ac 3c] (a flush, Ace high)
Russkiy499 collected $2.35 from pot
*** SUMMARY ***
Total pot $2.45 | Rake $0.10 
Board [5c Ah 7h 8c 7c]
Seat 1: Russkiy499 (button) showed [Ac 3c] and won ($2.35) with a flush, Ace high
Seat 2: HubertusB (small blind) showed [Kh Kc] and lost with two pair, Kings and Sevens
Seat 3: FightMe!-LOOSER (big blind) folded before Flop
Seat 4: nagadon folded before Flop (didn't bet)
Seat 5: ioanna576 folded before Flop (didn't bet)
Seat 6: Dasperin folded before Flop (didn't bet)



PokerStars Zoom Hand #186958275049:  Hold'em No Limit ($0.02/$0.05) - 2018/05/28 22:58:42 CCT [2018/05/28 10:58:42 ET]
Table 'Donati' 6-max Seat #1 is the button
Seat 1: HubertusB ($3.40 in chips) 
Seat 2: Region059 ($5 in chips) 
Seat 3: kingblockus ($4.54 in chips) 
Seat 4: reuscaelum ($5.19 in chips) 
Seat 5: born8sleepy ($6.27 in chips) 
Seat 6: Russkiy499 ($3.39 in chips) 
Region059: posts small blind $0.02
kingblockus: posts big blind $0.05
*** HOLE CARDS ***
Dealt to HubertusB [4c 3h]
reuscaelum: folds 
born8sleepy: folds 
Russkiy499: folds 
HubertusB: folds 
Region059: folds 
Uncalled bet ($0.03) returned to kingblockus
kingblockus collected $0.04 from pot
kingblockus: doesn't show hand 
*** SUMMARY ***
Total pot $0.04 | Rake $0 
Seat 1: HubertusB (button) folded before Flop (didn't bet)
Seat 2: Region059 (small blind) folded before Flop
Seat 3: kingblockus (big blind) collected ($0.04)
Seat 4: reuscaelum folded before Flop (didn't bet)
Seat 5: born8sleepy folded before Flop (didn't bet)
Seat 6: Russkiy499 folded before Flop (didn't bet)



PokerStars Zoom Hand #186958281156:  Hold'em No Limit ($0.02/$0.05) - 2018/05/28 22:58:56 CCT [2018/05/28 10:58:56 ET]
Table 'Donati' 6-max Seat #1 is the button
Seat 1: F1895 ($5.26 in chips) 
Seat 2: 3mari&mila6 ($5 in chips) 
Seat 3: HubertusB ($3.40 in chips) 
Seat 4: Heteroconger ($5.59 in chips) 
Seat 5: SuperleskVix ($5.75 in chips) 
Seat 6: polaczek0987 ($4.55 in chips) 
3mari&mila6: posts small blind $0.02
HubertusB: posts big blind $0.05
*** HOLE CARDS ***
Dealt to HubertusB [Js 3s]
Heteroconger: folds 
SuperleskVix: folds 
polaczek0987: folds 
F1895: folds 
3mari&mila6: folds 
Uncalled bet ($0.03) returned to HubertusB
HubertusB collected $0.04 from pot
HubertusB: doesn't show hand 
*** SUMMARY ***
Total pot $0.04 | Rake $0 
Seat 1: F1895 (button) folded before Flop (didn't bet)
Seat 2: 3mari&mila6 (small blind) folded before Flop
Seat 3: HubertusB (big blind) collected ($0.04)
Seat 4: Heteroconger folded before Flop (didn't bet)
Seat 5: SuperleskVix folded before Flop (didn't bet)
Seat 6: polaczek0987 folded before Flop (didn't bet)



PokerStars Zoom Hand #186958277658:  Hold'em No Limit ($0.02/$0.05) - 2018/05/28 22:58:48 CCT [2018/05/28 10:58:48 ET]
Table 'Donati' 6-max Seat #1 is the button
Seat 1: polaczek0987 ($5.01 in chips) 
Seat 2: reuscaelum ($5.19 in chips) 
Seat 3: zibertmen ($5.09 in chips) 
Seat 4: Bit13i ($15.47 in chips) 
Seat 5: nagadon ($6.56 in chips) 
Seat 6: HubertusB ($3.40 in chips) 
reuscaelum: posts small blind $0.02
zibertmen: posts big blind $0.05
*** HOLE CARDS ***
Dealt to HubertusB [Qd 2h]
Bit13i: folds 
nagadon: raises $0.10 to $0.15
HubertusB: folds 
polaczek0987: raises $0.37 to $0.52
reuscaelum: folds 
zibertmen: folds 
nagadon: calls $0.37
*** FLOP *** [Ad Jc 8d]
nagadon: checks 
polaczek0987: bets $0.71
nagadon: raises $1.24 to $1.95
polaczek0987: folds 
Uncalled bet ($1.24) returned to nagadon
nagadon collected $2.43 from pot
nagadon: doesn't show hand 
*** SUMMARY ***
Total pot $2.53 | Rake $0.10 
Board [Ad Jc 8d]
Seat 1: polaczek0987 (button) folded on the Flop
Seat 2: reuscaelum (small blind) folded before Flop
Seat 3: zibertmen (big blind) folded before Flop
Seat 4: Bit13i folded before Flop (didn't bet)
Seat 5: nagadon collected ($2.43)
Seat 6: HubertusB folded before Flop (didn't bet)



PokerStars Zoom Hand #186958285396:  Hold'em No Limit ($0.02/$0.05) - 2018/05/28 22:59:06 CCT [2018/05/28 10:59:06 ET]
Table 'Donati' 6-max Seat #1 is the button
Seat 1: Podie89 ($5.09 in chips) 
Seat 2: Cnaty91 ($10.56 in chips) 
Seat 3: Faku710 ($7.99 in chips) 
Seat 4: JoelHunt007 ($5 in chips) 
Seat 5: HubertusB ($3.42 in chips) 
Seat 6: Bluecrust ($19.39 in chips) 
Cnaty91: posts small blind $0.02
Faku710: posts big blind $0.05
*** HOLE CARDS ***
Dealt to HubertusB [2h 6c]
JoelHunt007: folds 
HubertusB: folds 
Bluecrust: folds 
Podie89: folds 
Cnaty91: folds 
Uncalled bet ($0.03) returned to Faku710
Faku710 collected $0.04 from pot
Faku710: doesn't show hand 
*** SUMMARY ***
Total pot $0.04 | Rake $0 
Seat 1: Podie89 (button) folded before Flop (didn't bet)
Seat 2: Cnaty91 (small blind) folded before Flop
Seat 3: Faku710 (big blind) collected ($0.04)
Seat 4: JoelHunt007 folded before Flop (didn't bet)
Seat 5: HubertusB folded before Flop (didn't bet)
Seat 6: Bluecrust folded before Flop (didn't bet)



PokerStars Zoom Hand #186958290348:  Hold'em No Limit ($0.02/$0.05) - 2018/05/28 22:59:17 CCT [2018/05/28 10:59:17 ET]
Table 'Donati' 6-max Seat #1 is the button
Seat 1: HubertusB ($3.42 in chips) 
Seat 2: DreadF0ol ($13.46 in chips) 
Seat 3: ValentjNN ($4.60 in chips) 
Seat 4: KidMilka ($7.43 in chips) 
Seat 5: lz3500 ($4.99 in chips) 
Seat 6: 6e3_LLIaHcoB ($9.49 in chips) 
DreadF0ol: posts small blind $0.02
ValentjNN: posts big blind $0.05
*** HOLE CARDS ***
Dealt to HubertusB [2d 9c]
KidMilka: raises $0.10 to $0.15
lz3500: folds 
6e3_LLIaHcoB: folds 
HubertusB: folds 
DreadF0ol: folds 
ValentjNN: folds 
Uncalled bet ($0.10) returned to KidMilka
KidMilka collected $0.12 from pot
KidMilka: doesn't show hand 
*** SUMMARY ***
Total pot $0.12 | Rake $0 
Seat 1: HubertusB (button) folded before Flop (didn't bet)
Seat 2: DreadF0ol (small blind) folded before Flop
Seat 3: ValentjNN (big blind) folded before Flop
Seat 4: KidMilka collected ($0.12)
Seat 5: lz3500 folded before Flop (didn't bet)
Seat 6: 6e3_LLIaHcoB folded before Flop (didn't bet)



PokerStars Zoom Hand #186958288092:  Hold'em No Limit ($0.02/$0.05) - 2018/05/28 22:59:12 CCT [2018/05/28 10:59:12 ET]
Table 'Donati' 6-max Seat #1 is the button
Seat 1: baslim62 ($4.82 in chips) 
Seat 2: Callboyy ($8.85 in chips) 
Seat 3: xerocross ($2.68 in chips) 
Seat 4: HubertusB ($3.42 in chips) 
Seat 5: whitedust666 ($3.80 in chips) 
Seat 6: Fredrix_2012 ($5.98 in chips) 
Callboyy: posts small blind $0.02
xerocross: posts big blind $0.05
*** HOLE CARDS ***
Dealt to HubertusB [9d Kh]
HubertusB: folds 
whitedust666: folds 
Fredrix_2012: calls $0.05
baslim62: folds 
Callboyy: folds 
xerocross: checks 
*** FLOP *** [Qh Jh 4d]
xerocross: bets $0.08
Fredrix_2012: folds 
Uncalled bet ($0.08) returned to xerocross
xerocross collected $0.12 from pot
xerocross: doesn't show hand 
*** SUMMARY ***
Total pot $0.12 | Rake $0 
Board [Qh Jh 4d]
Seat 1: baslim62 (button) folded before Flop (didn't bet)
Seat 2: Callboyy (small blind) folded before Flop
Seat 3: xerocross (big blind) collected ($0.12)
Seat 4: HubertusB folded before Flop (didn't bet)
Seat 5: whitedust666 folded before Flop (didn't bet)
Seat 6: Fredrix_2012 folded on the Flop



PokerStars Zoom Hand #186958295125:  Hold'em No Limit ($0.02/$0.05) - 2018/05/28 22:59:28 CCT [2018/05/28 10:59:28 ET]
Table 'Donati' 6-max Seat #1 is the button
Seat 1: crowfish.cz ($6.12 in chips) 
Seat 2: HubertusB ($3.42 in chips) 
Seat 3: FFForasteiro ($12.13 in chips) 
Seat 4: PenTAce ($7.40 in chips) 
Seat 5: TikeTake ($4.08 in chips) 
Seat 6: MD'forik' ($3.21 in chips) 
HubertusB: posts small blind $0.02
FFForasteiro: posts big blind $0.05
*** HOLE CARDS ***
Dealt to HubertusB [8d Ah]
PenTAce: raises $0.06 to $0.11
TikeTake: folds 
MD'forik': folds 
crowfish.cz: folds 
HubertusB: folds 
FFForasteiro: folds 
Uncalled bet ($0.06) returned to PenTAce
PenTAce collected $0.12 from pot
PenTAce: doesn't show hand 
*** SUMMARY ***
Total pot $0.12 | Rake $0 
Seat 1: crowfish.cz (button) folded before Flop (didn't bet)
Seat 2: HubertusB (small blind) folded before Flop
Seat 3: FFForasteiro (big blind) folded before Flop
Seat 4: PenTAce collected ($0.12)
Seat 5: TikeTake folded before Flop (didn't bet)
Seat 6: MD'forik' folded before Flop (didn't bet)



PokerStars Zoom Hand #186958297830:  Hold'em No Limit ($0.02/$0.05) - 2018/05/28 22:59:34 CCT [2018/05/28 10:59:34 ET]
Table 'Donati' 6-max Seat #1 is the button
Seat 1: id e6y_1 ($2.51 in chips) 
Seat 2: AJ_MacCash ($5.99 in chips) 
Seat 3: bubsqueak ($3.09 in chips) 
Seat 4: obkormylo ($4.96 in chips) 
Seat 5: U_RULIA ($6.80 in chips) 
Seat 6: HubertusB ($3.40 in chips) 
AJ_MacCash: posts small blind $0.02
bubsqueak: posts big blind $0.05
*** HOLE CARDS ***
Dealt to HubertusB [3h 7h]
obkormylo: raises $0.10 to $0.15
U_RULIA: calls $0.15
HubertusB: folds 
id e6y_1: folds 
AJ_MacCash: calls $0.13
bubsqueak: folds 
*** FLOP *** [8d As 7c]
AJ_MacCash: checks 
obkormylo: checks 
U_RULIA: bets $0.20
AJ_MacCash: folds 
obkormylo: folds 
Uncalled bet ($0.20) returned to U_RULIA
U_RULIA collected $0.48 from pot
U_RULIA: doesn't show hand 
*** SUMMARY ***
Total pot $0.50 | Rake $0.02 
Board [8d As 7c]
Seat 1: id e6y_1 (button) folded before Flop (didn't bet)
Seat 2: AJ_MacCash (small blind) folded on the Flop
Seat 3: bubsqueak (big blind) folded before Flop
Seat 4: obkormylo folded on the Flop
Seat 5: U_RULIA collected ($0.48)
Seat 6: HubertusB folded before Flop (didn't bet)



PokerStars Zoom Hand #186958307512:  Hold'em No Limit ($0.02/$0.05) - 2018/05/28 22:59:56 CCT [2018/05/28 10:59:56 ET]
Table 'Donati' 6-max Seat #1 is the button
Seat 1: scotseng ($4.03 in chips) 
Seat 2: sepik200 ($4.95 in chips) 
Seat 3: lz3500 ($4.97 in chips) 
Seat 4: HubertusB ($3.35 in chips) 
Seat 5: temujing_ ($9.31 in chips) 
Seat 6: 6e3_LLIaHcoB ($5.49 in chips) 
sepik200: posts small blind $0.02
lz3500: posts big blind $0.05
*** HOLE CARDS ***
Dealt to HubertusB [6d 9s]
HubertusB: folds 
temujing_: folds 
6e3_LLIaHcoB: folds 
scotseng: folds 
sepik200: folds 
Uncalled bet ($0.03) returned to lz3500
lz3500 collected $0.04 from pot
lz3500: doesn't show hand 
*** SUMMARY ***
Total pot $0.04 | Rake $0 
Seat 1: scotseng (button) folded before Flop (didn't bet)
Seat 2: sepik200 (small blind) folded before Flop
Seat 3: lz3500 (big blind) collected ($0.04)
Seat 4: HubertusB folded before Flop (didn't bet)
Seat 5: temujing_ folded before Flop (didn't bet)
Seat 6: 6e3_LLIaHcoB folded before Flop (didn't bet)



PokerStars Zoom Hand #186958300099:  Hold'em No Limit ($0.02/$0.05) - 2018/05/28 22:59:39 CCT [2018/05/28 10:59:39 ET]
Table 'Donati' 6-max Seat #1 is the button
Seat 1: HubertusB ($3.40 in chips) 
Seat 2: xerocross ($2.75 in chips) 
Seat 3: Se4ilinikogr3 ($6.75 in chips) 
Seat 4: Bluecrust ($19.22 in chips) 
Seat 5: Kruzer20 ($5.84 in chips) 
Seat 6: fedy1328 ($5.11 in chips) 
xerocross: posts small blind $0.02
Se4ilinikogr3: posts big blind $0.05
*** HOLE CARDS ***
Dealt to HubertusB [2d 6c]
Bluecrust: folds 
Kruzer20: folds 
fedy1328: folds 
HubertusB: folds 
xerocross: calls $0.03
Se4ilinikogr3: checks 
*** FLOP *** [8d 4h Jh]
xerocross: bets $0.08
Se4ilinikogr3: calls $0.08
*** TURN *** [8d 4h Jh] [Jd]
xerocross: checks 
Se4ilinikogr3: bets $0.17
xerocross: folds 
Uncalled bet ($0.17) returned to Se4ilinikogr3
Se4ilinikogr3 collected $0.25 from pot
Se4ilinikogr3: doesn't show hand 
*** SUMMARY ***
Total pot $0.26 | Rake $0.01 
Board [8d 4h Jh Jd]
Seat 1: HubertusB (button) folded before Flop (didn't bet)
Seat 2: xerocross (small blind) folded on the Turn
Seat 3: Se4ilinikogr3 (big blind) collected ($0.25)
Seat 4: Bluecrust folded before Flop (didn't bet)
Seat 5: Kruzer20 folded before Flop (didn't bet)
Seat 6: fedy1328 folded before Flop (didn't bet)



PokerStars Zoom Hand #186958310119:  Hold'em No Limit ($0.02/$0.05) - 2018/05/28 23:00:02 CCT [2018/05/28 11:00:02 ET]
Table 'Donati' 6-max Seat #1 is the button
Seat 1: Gubonyi ($14.04 in chips) 
Seat 2: HubertusB ($3.35 in chips) 
Seat 3: DirtyDeedz1 ($8.97 in chips) 
Seat 4: Revizor.TsD ($4.94 in chips) 
Seat 5: Dasperin ($5 in chips) 
Seat 6: ioanna576 ($5.49 in chips) 
HubertusB: posts small blind $0.02
DirtyDeedz1: posts big blind $0.05
*** HOLE CARDS ***
Dealt to HubertusB [Qc Ks]
Revizor.TsD: folds 
Dasperin: folds 
ioanna576: folds 
Gubonyi: folds 
HubertusB: raises $0.10 to $0.15
DirtyDeedz1: folds 
Uncalled bet ($0.10) returned to HubertusB
HubertusB collected $0.10 from pot
HubertusB: doesn't show hand 
*** SUMMARY ***
Total pot $0.10 | Rake $0 
Seat 1: Gubonyi (button) folded before Flop (didn't bet)
Seat 2: HubertusB (small blind) collected ($0.10)
Seat 3: DirtyDeedz1 (big blind) folded before Flop
Seat 4: Revizor.TsD folded before Flop (didn't bet)
Seat 5: Dasperin folded before Flop (didn't bet)
Seat 6: ioanna576 folded before Flop (didn't bet)



PokerStars Zoom Hand #186958317701:  Hold'em No Limit ($0.02/$0.05) - 2018/05/28 23:00:19 CCT [2018/05/28 11:00:19 ET]
Table 'Donati' 6-max Seat #1 is the button
Seat 1: Fighter485 ($6.08 in chips) 
Seat 2: JoelHunt007 ($5.11 in chips) 
Seat 3: erik4o21 ($12.34 in chips) 
Seat 4: pocketfetish ($5 in chips) 
Seat 5: levathon ($5.75 in chips) 
Seat 6: HubertusB ($3.40 in chips) 
JoelHunt007: posts small blind $0.02
erik4o21: posts big blind $0.05
*** HOLE CARDS ***
Dealt to HubertusB [3h 3d]
pocketfetish: folds 
levathon: folds 
HubertusB: raises $0.05 to $0.10
Fighter485: folds 
JoelHunt007: folds 
erik4o21: folds 
Uncalled bet ($0.05) returned to HubertusB
HubertusB collected $0.12 from pot
HubertusB: doesn't show hand 
*** SUMMARY ***
Total pot $0.12 | Rake $0 
Seat 1: Fighter485 (button) folded before Flop (didn't bet)
Seat 2: JoelHunt007 (small blind) folded before Flop
Seat 3: erik4o21 (big blind) folded before Flop
Seat 4: pocketfetish folded before Flop (didn't bet)
Seat 5: levathon folded before Flop (didn't bet)
Seat 6: HubertusB collected ($0.12)



PokerStars Zoom Hand #186958305304:  Hold'em No Limit ($0.02/$0.05) - 2018/05/28 22:59:51 CCT [2018/05/28 10:59:51 ET]
Table 'Donati' 6-max Seat #1 is the button
Seat 1: danikusman ($3.71 in chips) 
Seat 2: JoelHunt007 ($5.45 in chips) 
Seat 3: Wang988 ($9.20 in chips) 
Seat 4: AresoJEB ($3.17 in chips) 
Seat 5: HubertusB ($3.35 in chips) 
Seat 6: Cnaty91 ($5 in chips) 
JoelHunt007: posts small blind $0.02
Wang988: posts big blind $0.05
*** HOLE CARDS ***
Dealt to HubertusB [3h Ks]
AresoJEB: folds 
HubertusB: folds 
Cnaty91: folds 
danikusman: folds 
JoelHunt007: calls $0.03
Wang988: checks 
*** FLOP *** [Qh Kc 8d]
JoelHunt007: checks 
Wang988: checks 
*** TURN *** [Qh Kc 8d] [Jd]
JoelHunt007: checks 
Wang988: checks 
*** RIVER *** [Qh Kc 8d Jd] [Ac]
JoelHunt007: checks 
Wang988: checks 
*** SHOW DOWN ***
JoelHunt007: shows [4c 5s] (high card Ace)
Wang988: shows [8h 3c] (a pair of Eights)
Wang988 collected $0.10 from pot
*** SUMMARY ***
Total pot $0.10 | Rake $0 
Board [Qh Kc 8d Jd Ac]
Seat 1: danikusman (button) folded before Flop (didn't bet)
Seat 2: JoelHunt007 (small blind) showed [4c 5s] and lost with high card Ace
Seat 3: Wang988 (big blind) showed [8h 3c] and won ($0.10) with a pair of Eights
Seat 4: AresoJEB folded before Flop (didn't bet)
Seat 5: HubertusB folded before Flop (didn't bet)
Seat 6: Cnaty91 folded before Flop (didn't bet)



PokerStars Zoom Hand #186958302277:  Hold'em No Limit ($0.02/$0.05) - 2018/05/28 22:59:44 CCT [2018/05/28 10:59:44 ET]
Table 'Donati' 6-max Seat #1 is the button
Seat 1: zbrodnia ($5.22 in chips) 
Seat 2: fiana1968 ($4.87 in chips) 
Seat 3: HubertusB ($3.40 in chips) 
Seat 4: Merza1 ($3.36 in chips) 
Seat 5: anorectal ($18.50 in chips) 
Seat 6: animackx ($4.95 in chips) 
fiana1968: posts small blind $0.02
HubertusB: posts big blind $0.05
*** HOLE CARDS ***
Dealt to HubertusB [5h 9c]
Merza1: calls $0.05
anorectal: raises $0.05 to $0.10
animackx: folds 
zbrodnia: calls $0.10
fiana1968: folds 
HubertusB: folds 
Merza1: calls $0.05
*** FLOP *** [5c 3c Th]
Merza1: checks 
anorectal: bets $0.26
zbrodnia: folds 
Merza1: calls $0.26
*** TURN *** [5c 3c Th] [2c]
Merza1: checks 
anorectal: bets $0.64
Merza1: calls $0.64
*** RIVER *** [5c 3c Th 2c] [4s]
Merza1: bets $1.05
anorectal: calls $1.05
*** SHOW DOWN ***
Merza1: shows [6c 4c] (a straight flush, Deuce to Six)
anorectal: mucks hand 
Merza1 collected $4.09 from pot
*** SUMMARY ***
Total pot $4.27 | Rake $0.18 
Board [5c 3c Th 2c 4s]
Seat 1: zbrodnia (button) folded on the Flop
Seat 2: fiana1968 (small blind) folded before Flop
Seat 3: HubertusB (big blind) folded before Flop
Seat 4: Merza1 showed [6c 4c] and won ($4.09) with a straight flush, Deuce to Six
Seat 5: anorectal mucked [Jd Js]
Seat 6: animackx folded before Flop (didn't bet)



PokerStars Zoom Hand #186958322994:  Hold'em No Limit ($0.02/$0.05) - 2018/05/28 23:00:31 CCT [2018/05/28 11:00:31 ET]
Table 'Donati' 6-max Seat #1 is the button
Seat 1: HubertusB ($3.47 in chips) 
Seat 2: polaczek0987 ($3.66 in chips) 
Seat 3: Rednext ($5.16 in chips) 
Seat 4: kliha888 ($5.07 in chips) 
Seat 5: SirSavagery ($5 in chips) 
Seat 6: Anusnimus ($5.40 in chips) 
polaczek0987: posts small blind $0.02
Rednext: posts big blind $0.05
*** HOLE CARDS ***
Dealt to HubertusB [8c Kh]
kliha888: folds 
SirSavagery: folds 
Anusnimus: raises $0.07 to $0.12
HubertusB: folds 
polaczek0987: folds 
Rednext: folds 
Uncalled bet ($0.07) returned to Anusnimus
Anusnimus collected $0.12 from pot
Anusnimus: doesn't show hand 
*** SUMMARY ***
Total pot $0.12 | Rake $0 
Seat 1: HubertusB (button) folded before Flop (didn't bet)
Seat 2: polaczek0987 (small blind) folded before Flop
Seat 3: Rednext (big blind) folded before Flop
Seat 4: kliha888 folded before Flop (didn't bet)
Seat 5: SirSavagery folded before Flop (didn't bet)
Seat 6: Anusnimus collected ($0.12)



PokerStars Zoom Hand #186958327488:  Hold'em No Limit ($0.02/$0.05) - 2018/05/28 23:00:41 CCT [2018/05/28 11:00:41 ET]
Table 'Donati' 6-max Seat #1 is the button
Seat 1: pointout91 ($7.02 in chips) 
Seat 2: Lakedra ($5.25 in chips) 
Seat 3: Region059 ($5.11 in chips) 
Seat 4: HubertusB ($3.47 in chips) 
Seat 5: MicroLocoNL ($5 in chips) 
Seat 6: oflori ($5 in chips) 
Lakedra: posts small blind $0.02
Region059: posts big blind $0.05
*** HOLE CARDS ***
Dealt to HubertusB [4c 6s]
HubertusB: folds 
MicroLocoNL: folds 
oflori: folds 
pointout91: folds 
Lakedra: folds 
Uncalled bet ($0.03) returned to Region059
Region059 collected $0.04 from pot
Region059: doesn't show hand 
*** SUMMARY ***
Total pot $0.04 | Rake $0 
Seat 1: pointout91 (button) folded before Flop (didn't bet)
Seat 2: Lakedra (small blind) folded before Flop
Seat 3: Region059 (big blind) collected ($0.04)
Seat 4: HubertusB folded before Flop (didn't bet)
Seat 5: MicroLocoNL folded before Flop (didn't bet)
Seat 6: oflori folded before Flop (didn't bet)



PokerStars Zoom Hand #186958335360:  Hold'em No Limit ($0.02/$0.05) - 2018/05/28 23:00:58 CCT [2018/05/28 11:00:58 ET]
Table 'Donati' 6-max Seat #1 is the button
Seat 1: HubertusB ($3.40 in chips) 
Seat 2: firelex1 ($10.58 in chips) 
Seat 3: haantje ($2.93 in chips) 
Seat 4: TheInslayer777 ($1.81 in chips) 
Seat 5: blindfelt21 ($2.98 in chips) 
Seat 6: Anusnimus ($5.65 in chips) 
firelex1: posts small blind $0.02
haantje: posts big blind $0.05
*** HOLE CARDS ***
Dealt to HubertusB [2h 4d]
TheInslayer777: raises $1.76 to $1.81 and is all-in
blindfelt21: folds 
Anusnimus: folds 
HubertusB: folds 
firelex1: folds 
haantje: folds 
Uncalled bet ($1.76) returned to TheInslayer777
TheInslayer777 collected $0.12 from pot
TheInslayer777: doesn't show hand 
*** SUMMARY ***
Total pot $0.12 | Rake $0 
Seat 1: HubertusB (button) folded before Flop (didn't bet)
Seat 2: firelex1 (small blind) folded before Flop
Seat 3: haantje (big blind) folded before Flop
Seat 4: TheInslayer777 collected ($0.12)
Seat 5: blindfelt21 folded before Flop (didn't bet)
Seat 6: Anusnimus folded before Flop (didn't bet)



PokerStars Zoom Hand #186958325279:  Hold'em No Limit ($0.02/$0.05) - 2018/05/28 23:00:36 CCT [2018/05/28 11:00:36 ET]
Table 'Donati' 6-max Seat #1 is the button
Seat 1: polaczek0987 ($3.64 in chips) 
Seat 2: Lacky_DNK ($4.51 in chips) 
Seat 3: Amandawow ($2.28 in chips) 
Seat 4: T4NK.nl ($4.66 in chips) 
Seat 5: HubertusB ($3.47 in chips) 
Seat 6: levathon ($9.46 in chips) 
Lacky_DNK: posts small blind $0.02
Amandawow: posts big blind $0.05
*** HOLE CARDS ***
Dealt to HubertusB [2s 6c]
T4NK.nl: raises $0.05 to $0.10
HubertusB: folds 
levathon: folds 
polaczek0987: calls $0.10
Lacky_DNK: folds 
Amandawow: calls $0.05
*** FLOP *** [4s Jh 8s]
Amandawow: checks 
T4NK.nl: checks 
polaczek0987: checks 
*** TURN *** [4s Jh 8s] [4h]
Amandawow: checks 
T4NK.nl: bets $0.23
polaczek0987: raises $0.77 to $1
Amandawow: folds 
T4NK.nl: calls $0.77
*** RIVER *** [4s Jh 8s 4h] [Kd]
T4NK.nl: checks 
polaczek0987: bets $2.54 and is all-in
T4NK.nl: folds 
Uncalled bet ($2.54) returned to polaczek0987
polaczek0987 collected $2.22 from pot
polaczek0987: doesn't show hand 
*** SUMMARY ***
Total pot $2.32 | Rake $0.10 
Board [4s Jh 8s 4h Kd]
Seat 1: polaczek0987 (button) collected ($2.22)
Seat 2: Lacky_DNK (small blind) folded before Flop
Seat 3: Amandawow (big blind) folded on the Turn
Seat 4: T4NK.nl folded on the River
Seat 5: HubertusB folded before Flop (didn't bet)
Seat 6: levathon folded before Flop (didn't bet)



PokerStars Zoom Hand #186958333009:  Hold'em No Limit ($0.02/$0.05) - 2018/05/28 23:00:53 CCT [2018/05/28 11:00:53 ET]
Table 'Donati' 6-max Seat #1 is the button
Seat 1: eurko6 ($5.65 in chips) 
Seat 2: HubertusB ($3.42 in chips) 
Seat 3: whitewhisper ($20.82 in chips) 
Seat 4: MoòSh ($6.41 in chips) 
Seat 5: Dtoooo ($1.52 in chips) 
Seat 6: Baratrum777 ($5.34 in chips) 
HubertusB: posts small blind $0.02
whitewhisper: posts big blind $0.05
*** HOLE CARDS ***
Dealt to HubertusB [7s 5c]
MoòSh: folds 
Dtoooo: calls $0.05
Baratrum777: folds 
eurko6: raises $0.17 to $0.22
HubertusB: folds 
whitewhisper: folds 
Dtoooo: calls $0.17
*** FLOP *** [4c Qc 4s]
Dtoooo: checks 
eurko6: bets $0.30
Dtoooo: folds 
Uncalled bet ($0.30) returned to eurko6
eurko6 collected $0.49 from pot
eurko6: doesn't show hand 
*** SUMMARY ***
Total pot $0.51 | Rake $0.02 
Board [4c Qc 4s]
Seat 1: eurko6 (button) collected ($0.49)
Seat 2: HubertusB (small blind) folded before Flop
Seat 3: whitewhisper (big blind) folded before Flop
Seat 4: MoòSh folded before Flop (didn't bet)
Seat 5: Dtoooo folded on the Flop
Seat 6: Baratrum777 folded before Flop (didn't bet)



PokerStars Zoom Hand #186958337207:  Hold'em No Limit ($0.02/$0.05) - 2018/05/28 23:01:02 CCT [2018/05/28 11:01:02 ET]
Table 'Donati' 6-max Seat #1 is the button
Seat 1: david_sara83 ($5.13 in chips) 
Seat 2: NENDERS ($5 in chips) 
Seat 3: wfghh ($9.08 in chips) 
Seat 4: undersize ($5.58 in chips) 
Seat 5: tiga92 ($5.02 in chips) 
Seat 6: HubertusB ($3.40 in chips) 
NENDERS: posts small blind $0.02
wfghh: posts big blind $0.05
*** HOLE CARDS ***
Dealt to HubertusB [Js Qc]
undersize: folds 
tiga92: raises $0.10 to $0.15
HubertusB: folds 
david_sara83: folds 
NENDERS: folds 
wfghh: folds 
Uncalled bet ($0.10) returned to tiga92
tiga92 collected $0.12 from pot
tiga92: doesn't show hand 
*** SUMMARY ***
Total pot $0.12 | Rake $0 
Seat 1: david_sara83 (button) folded before Flop (didn't bet)
Seat 2: NENDERS (small blind) folded before Flop
Seat 3: wfghh (big blind) folded before Flop
Seat 4: undersize folded before Flop (didn't bet)
Seat 5: tiga92 collected ($0.12)
Seat 6: HubertusB folded before Flop (didn't bet)



PokerStars Zoom Hand #186958329801:  Hold'em No Limit ($0.02/$0.05) - 2018/05/28 23:00:46 CCT [2018/05/28 11:00:46 ET]
Table 'Donati' 6-max Seat #1 is the button
Seat 1: U_RULIA ($6.51 in chips) 
Seat 2: pocketfetish ($5.77 in chips) 
Seat 3: HubertusB ($3.47 in chips) 
Seat 4: F1895 ($6.38 in chips) 
Seat 5: Region059 ($5 in chips) 
Seat 6: wfghh ($7.71 in chips) 
pocketfetish: posts small blind $0.02
HubertusB: posts big blind $0.05
*** HOLE CARDS ***
Dealt to HubertusB [Th 4c]
F1895: folds 
Region059: raises $0.10 to $0.15
wfghh: folds 
U_RULIA: calls $0.15
pocketfetish: folds 
HubertusB: folds 
*** FLOP *** [2s Td Jc]
Region059: checks 
U_RULIA: checks 
*** TURN *** [2s Td Jc] [8h]
Region059: checks 
U_RULIA: bets $0.34
Region059: folds 
Uncalled bet ($0.34) returned to U_RULIA
U_RULIA collected $0.35 from pot
U_RULIA: doesn't show hand 
*** SUMMARY ***
Total pot $0.37 | Rake $0.02 
Board [2s Td Jc 8h]
Seat 1: U_RULIA (button) collected ($0.35)
Seat 2: pocketfetish (small blind) folded before Flop
Seat 3: HubertusB (big blind) folded before Flop
Seat 4: F1895 folded before Flop (didn't bet)
Seat 5: Region059 folded on the Turn
Seat 6: wfghh folded before Flop (didn't bet)



PokerStars Zoom Hand #186958342517:  Hold'em No Limit ($0.02/$0.05) - 2018/05/28 23:01:13 CCT [2018/05/28 11:01:13 ET]
Table 'Donati' 6-max Seat #1 is the button
Seat 1: Lakedra ($5.18 in chips) 
Seat 2: 6e3_LLIaHcoB ($5.27 in chips) 
Seat 3: Kostya Red ($5 in chips) 
Seat 4: Se4ilinikogr3 ($6.73 in chips) 
Seat 5: HubertusB ($3.40 in chips) 
Seat 6: ghost1971 ($8.08 in chips) 
6e3_LLIaHcoB: posts small blind $0.02
Kostya Red: posts big blind $0.05
*** HOLE CARDS ***
Dealt to HubertusB [5s Tc]
Se4ilinikogr3: folds 
HubertusB: folds 
ghost1971: folds 
Lakedra: raises $0.05 to $0.10
6e3_LLIaHcoB: folds 
Kostya Red: folds 
Uncalled bet ($0.05) returned to Lakedra
Lakedra collected $0.12 from pot
Lakedra: doesn't show hand 
*** SUMMARY ***
Total pot $0.12 | Rake $0 
Seat 1: Lakedra (button) collected ($0.12)
Seat 2: 6e3_LLIaHcoB (small blind) folded before Flop
Seat 3: Kostya Red (big blind) folded before Flop
Seat 4: Se4ilinikogr3 folded before Flop (didn't bet)
Seat 5: HubertusB folded before Flop (didn't bet)
Seat 6: ghost1971 folded before Flop (didn't bet)



PokerStars Zoom Hand #186958344904:  Hold'em No Limit ($0.02/$0.05) - 2018/05/28 23:01:18 CCT [2018/05/28 11:01:18 ET]
Table 'Donati' 6-max Seat #1 is the button
Seat 1: zaporozhko ($7.62 in chips) 
Seat 2: pashanv8686 ($5 in chips) 
Seat 3: PiNe4ppLe ($5.24 in chips) 
Seat 4: HubertusB ($3.40 in chips) 
Seat 5: alexbai79 ($5.14 in chips) 
Seat 6: Podie89 ($5 in chips) 
pashanv8686: posts small blind $0.02
PiNe4ppLe: posts big blind $0.05
*** HOLE CARDS ***
Dealt to HubertusB [6h 2d]
HubertusB: folds 
alexbai79: folds 
Podie89: folds 
zaporozhko: raises $0.05 to $0.10
pashanv8686: folds 
PiNe4ppLe: folds 
Uncalled bet ($0.05) returned to zaporozhko
zaporozhko collected $0.12 from pot
zaporozhko: doesn't show hand 
*** SUMMARY ***
Total pot $0.12 | Rake $0 
Seat 1: zaporozhko (button) collected ($0.12)
Seat 2: pashanv8686 (small blind) folded before Flop
Seat 3: PiNe4ppLe (big blind) folded before Flop
Seat 4: HubertusB folded before Flop (didn't bet)
Seat 5: alexbai79 folded before Flop (didn't bet)
Seat 6: Podie89 folded before Flop (didn't bet)



PokerStars Zoom Hand #186958347339:  Hold'em No Limit ($0.02/$0.05) - 2018/05/28 23:01:23 CCT [2018/05/28 11:01:23 ET]
Table 'Donati' 6-max Seat #1 is the button
Seat 1: F1895 ($6.31 in chips) 
Seat 2: undersize ($6.03 in chips) 
Seat 3: HubertusB ($3.40 in chips) 
Seat 4: Anusnimus ($5.11 in chips) 
Seat 5: PiNe4ppLe ($5 in chips) 
Seat 6: Bluecrust ($12.23 in chips) 
undersize: posts small blind $0.02
HubertusB: posts big blind $0.05
*** HOLE CARDS ***
Dealt to HubertusB [Tc Ts]
Anusnimus: raises $0.07 to $0.12
PiNe4ppLe: folds 
Bluecrust: folds 
F1895: folds 
undersize: folds 
HubertusB: raises $0.33 to $0.45
Anusnimus: folds 
Uncalled bet ($0.33) returned to HubertusB
HubertusB collected $0.26 from pot
HubertusB: doesn't show hand 
*** SUMMARY ***
Total pot $0.26 | Rake $0 
Seat 1: F1895 (button) folded before Flop (didn't bet)
Seat 2: undersize (small blind) folded before Flop
Seat 3: HubertusB (big blind) collected ($0.26)
Seat 4: Anusnimus folded before Flop
Seat 5: PiNe4ppLe folded before Flop (didn't bet)
Seat 6: Bluecrust folded before Flop (didn't bet)



PokerStars Zoom Hand #186958358748:  Hold'em No Limit ($0.02/$0.05) - 2018/05/28 23:01:46 CCT [2018/05/28 11:01:46 ET]
Table 'Donati' 6-max Seat #1 is the button
Seat 1: ppdesty ($8 in chips) 
Seat 2: HubertusB ($3.54 in chips) 
Seat 3: facun34 ($5.94 in chips) 
Seat 4: geworik ($5 in chips) 
Seat 5: Simkooo ($5.37 in chips) 
Seat 6: nagadon ($6.31 in chips) 
HubertusB: posts small blind $0.02
facun34: posts big blind $0.05
*** HOLE CARDS ***
Dealt to HubertusB [2d 5d]
geworik: folds 
Simkooo: folds 
nagadon: raises $0.10 to $0.15
ppdesty: folds 
HubertusB: folds 
facun34: folds 
Uncalled bet ($0.10) returned to nagadon
nagadon collected $0.12 from pot
nagadon: doesn't show hand 
*** SUMMARY ***
Total pot $0.12 | Rake $0 
Seat 1: ppdesty (button) folded before Flop (didn't bet)
Seat 2: HubertusB (small blind) folded before Flop
Seat 3: facun34 (big blind) folded before Flop
Seat 4: geworik folded before Flop (didn't bet)
Seat 5: Simkooo folded before Flop (didn't bet)
Seat 6: nagadon collected ($0.12)



PokerStars Zoom Hand #186958360666:  Hold'em No Limit ($0.02/$0.05) - 2018/05/28 23:01:50 CCT [2018/05/28 11:01:50 ET]
Table 'Donati' 6-max Seat #1 is the button
Seat 1: HubertusB ($3.52 in chips) 
Seat 2: Cu2SO4 ($6.93 in chips) 
Seat 3: Fighter485 ($6.13 in chips) 
Seat 4: dimasik9027 ($2.88 in chips) 
Seat 5: ProjetRed ($5 in chips) 
Seat 6: weigela123 ($5.46 in chips) 
Cu2SO4: posts small blind $0.02
Fighter485: posts big blind $0.05
*** HOLE CARDS ***
Dealt to HubertusB [3c 6d]
dimasik9027: folds 
ProjetRed: folds 
weigela123: folds 
HubertusB: folds 
Cu2SO4: raises $0.10 to $0.15
Fighter485: folds 
Uncalled bet ($0.10) returned to Cu2SO4
Cu2SO4 collected $0.10 from pot
Cu2SO4: doesn't show hand 
*** SUMMARY ***
Total pot $0.10 | Rake $0 
Seat 1: HubertusB (button) folded before Flop (didn't bet)
Seat 2: Cu2SO4 (small blind) collected ($0.10)
Seat 3: Fighter485 (big blind) folded before Flop
Seat 4: dimasik9027 folded before Flop (didn't bet)
Seat 5: ProjetRed folded before Flop (didn't bet)
Seat 6: weigela123 folded before Flop (didn't bet)



PokerStars Zoom Hand #186958363207:  Hold'em No Limit ($0.02/$0.05) - 2018/05/28 23:01:55 CCT [2018/05/28 11:01:55 ET]
Table 'Donati' 6-max Seat #1 is the button
Seat 1: PiNe4ppLe ($12.01 in chips) 
Seat 2: toshenjka ($5 in chips) 
Seat 3: overboard3 ($5 in chips) 
Seat 4: MicroLocoNL ($15.77 in chips) 
Seat 5: **Pashapro*9 ($11.62 in chips) 
Seat 6: HubertusB ($3.52 in chips) 
toshenjka: posts small blind $0.02
overboard3: posts big blind $0.05
*** HOLE CARDS ***
Dealt to HubertusB [Js 9c]
MicroLocoNL: folds 
**Pashapro*9: folds 
HubertusB: raises $0.05 to $0.10
PiNe4ppLe: folds 
toshenjka: folds 
overboard3: folds 
Uncalled bet ($0.05) returned to HubertusB
HubertusB collected $0.12 from pot
HubertusB: doesn't show hand 
*** SUMMARY ***
Total pot $0.12 | Rake $0 
Seat 1: PiNe4ppLe (button) folded before Flop (didn't bet)
Seat 2: toshenjka (small blind) folded before Flop
Seat 3: overboard3 (big blind) folded before Flop
Seat 4: MicroLocoNL folded before Flop (didn't bet)
Seat 5: **Pashapro*9 folded before Flop (didn't bet)
Seat 6: HubertusB collected ($0.12)



PokerStars Zoom Hand #186958368406:  Hold'em No Limit ($0.02/$0.05) - 2018/05/28 23:02:06 CCT [2018/05/28 11:02:06 ET]
Table 'Donati' 6-max Seat #1 is the button
Seat 1: monojr ($5.47 in chips) 
Seat 2: Fysio_Logia ($5.55 in chips) 
Seat 3: HubertusB ($3.59 in chips) 
Seat 4: xodyac ($5.30 in chips) 
Seat 5: Mikhaylov St ($11.69 in chips) 
Seat 6: Faku710 ($6.23 in chips) 
Fysio_Logia: posts small blind $0.02
HubertusB: posts big blind $0.05
*** HOLE CARDS ***
Dealt to HubertusB [Qh Ah]
xodyac: raises $0.05 to $0.10
Mikhaylov St: folds 
Faku710: raises $0.38 to $0.48
monojr: folds 
Fysio_Logia: folds 
HubertusB: raises $0.97 to $1.45
xodyac: folds 
Faku710: calls $0.97
*** FLOP *** [Jc Qd 9d]
HubertusB: bets $2.14 and is all-in
Faku710: calls $2.14
*** TURN *** [Jc Qd 9d] [2s]
*** RIVER *** [Jc Qd 9d 2s] [9s]
*** SHOW DOWN ***
HubertusB: shows [Qh Ah] (two pair, Queens and Nines)
Faku710: shows [Ks As] (a pair of Nines)
HubertusB collected $7 from pot
*** SUMMARY ***
Total pot $7.30 | Rake $0.30 
Board [Jc Qd 9d 2s 9s]
Seat 1: monojr (button) folded before Flop (didn't bet)
Seat 2: Fysio_Logia (small blind) folded before Flop
Seat 3: HubertusB (big blind) showed [Qh Ah] and won ($7) with two pair, Queens and Nines
Seat 4: xodyac folded before Flop
Seat 5: Mikhaylov St folded before Flop (didn't bet)
Seat 6: Faku710 showed [Ks As] and lost with a pair of Nines



PokerStars Zoom Hand #186958402771:  Hold'em No Limit ($0.02/$0.05) - 2018/05/28 23:03:14 CCT [2018/05/28 11:03:14 ET]
Table 'Donati' 6-max Seat #1 is the button
Seat 1: DreadF0ol ($7.26 in chips) 
Seat 2: Gubonyi ($5.60 in chips) 
Seat 3: Elalein777 ($6.74 in chips) 
Seat 4: HubertusB ($7 in chips) 
Seat 5: Cnaty91 ($5.02 in chips) 
Seat 6: Rusher4k ($5.11 in chips) 
Gubonyi: posts small blind $0.02
Elalein777: posts big blind $0.05
*** HOLE CARDS ***
Dealt to HubertusB [3d Ks]
HubertusB: folds 
Cnaty91: folds 
Rusher4k: folds 
DreadF0ol: raises $0.05 to $0.10
Gubonyi: folds 
Elalein777: folds 
Uncalled bet ($0.05) returned to DreadF0ol
DreadF0ol collected $0.12 from pot
DreadF0ol: doesn't show hand 
*** SUMMARY ***
Total pot $0.12 | Rake $0 
Seat 1: DreadF0ol (button) collected ($0.12)
Seat 2: Gubonyi (small blind) folded before Flop
Seat 3: Elalein777 (big blind) folded before Flop
Seat 4: HubertusB folded before Flop (didn't bet)
Seat 5: Cnaty91 folded before Flop (didn't bet)
Seat 6: Rusher4k folded before Flop (didn't bet)



PokerStars Zoom Hand #186958408069:  Hold'em No Limit ($0.02/$0.05) - 2018/05/28 23:03:24 CCT [2018/05/28 11:03:24 ET]
Table 'Donati' 6-max Seat #1 is the button
Seat 1: Cooper Huang ($5.91 in chips) 
Seat 2: Region059 ($5.14 in chips) 
Seat 3: zibertmen ($5.89 in chips) 
Seat 4: filipkost ($6.88 in chips) 
Seat 5: HubertusB ($6.98 in chips) 
Seat 6: ProjetRed ($6.75 in chips) 
Region059: posts small blind $0.02
zibertmen: posts big blind $0.05
*** HOLE CARDS ***
Dealt to HubertusB [4s Jh]
filipkost: folds 
HubertusB: folds 
ProjetRed: folds 
Cooper Huang: folds 
Region059: folds 
Uncalled bet ($0.03) returned to zibertmen
zibertmen collected $0.04 from pot
zibertmen: doesn't show hand 
*** SUMMARY ***
Total pot $0.04 | Rake $0 
Seat 1: Cooper Huang (button) folded before Flop (didn't bet)
Seat 2: Region059 (small blind) folded before Flop
Seat 3: zibertmen (big blind) collected ($0.04)
Seat 4: filipkost folded before Flop (didn't bet)
Seat 5: HubertusB folded before Flop (didn't bet)
Seat 6: ProjetRed folded before Flop (didn't bet)



PokerStars Zoom Hand #186958410121:  Hold'em No Limit ($0.02/$0.05) - 2018/05/28 23:03:28 CCT [2018/05/28 11:03:28 ET]
Table 'Donati' 6-max Seat #1 is the button
Seat 1: HubertusB ($6.98 in chips) 
Seat 2: Aust Sunstar ($7.38 in chips) 
Seat 3: Bragaa93 ($5.20 in chips) 
Seat 4: GORA-VAS ($2.87 in chips) 
Seat 5: djronalein ($5 in chips) 
Seat 6: firelex1 ($10.91 in chips) 
Aust Sunstar: posts small blind $0.02
Bragaa93: posts big blind $0.05
*** HOLE CARDS ***
Dealt to HubertusB [7s 5s]
GORA-VAS: folds 
djronalein: folds 
firelex1: folds 
HubertusB: raises $0.05 to $0.10
Aust Sunstar: calls $0.08
Bragaa93: calls $0.05
*** FLOP *** [6d Ad Js]
Aust Sunstar: bets $0.15
Bragaa93: folds 
HubertusB: folds 
Uncalled bet ($0.15) returned to Aust Sunstar
Aust Sunstar collected $0.29 from pot
Aust Sunstar: doesn't show hand 
*** SUMMARY ***
Total pot $0.30 | Rake $0.01 
Board [6d Ad Js]
Seat 1: HubertusB (button) folded on the Flop
Seat 2: Aust Sunstar (small blind) collected ($0.29)
Seat 3: Bragaa93 (big blind) folded on the Flop
Seat 4: GORA-VAS folded before Flop (didn't bet)
Seat 5: djronalein folded before Flop (didn't bet)
Seat 6: firelex1 folded before Flop (didn't bet)



PokerStars Zoom Hand #186958426821:  Hold'em No Limit ($0.02/$0.05) - 2018/05/28 23:04:01 CCT [2018/05/28 11:04:01 ET]
Table 'Donati' 6-max Seat #1 is the button
Seat 1: labrador9100 ($4.83 in chips) 
Seat 2: Kruzer20 ($5.96 in chips) 
Seat 3: londreon ($7.14 in chips) 
Seat 4: Aust Sunstar ($7.57 in chips) 
Seat 5: artem1103072 ($8.38 in chips) 
Seat 6: HubertusB ($6.83 in chips) 
Kruzer20: posts small blind $0.02
londreon: posts big blind $0.05
*** HOLE CARDS ***
Dealt to HubertusB [Jc Qh]
Aust Sunstar: folds 
artem1103072: folds 
HubertusB: raises $0.10 to $0.15
labrador9100: folds 
Kruzer20: folds 
londreon: folds 
Uncalled bet ($0.10) returned to HubertusB
HubertusB collected $0.12 from pot
HubertusB: doesn't show hand 
*** SUMMARY ***
Total pot $0.12 | Rake $0 
Seat 1: labrador9100 (button) folded before Flop (didn't bet)
Seat 2: Kruzer20 (small blind) folded before Flop
Seat 3: londreon (big blind) folded before Flop
Seat 4: Aust Sunstar folded before Flop (didn't bet)
Seat 5: artem1103072 folded before Flop (didn't bet)
Seat 6: HubertusB collected ($0.12)



PokerStars Zoom Hand #186958405421:  Hold'em No Limit ($0.02/$0.05) - 2018/05/28 23:03:19 CCT [2018/05/28 11:03:19 ET]
Table 'Donati' 6-max Seat #1 is the button
Seat 1: MoòSh ($14.40 in chips) 
Seat 2: HubertusB ($7 in chips) 
Seat 3: pokerist0707 ($3.86 in chips) 
Seat 4: kakaxx1 ($5.96 in chips) 
Seat 5: undersize ($5.74 in chips) 
Seat 6: vitaliy8204 ($8.42 in chips) 
HubertusB: posts small blind $0.02
pokerist0707: posts big blind $0.05
*** HOLE CARDS ***
Dealt to HubertusB [8d Tc]
kakaxx1: folds 
undersize: folds 
vitaliy8204: folds 
MoòSh: raises $0.05 to $0.10
HubertusB: folds 
pokerist0707: raises $0.15 to $0.25
MoòSh: calls $0.15
*** FLOP *** [4h 9h 8c]
pokerist0707: bets $0.25
MoòSh: calls $0.25
*** TURN *** [4h 9h 8c] [6h]
pokerist0707: bets $3.36 and is all-in
MoòSh: folds 
Uncalled bet ($3.36) returned to pokerist0707
pokerist0707 collected $0.98 from pot
pokerist0707: doesn't show hand 
*** SUMMARY ***
Total pot $1.02 | Rake $0.04 
Board [4h 9h 8c 6h]
Seat 1: MoòSh (button) folded on the Turn
Seat 2: HubertusB (small blind) folded before Flop
Seat 3: pokerist0707 (big blind) collected ($0.98)
Seat 4: kakaxx1 folded before Flop (didn't bet)
Seat 5: undersize folded before Flop (didn't bet)
Seat 6: vitaliy8204 folded before Flop (didn't bet)



PokerStars Zoom Hand #186958399703:  Hold'em No Limit ($0.02/$0.05) - 2018/05/28 23:03:08 CCT [2018/05/28 11:03:08 ET]
Table 'Donati' 6-max Seat #1 is the button
Seat 1: djronalein ($5 in chips) 
Seat 2: kakaxx1 ($5.05 in chips) 
Seat 3: Cooper Huang ($7.34 in chips) 
Seat 4: MetaTrader4 ($5 in chips) 
Seat 5: Brogliato16 ($3.02 in chips) 
Seat 6: HubertusB ($7 in chips) 
kakaxx1: posts small blind $0.02
Cooper Huang: posts big blind $0.05
*** HOLE CARDS ***
Dealt to HubertusB [Ac 3c]
MetaTrader4: raises $0.10 to $0.15
Brogliato16: calls $0.15
HubertusB: folds 
djronalein: folds 
kakaxx1: folds 
Cooper Huang: calls $0.10
*** FLOP *** [8c 9d 7d]
Cooper Huang: checks 
MetaTrader4: bets $0.27
Brogliato16: calls $0.27
Cooper Huang: calls $0.27
*** TURN *** [8c 9d 7d] [Kh]
Cooper Huang: checks 
MetaTrader4: checks 
Brogliato16: bets $2.60 and is all-in
Cooper Huang: folds 
MetaTrader4: folds 
Uncalled bet ($2.60) returned to Brogliato16
Brogliato16 collected $1.23 from pot
Brogliato16: doesn't show hand 
*** SUMMARY ***
Total pot $1.28 | Rake $0.05 
Board [8c 9d 7d Kh]
Seat 1: djronalein (button) folded before Flop (didn't bet)
Seat 2: kakaxx1 (small blind) folded before Flop
Seat 3: Cooper Huang (big blind) folded on the Turn
Seat 4: MetaTrader4 folded on the Turn
Seat 5: Brogliato16 collected ($1.23)
Seat 6: HubertusB folded before Flop (didn't bet)



PokerStars Zoom Hand #186958439540:  Hold'em No Limit ($0.02/$0.05) - 2018/05/28 23:04:26 CCT [2018/05/28 11:04:26 ET]
Table 'Donati' 6-max Seat #1 is the button
Seat 1: KingBuzzo666 ($10.74 in chips) 
Seat 2: GypsyBaronX ($4.24 in chips) 
Seat 3: Faku710 ($5.07 in chips) 
Seat 4: HubertusB ($6.90 in chips) 
Seat 5: firelex1 ($5.55 in chips) 
Seat 6: KostiaSA ($12.26 in chips) 
GypsyBaronX: posts small blind $0.02
Faku710: posts big blind $0.05
*** HOLE CARDS ***
Dealt to HubertusB [9h 6s]
HubertusB: folds 
firelex1: raises $0.10 to $0.15
KostiaSA: raises $0.30 to $0.45
KingBuzzo666: folds 
GypsyBaronX: folds 
Faku710: folds 
firelex1: folds 
Uncalled bet ($0.30) returned to KostiaSA
KostiaSA collected $0.37 from pot
KostiaSA: doesn't show hand 
*** SUMMARY ***
Total pot $0.37 | Rake $0 
Seat 1: KingBuzzo666 (button) folded before Flop (didn't bet)
Seat 2: GypsyBaronX (small blind) folded before Flop
Seat 3: Faku710 (big blind) folded before Flop
Seat 4: HubertusB folded before Flop (didn't bet)
Seat 5: firelex1 folded before Flop
Seat 6: KostiaSA collected ($0.37)



PokerStars Zoom Hand #186958442051:  Hold'em No Limit ($0.02/$0.05) - 2018/05/28 23:04:31 CCT [2018/05/28 11:04:31 ET]
Table 'Donati' 6-max Seat #1 is the button
Seat 1: Aust Sunstar ($7.50 in chips) 
Seat 2: HubertusB ($6.90 in chips) 
Seat 3: PenTAce ($7.18 in chips) 
Seat 4: mazuk-mihail ($5 in chips) 
Seat 5: Rednext ($5.99 in chips) 
Seat 6: Arxelaj1983 ($3.24 in chips) 
HubertusB: posts small blind $0.02
PenTAce: posts big blind $0.05
*** HOLE CARDS ***
Dealt to HubertusB [3c 7c]
mazuk-mihail: folds 
Rednext: folds 
Arxelaj1983: calls $0.05
Aust Sunstar: calls $0.05
HubertusB: folds 
PenTAce: checks 
*** FLOP *** [2d 4d 2s]
PenTAce: bets $0.08
Arxelaj1983: folds 
Aust Sunstar: folds 
Uncalled bet ($0.08) returned to PenTAce
PenTAce collected $0.16 from pot
PenTAce: doesn't show hand 
*** SUMMARY ***
Total pot $0.17 | Rake $0.01 
Board [2d 4d 2s]
Seat 1: Aust Sunstar (button) folded on the Flop
Seat 2: HubertusB (small blind) folded before Flop
Seat 3: PenTAce (big blind) collected ($0.16)
Seat 4: mazuk-mihail folded before Flop (didn't bet)
Seat 5: Rednext folded before Flop (didn't bet)
Seat 6: Arxelaj1983 folded on the Flop



PokerStars Zoom Hand #186958421719:  Hold'em No Limit ($0.02/$0.05) - 2018/05/28 23:03:51 CCT [2018/05/28 11:03:51 ET]
Table 'Donati' 6-max Seat #1 is the button
Seat 1: FloatsMyBoat ($5.32 in chips) 
Seat 2: geworik ($5 in chips) 
Seat 3: HubertusB ($6.88 in chips) 
Seat 4: Glolight ($13.81 in chips) 
Seat 5: BOHEMIAN8849 ($5 in chips) 
Seat 6: Baratrum777 ($5.34 in chips) 
geworik: posts small blind $0.02
HubertusB: posts big blind $0.05
*** HOLE CARDS ***
Dealt to HubertusB [Ad 7h]
Glolight: folds 
BOHEMIAN8849: raises $0.10 to $0.15
Baratrum777: folds 
FloatsMyBoat: calls $0.15
geworik: calls $0.13
HubertusB: folds 
*** FLOP *** [Qh 8s 5c]
geworik: checks 
BOHEMIAN8849: checks 
FloatsMyBoat: checks 
*** TURN *** [Qh 8s 5c] [Ks]
geworik: bets $0.20
BOHEMIAN8849: calls $0.20
FloatsMyBoat: folds 
*** RIVER *** [Qh 8s 5c Ks] [4s]
geworik: bets $0.90
BOHEMIAN8849: raises $2.66 to $3.56
geworik: raises $1.09 to $4.65 and is all-in
BOHEMIAN8849: calls $1.09 and is all-in
*** SHOW DOWN ***
geworik: shows [Ts Qs] (a flush, King high)
BOHEMIAN8849: shows [As Js] (a flush, Ace high)
BOHEMIAN8849 collected $9.78 from pot
*** SUMMARY ***
Total pot $10.20 | Rake $0.42 
Board [Qh 8s 5c Ks 4s]
Seat 1: FloatsMyBoat (button) folded on the Turn
Seat 2: geworik (small blind) showed [Ts Qs] and lost with a flush, King high
Seat 3: HubertusB (big blind) folded before Flop
Seat 4: Glolight folded before Flop (didn't bet)
Seat 5: BOHEMIAN8849 showed [As Js] and won ($9.78) with a flush, Ace high
Seat 6: Baratrum777 folded before Flop (didn't bet)



PokerStars Zoom Hand #186958437044:  Hold'em No Limit ($0.02/$0.05) - 2018/05/28 23:04:21 CCT [2018/05/28 11:04:21 ET]
Table 'Donati' 6-max Seat #1 is the button
Seat 1: Tqlkkk-_- ($5 in chips) 
Seat 2: overboard3 ($5.05 in chips) 
Seat 3: FloatsMyBoat ($5 in chips) 
Seat 4: LavrikSanta ($5.33 in chips) 
Seat 5: HubertusB ($6.90 in chips) 
Seat 6: Tommm_97 ($5.01 in chips) 
overboard3: posts small blind $0.02
FloatsMyBoat: posts big blind $0.05
*** HOLE CARDS ***
Dealt to HubertusB [3h 6h]
LavrikSanta: folds 
HubertusB: folds 
Tommm_97: folds 
Tqlkkk-_-: raises $0.07 to $0.12
overboard3: raises $0.25 to $0.37
FloatsMyBoat: raises $0.63 to $1
Tqlkkk-_-: raises $4 to $5 and is all-in
overboard3: folds 
FloatsMyBoat: calls $4 and is all-in
*** FLOP *** [8d 4h Ts]
*** TURN *** [8d 4h Ts] [3c]
*** RIVER *** [8d 4h Ts 3c] [5s]
*** SHOW DOWN ***
FloatsMyBoat: shows [Qh Qd] (a pair of Queens)
Tqlkkk-_-: shows [Kd As] (high card Ace)
FloatsMyBoat collected $9.94 from pot
*** SUMMARY ***
Total pot $10.37 | Rake $0.43 
Board [8d 4h Ts 3c 5s]
Seat 1: Tqlkkk-_- (button) showed [Kd As] and lost with high card Ace
Seat 2: overboard3 (small blind) folded before Flop
Seat 3: FloatsMyBoat (big blind) showed [Qh Qd] and won ($9.94) with a pair of Queens
Seat 4: LavrikSanta folded before Flop (didn't bet)
Seat 5: HubertusB folded before Flop (didn't bet)
Seat 6: Tommm_97 folded before Flop (didn't bet)



PokerStars Zoom Hand #186958472503:  Hold'em No Limit ($0.02/$0.05) - 2018/05/28 23:05:30 CCT [2018/05/28 11:05:30 ET]
Table 'Donati' 6-max Seat #1 is the button
Seat 1: Arxelaj1983 ($3.09 in chips) 
Seat 2: non0no ($6.29 in chips) 
Seat 3: HubertusB ($6.73 in chips) 
Seat 4: kibborg2002 ($4.66 in chips) 
Seat 5: ioanna576 ($6.98 in chips) 
Seat 6: manuk333 ($5.89 in chips) 
non0no: posts small blind $0.02
HubertusB: posts big blind $0.05
*** HOLE CARDS ***
Dealt to HubertusB [Td 2h]
kibborg2002: folds 
ioanna576: raises $0.07 to $0.12
manuk333: folds 
Arxelaj1983: calls $0.12
non0no: folds 
HubertusB: folds 
*** FLOP *** [2c Ad Ac]
ioanna576: bets $0.17
Arxelaj1983: calls $0.17
*** TURN *** [2c Ad Ac] [4c]
ioanna576: bets $0.59
Arxelaj1983: calls $0.59
*** RIVER *** [2c Ad Ac 4c] [Qh]
ioanna576: bets $2.28
Arxelaj1983: folds 
Uncalled bet ($2.28) returned to ioanna576
ioanna576 collected $1.75 from pot
ioanna576: doesn't show hand 
*** SUMMARY ***
Total pot $1.83 | Rake $0.08 
Board [2c Ad Ac 4c Qh]
Seat 1: Arxelaj1983 (button) folded on the River
Seat 2: non0no (small blind) folded before Flop
Seat 3: HubertusB (big blind) folded before Flop
Seat 4: kibborg2002 folded before Flop (didn't bet)
Seat 5: ioanna576 collected ($1.75)
Seat 6: manuk333 folded before Flop (didn't bet)



PokerStars Zoom Hand #186958447184:  Hold'em No Limit ($0.02/$0.05) - 2018/05/28 23:04:41 CCT [2018/05/28 11:04:41 ET]
Table 'Donati' 6-max Seat #1 is the button
Seat 1: HyJyRH ($2.93 in chips) 
Seat 2: SskyAngel ($5.04 in chips) 
Seat 3: Baratrum777 ($5 in chips) 
Seat 4: HubertusB ($6.88 in chips) 
Seat 5: Lubbi5 ($5.41 in chips) 
Seat 6: Olly81 ($16.68 in chips) 
SskyAngel: posts small blind $0.02
Baratrum777: posts big blind $0.05
*** HOLE CARDS ***
Dealt to HubertusB [9d Ad]
HubertusB: raises $0.10 to $0.15
Lubbi5: calls $0.15
Olly81: folds 
HyJyRH: calls $0.15
SskyAngel: folds 
Baratrum777: folds 
*** FLOP *** [Kh 7s Qd]
HubertusB: checks 
Lubbi5: bets $0.10
HyJyRH: calls $0.10
HubertusB: folds 
*** TURN *** [Kh 7s Qd] [As]
Lubbi5: checks 
HyJyRH: bets $0.35
Lubbi5: calls $0.35
*** RIVER *** [Kh 7s Qd As] [Kd]
Lubbi5: checks 
HyJyRH: bets $2.33 and is all-in
Lubbi5: calls $2.33
*** SHOW DOWN ***
HyJyRH: shows [3s 3h] (two pair, Kings and Threes)
Lubbi5: shows [Tc Ks] (three of a kind, Kings)
Lubbi5 collected $5.83 from pot
*** SUMMARY ***
Total pot $6.08 | Rake $0.25 
Board [Kh 7s Qd As Kd]
Seat 1: HyJyRH (button) showed [3s 3h] and lost with two pair, Kings and Threes
Seat 2: SskyAngel (small blind) folded before Flop
Seat 3: Baratrum777 (big blind) folded before Flop
Seat 4: HubertusB folded on the Flop
Seat 5: Lubbi5 showed [Tc Ks] and won ($5.83) with three of a kind, Kings
Seat 6: Olly81 folded before Flop (didn't bet)



PokerStars Zoom Hand #186958478130:  Hold'em No Limit ($0.02/$0.05) - 2018/05/28 23:05:41 CCT [2018/05/28 11:05:41 ET]
Table 'Donati' 6-max Seat #1 is the button
Seat 1: HubertusB ($6.68 in chips) 
Seat 2: Mayur96 ($12.04 in chips) 
Seat 3: F1911P ($6.14 in chips) 
Seat 4: whitedust666 ($6.24 in chips) 
Seat 5: undersize ($5.75 in chips) 
Seat 6: Tqlkkk-_- ($5 in chips) 
Mayur96: posts small blind $0.02
F1911P: posts big blind $0.05
*** HOLE CARDS ***
Dealt to HubertusB [7c 9c]
whitedust666: raises $0.05 to $0.10
undersize: calls $0.10
Tqlkkk-_-: calls $0.10
HubertusB: raises $0.60 to $0.70
Mayur96: calls $0.68
F1911P: folds 
whitedust666: folds 
undersize: folds 
Tqlkkk-_-: folds 
*** FLOP *** [6s Qc 2d]
Mayur96: checks 
HubertusB: bets $0.95
Mayur96: calls $0.95
*** TURN *** [6s Qc 2d] [8h]
Mayur96: checks 
HubertusB: checks 
*** RIVER *** [6s Qc 2d 8h] [6c]
Mayur96: bets $1.90
HubertusB: folds 
Uncalled bet ($1.90) returned to Mayur96
Mayur96 collected $3.50 from pot
Mayur96: doesn't show hand 
*** SUMMARY ***
Total pot $3.65 | Rake $0.15 
Board [6s Qc 2d 8h 6c]
Seat 1: HubertusB (button) folded on the River
Seat 2: Mayur96 (small blind) collected ($3.50)
Seat 3: F1911P (big blind) folded before Flop
Seat 4: whitedust666 folded before Flop
Seat 5: undersize folded before Flop
Seat 6: Tqlkkk-_- folded before Flop



PokerStars Zoom Hand #186958518729:  Hold'em No Limit ($0.02/$0.05) - 2018/05/28 23:06:54 CCT [2018/05/28 11:06:54 ET]
Table 'Donati' 6-max Seat #1 is the button
Seat 1: meibutsu ($5 in chips) 
Seat 2: anorectal ($9.16 in chips) 
Seat 3: Region059 ($5.07 in chips) 
Seat 4: Dracyus ($5 in chips) 
Seat 5: HubertusB ($5.03 in chips) 
Seat 6: temujing_ ($6.06 in chips) 
anorectal: posts small blind $0.02
Region059: posts big blind $0.05
*** HOLE CARDS ***
Dealt to HubertusB [3c 3h]
Dracyus: folds 
HubertusB: raises $0.05 to $0.10
temujing_: folds 
meibutsu: folds 
anorectal: folds 
Region059: folds 
Uncalled bet ($0.05) returned to HubertusB
HubertusB collected $0.12 from pot
HubertusB: doesn't show hand 
*** SUMMARY ***
Total pot $0.12 | Rake $0 
Seat 1: meibutsu (button) folded before Flop (didn't bet)
Seat 2: anorectal (small blind) folded before Flop
Seat 3: Region059 (big blind) folded before Flop
Seat 4: Dracyus folded before Flop (didn't bet)
Seat 5: HubertusB collected ($0.12)
Seat 6: temujing_ folded before Flop (didn't bet)



PokerStars Zoom Hand #186958524849:  Hold'em No Limit ($0.02/$0.05) - 2018/05/28 23:07:06 CCT [2018/05/28 11:07:06 ET]
Table 'Donati' 6-max Seat #1 is the button
Seat 1: jimtaktak9 ($5.07 in chips) 
Seat 2: HubertusB ($5.10 in chips) 
Seat 3: Rusher4k ($5.64 in chips) 
Seat 4: F1911P ($6.14 in chips) 
Seat 5: Glolight ($10.41 in chips) 
Seat 6: mentatat ($5 in chips) 
HubertusB: posts small blind $0.02
Rusher4k: posts big blind $0.05
*** HOLE CARDS ***
Dealt to HubertusB [6h 8d]
F1911P: folds 
Glolight: folds 
mentatat: folds 
jimtaktak9: folds 
HubertusB: folds 
Uncalled bet ($0.03) returned to Rusher4k
Rusher4k collected $0.04 from pot
Rusher4k: doesn't show hand 
*** SUMMARY ***
Total pot $0.04 | Rake $0 
Seat 1: jimtaktak9 (button) folded before Flop (didn't bet)
Seat 2: HubertusB (small blind) folded before Flop
Seat 3: Rusher4k (big blind) collected ($0.04)
Seat 4: F1911P folded before Flop (didn't bet)
Seat 5: Glolight folded before Flop (didn't bet)
Seat 6: mentatat folded before Flop (didn't bet)



PokerStars Zoom Hand #186958527474:  Hold'em No Limit ($0.02/$0.05) - 2018/05/28 23:07:11 CCT [2018/05/28 11:07:11 ET]
Table 'Donati' 6-max Seat #1 is the button
Seat 1: someep1ck ($7.45 in chips) 
Seat 2: MicroLocoNL ($7.52 in chips) 
Seat 3: 3mari&mila6 ($5.31 in chips) 
Seat 4: jimtaktak9 ($5.07 in chips) 
Seat 5: temujing_ ($7.29 in chips) 
Seat 6: HubertusB ($5.08 in chips) 
MicroLocoNL: posts small blind $0.02
3mari&mila6: posts big blind $0.05
*** HOLE CARDS ***
Dealt to HubertusB [6c 4s]
jimtaktak9: folds 
temujing_: folds 
HubertusB: folds 
someep1ck: folds 
MicroLocoNL: folds 
Uncalled bet ($0.03) returned to 3mari&mila6
3mari&mila6 collected $0.04 from pot
3mari&mila6: doesn't show hand 
*** SUMMARY ***
Total pot $0.04 | Rake $0 
Seat 1: someep1ck (button) folded before Flop (didn't bet)
Seat 2: MicroLocoNL (small blind) folded before Flop
Seat 3: 3mari&mila6 (big blind) collected ($0.04)
Seat 4: jimtaktak9 folded before Flop (didn't bet)
Seat 5: temujing_ folded before Flop (didn't bet)
Seat 6: HubertusB folded before Flop (didn't bet)



PokerStars Zoom Hand #186958530032:  Hold'em No Limit ($0.02/$0.05) - 2018/05/28 23:07:16 CCT [2018/05/28 11:07:16 ET]
Table 'Donati' 6-max Seat #1 is the button
Seat 1: obkormylo ($8.01 in chips) 
Seat 2: someep1ck ($7.45 in chips) 
Seat 3: El-Choco0815 ($6.94 in chips) 
Seat 4: ValentjNN ($9.43 in chips) 
Seat 5: HubertusB ($5.08 in chips) 
Seat 6: Bigdan883 ($5.75 in chips) 
someep1ck: posts small blind $0.02
El-Choco0815: posts big blind $0.05
*** HOLE CARDS ***
Dealt to HubertusB [Jh 4s]
ValentjNN: folds 
HubertusB: folds 
Bigdan883: folds 
obkormylo: folds 
someep1ck: folds 
Uncalled bet ($0.03) returned to El-Choco0815
El-Choco0815 collected $0.04 from pot
El-Choco0815: doesn't show hand 
*** SUMMARY ***
Total pot $0.04 | Rake $0 
Seat 1: obkormylo (button) folded before Flop (didn't bet)
Seat 2: someep1ck (small blind) folded before Flop
Seat 3: El-Choco0815 (big blind) collected ($0.04)
Seat 4: ValentjNN folded before Flop (didn't bet)
Seat 5: HubertusB folded before Flop (didn't bet)
Seat 6: Bigdan883 folded before Flop (didn't bet)



PokerStars Zoom Hand #186958532688:  Hold'em No Limit ($0.02/$0.05) - 2018/05/28 23:07:21 CCT [2018/05/28 11:07:21 ET]
Table 'Donati' 6-max Seat #1 is the button
Seat 1: HubertusB ($5.08 in chips) 
Seat 2: djronalein ($5 in chips) 
Seat 3: Cnaty91 ($21.39 in chips) 
Seat 4: tiga92 ($5.43 in chips) 
Seat 5: 3mari&mila6 ($5.33 in chips) 
Seat 6: Rusher4k ($5.64 in chips) 
djronalein: posts small blind $0.02
Cnaty91: posts big blind $0.05
*** HOLE CARDS ***
Dealt to HubertusB [9c Kd]
tiga92: folds 
3mari&mila6: folds 
Rusher4k: folds 
HubertusB: folds 
djronalein: folds 
Uncalled bet ($0.03) returned to Cnaty91
Cnaty91 collected $0.04 from pot
Cnaty91: doesn't show hand 
*** SUMMARY ***
Total pot $0.04 | Rake $0 
Seat 1: HubertusB (button) folded before Flop (didn't bet)
Seat 2: djronalein (small blind) folded before Flop
Seat 3: Cnaty91 (big blind) collected ($0.04)
Seat 4: tiga92 folded before Flop (didn't bet)
Seat 5: 3mari&mila6 folded before Flop (didn't bet)
Seat 6: Rusher4k folded before Flop (didn't bet)



PokerStars Zoom Hand #186958535153:  Hold'em No Limit ($0.02/$0.05) - 2018/05/28 23:07:26 CCT [2018/05/28 11:07:26 ET]
Table 'Donati' 6-max Seat #1 is the button
Seat 1: El-Choco0815 ($6.94 in chips) 
Seat 2: fr1sson ($5.36 in chips) 
Seat 3: HubertusB ($5.08 in chips) 
Seat 4: bobholger67 ($2.54 in chips) 
Seat 5: barrabalero ($5 in chips) 
Seat 6: Radomir 26 ($8.04 in chips) 
fr1sson: posts small blind $0.02
HubertusB: posts big blind $0.05
*** HOLE CARDS ***
Dealt to HubertusB [Jc 5h]
bobholger67: folds 
barrabalero: folds 
Radomir 26: folds 
El-Choco0815: folds 
fr1sson: folds 
Uncalled bet ($0.03) returned to HubertusB
HubertusB collected $0.04 from pot
HubertusB: doesn't show hand 
*** SUMMARY ***
Total pot $0.04 | Rake $0 
Seat 1: El-Choco0815 (button) folded before Flop (didn't bet)
Seat 2: fr1sson (small blind) folded before Flop
Seat 3: HubertusB (big blind) collected ($0.04)
Seat 4: bobholger67 folded before Flop (didn't bet)
Seat 5: barrabalero folded before Flop (didn't bet)
Seat 6: Radomir 26 folded before Flop (didn't bet)



PokerStars Zoom Hand #186958544895:  Hold'em No Limit ($0.02/$0.05) - 2018/05/28 23:07:45 CCT [2018/05/28 11:07:45 ET]
Table 'Donati' 6-max Seat #1 is the button
Seat 1: tpk0813 ($5.48 in chips) 
Seat 2: wfghh ($5.81 in chips) 
Seat 3: El-Choco0815 ($7.01 in chips) 
Seat 4: levathon ($5.38 in chips) 
Seat 5: HubertusB ($5.10 in chips) 
Seat 6: Tommm_97 ($5.07 in chips) 
wfghh: posts small blind $0.02
El-Choco0815: posts big blind $0.05
*** HOLE CARDS ***
Dealt to HubertusB [2s Qh]
levathon: folds 
HubertusB: folds 
Tommm_97: folds 
tpk0813: folds 
wfghh: folds 
Uncalled bet ($0.03) returned to El-Choco0815
El-Choco0815 collected $0.04 from pot
El-Choco0815: doesn't show hand 
*** SUMMARY ***
Total pot $0.04 | Rake $0 
Seat 1: tpk0813 (button) folded before Flop (didn't bet)
Seat 2: wfghh (small blind) folded before Flop
Seat 3: El-Choco0815 (big blind) collected ($0.04)
Seat 4: levathon folded before Flop (didn't bet)
Seat 5: HubertusB folded before Flop (didn't bet)
Seat 6: Tommm_97 folded before Flop (didn't bet)



PokerStars Zoom Hand #186958550050:  Hold'em No Limit ($0.02/$0.05) - 2018/05/28 23:07:55 CCT [2018/05/28 11:07:55 ET]
Table 'Donati' 6-max Seat #1 is the button
Seat 1: someep1ck ($7.50 in chips) 
Seat 2: ChocoJaffa ($4.76 in chips) 
Seat 3: tofsty ($22.77 in chips) 
Seat 4: El-Choco0815 ($7.03 in chips) 
Seat 5: wfghh ($5.79 in chips) 
Seat 6: HubertusB ($5.08 in chips) 
ChocoJaffa: posts small blind $0.02
tofsty: posts big blind $0.05
*** HOLE CARDS ***
Dealt to HubertusB [3d As]
El-Choco0815: folds 
wfghh: folds 
HubertusB: folds 
someep1ck: folds 
ChocoJaffa: folds 
Uncalled bet ($0.03) returned to tofsty
tofsty collected $0.04 from pot
tofsty: doesn't show hand 
*** SUMMARY ***
Total pot $0.04 | Rake $0 
Seat 1: someep1ck (button) folded before Flop (didn't bet)
Seat 2: ChocoJaffa (small blind) folded before Flop
Seat 3: tofsty (big blind) collected ($0.04)
Seat 4: El-Choco0815 folded before Flop (didn't bet)
Seat 5: wfghh folded before Flop (didn't bet)
Seat 6: HubertusB folded before Flop (didn't bet)



PokerStars Zoom Hand #186958547482:  Hold'em No Limit ($0.02/$0.05) - 2018/05/28 23:07:50 CCT [2018/05/28 11:07:50 ET]
Table 'Donati' 6-max Seat #1 is the button
Seat 1: Le Sophiste ($11.51 in chips) 
Seat 2: HubertusB ($5.10 in chips) 
Seat 3: Brogliato16 ($5.10 in chips) 
Seat 4: vitaliy8204 ($1.97 in chips) 
Seat 5: st_m84 ($11.76 in chips) 
Seat 6: Fysio_Logia ($7.90 in chips) 
HubertusB: posts small blind $0.02
Brogliato16: posts big blind $0.05
*** HOLE CARDS ***
Dealt to HubertusB [Kd 2d]
vitaliy8204: raises $1.92 to $1.97 and is all-in
st_m84: folds 
Fysio_Logia: folds 
Le Sophiste: folds 
HubertusB: folds 
Brogliato16: folds 
Uncalled bet ($1.92) returned to vitaliy8204
vitaliy8204 collected $0.12 from pot
vitaliy8204: doesn't show hand 
*** SUMMARY ***
Total pot $0.12 | Rake $0 
Seat 1: Le Sophiste (button) folded before Flop (didn't bet)
Seat 2: HubertusB (small blind) folded before Flop
Seat 3: Brogliato16 (big blind) folded before Flop
Seat 4: vitaliy8204 collected ($0.12)
Seat 5: st_m84 folded before Flop (didn't bet)
Seat 6: Fysio_Logia folded before Flop (didn't bet)



PokerStars Zoom Hand #186958552598:  Hold'em No Limit ($0.02/$0.05) - 2018/05/28 23:08:00 CCT [2018/05/28 11:08:00 ET]
Table 'Donati' 6-max Seat #1 is the button
Seat 1: Tqlkkk-_- ($5.04 in chips) 
Seat 2: Draugsvoll ($5.21 in chips) 
Seat 3: TristrMistr ($5.14 in chips) 
Seat 4: HubertusB ($5.08 in chips) 
Seat 5: Goodsmack78 ($7.73 in chips) 
Seat 6: ellvis82 ($6.02 in chips) 
Draugsvoll: posts small blind $0.02
TristrMistr: posts big blind $0.05
*** HOLE CARDS ***
Dealt to HubertusB [Th 3d]
HubertusB: folds 
Goodsmack78: raises $0.05 to $0.10
ellvis82: folds 
Tqlkkk-_-: folds 
Draugsvoll: raises $0.36 to $0.46
TristrMistr: folds 
Goodsmack78: folds 
Uncalled bet ($0.36) returned to Draugsvoll
Draugsvoll collected $0.25 from pot
Draugsvoll: doesn't show hand 
*** SUMMARY ***
Total pot $0.25 | Rake $0 
Seat 1: Tqlkkk-_- (button) folded before Flop (didn't bet)
Seat 2: Draugsvoll (small blind) collected ($0.25)
Seat 3: TristrMistr (big blind) folded before Flop
Seat 4: HubertusB folded before Flop (didn't bet)
Seat 5: Goodsmack78 folded before Flop
Seat 6: ellvis82 folded before Flop (didn't bet)



PokerStars Zoom Hand #186958555126:  Hold'em No Limit ($0.02/$0.05) - 2018/05/28 23:08:05 CCT [2018/05/28 11:08:05 ET]
Table 'Donati' 6-max Seat #1 is the button
Seat 1: Le Sophiste ($5 in chips) 
Seat 2: Papa_Prey ($5 in chips) 
Seat 3: HubertusB ($5.08 in chips) 
Seat 4: buewsina ($5.46 in chips) 
Seat 5: Simkooo ($5.36 in chips) 
Seat 6: sasha1960ss ($2.90 in chips) 
Papa_Prey: posts small blind $0.02
HubertusB: posts big blind $0.05
*** HOLE CARDS ***
Dealt to HubertusB [9c 2c]
buewsina: folds 
Simkooo: folds 
sasha1960ss: raises $0.10 to $0.15
Le Sophiste: folds 
Papa_Prey: folds 
HubertusB: folds 
Uncalled bet ($0.10) returned to sasha1960ss
sasha1960ss collected $0.12 from pot
sasha1960ss: doesn't show hand 
*** SUMMARY ***
Total pot $0.12 | Rake $0 
Seat 1: Le Sophiste (button) folded before Flop (didn't bet)
Seat 2: Papa_Prey (small blind) folded before Flop
Seat 3: HubertusB (big blind) folded before Flop
Seat 4: buewsina folded before Flop (didn't bet)
Seat 5: Simkooo folded before Flop (didn't bet)
Seat 6: sasha1960ss collected ($0.12)



PokerStars Zoom Hand #186958560733:  Hold'em No Limit ($0.02/$0.05) - 2018/05/28 23:08:16 CCT [2018/05/28 11:08:16 ET]
Table 'Donati' 6-max Seat #1 is the button
Seat 1: kostariki ($10.56 in chips) 
Seat 2: Patojenajlepsi ($5.56 in chips) 
Seat 3: ppdesty ($9.39 in chips) 
Seat 4: pocketfetish ($5 in chips) 
Seat 5: HubertusB ($5.03 in chips) 
Seat 6: F1911P ($19.91 in chips) 
Patojenajlepsi: posts small blind $0.02
ppdesty: posts big blind $0.05
*** HOLE CARDS ***
Dealt to HubertusB [3s 2d]
pocketfetish: raises $0.10 to $0.15
HubertusB: folds 
F1911P: folds 
kostariki: folds 
Patojenajlepsi: folds 
ppdesty: folds 
Uncalled bet ($0.10) returned to pocketfetish
pocketfetish collected $0.12 from pot
pocketfetish: doesn't show hand 
*** SUMMARY ***
Total pot $0.12 | Rake $0 
Seat 1: kostariki (button) folded before Flop (didn't bet)
Seat 2: Patojenajlepsi (small blind) folded before Flop
Seat 3: ppdesty (big blind) folded before Flop
Seat 4: pocketfetish collected ($0.12)
Seat 5: HubertusB folded before Flop (didn't bet)
Seat 6: F1911P folded before Flop (didn't bet)



PokerStars Zoom Hand #186958563311:  Hold'em No Limit ($0.02/$0.05) - 2018/05/28 23:08:21 CCT [2018/05/28 11:08:21 ET]
Table 'Donati' 6-max Seat #1 is the button
Seat 1: HubertusB ($5.03 in chips) 
Seat 2: CVBA85 ($19.08 in chips) 
Seat 3: Aust Sunstar ($9.30 in chips) 
Seat 4: Anikin44 ($6.77 in chips) 
Seat 5: djarvils ($10.27 in chips) 
Seat 6: ANANATOR ($5 in chips) 
CVBA85: posts small blind $0.02
Aust Sunstar: posts big blind $0.05
*** HOLE CARDS ***
Dealt to HubertusB [9s 4s]
Anikin44: folds 
djarvils: raises $0.10 to $0.15
ANANATOR: folds 
HubertusB: folds 
CVBA85: folds 
Aust Sunstar: folds 
Uncalled bet ($0.10) returned to djarvils
djarvils collected $0.12 from pot
djarvils: doesn't show hand 
*** SUMMARY ***
Total pot $0.12 | Rake $0 
Seat 1: HubertusB (button) folded before Flop (didn't bet)
Seat 2: CVBA85 (small blind) folded before Flop
Seat 3: Aust Sunstar (big blind) folded before Flop
Seat 4: Anikin44 folded before Flop (didn't bet)
Seat 5: djarvils collected ($0.12)
Seat 6: ANANATOR folded before Flop (didn't bet)



PokerStars Zoom Hand #186958569399:  Hold'em No Limit ($0.02/$0.05) - 2018/05/28 23:08:33 CCT [2018/05/28 11:08:33 ET]
Table 'Donati' 6-max Seat #1 is the button
Seat 1: jkrstar ($5.37 in chips) 
Seat 2: Olly81 ($8.86 in chips) 
Seat 3: Radomir 26 ($6.84 in chips) 
Seat 4: HubertusB ($5.03 in chips) 
Seat 5: Onet1me_pl3 ($5.02 in chips) 
Seat 6: Aust Sunstar ($9.25 in chips) 
Olly81: posts small blind $0.02
Radomir 26: posts big blind $0.05
*** HOLE CARDS ***
Dealt to HubertusB [Kd 3h]
HubertusB: folds 
Onet1me_pl3: folds 
Aust Sunstar: folds 
jkrstar: folds 
Olly81: raises $0.10 to $0.15
Radomir 26: folds 
Uncalled bet ($0.10) returned to Olly81
Olly81 collected $0.10 from pot
Olly81: doesn't show hand 
*** SUMMARY ***
Total pot $0.10 | Rake $0 
Seat 1: jkrstar (button) folded before Flop (didn't bet)
Seat 2: Olly81 (small blind) collected ($0.10)
Seat 3: Radomir 26 (big blind) folded before Flop
Seat 4: HubertusB folded before Flop (didn't bet)
Seat 5: Onet1me_pl3 folded before Flop (didn't bet)
Seat 6: Aust Sunstar folded before Flop (didn't bet)



PokerStars Zoom Hand #186958571993:  Hold'em No Limit ($0.02/$0.05) - 2018/05/28 23:08:38 CCT [2018/05/28 11:08:38 ET]
Table 'Donati' 6-max Seat #1 is the button
Seat 1: Papa_Prey ($5 in chips) 
Seat 2: Fe4rF4ctor ($5.98 in chips) 
Seat 3: Glolight ($40.04 in chips) 
Seat 4: HubertusB ($5.03 in chips) 
Seat 5: Region059 ($5 in chips) 
Seat 6: Amandawow ($1.48 in chips) 
Fe4rF4ctor: posts small blind $0.02
Glolight: posts big blind $0.05
*** HOLE CARDS ***
Dealt to HubertusB [Qc 3h]
HubertusB: folds 
Region059: folds 
Amandawow: folds 
Papa_Prey: raises $0.05 to $0.10
Fe4rF4ctor: folds 
Glolight: folds 
Uncalled bet ($0.05) returned to Papa_Prey
Papa_Prey collected $0.12 from pot
Papa_Prey: doesn't show hand 
*** SUMMARY ***
Total pot $0.12 | Rake $0 
Seat 1: Papa_Prey (button) collected ($0.12)
Seat 2: Fe4rF4ctor (small blind) folded before Flop
Seat 3: Glolight (big blind) folded before Flop
Seat 4: HubertusB folded before Flop (didn't bet)
Seat 5: Region059 folded before Flop (didn't bet)
Seat 6: Amandawow folded before Flop (didn't bet)



PokerStars Zoom Hand #186958566865:  Hold'em No Limit ($0.02/$0.05) - 2018/05/28 23:08:28 CCT [2018/05/28 11:08:28 ET]
Table 'Donati' 6-max Seat #1 is the button
Seat 1: Tqlkkk-_- ($5 in chips) 
Seat 2: SskyAngel ($4.59 in chips) 
Seat 3: Kostya Red ($15.18 in chips) 
Seat 4: shamzor11 ($6.83 in chips) 
Seat 5: Tajesitus ($5.09 in chips) 
Seat 6: HubertusB ($5.03 in chips) 
SskyAngel: posts small blind $0.02
Kostya Red: posts big blind $0.05
*** HOLE CARDS ***
Dealt to HubertusB [6s 5d]
shamzor11: folds 
Tajesitus: folds 
HubertusB: folds 
Tqlkkk-_-: folds 
SskyAngel: raises $0.10 to $0.15
Kostya Red: raises $0.30 to $0.45
SskyAngel: folds 
Uncalled bet ($0.30) returned to Kostya Red
Kostya Red collected $0.30 from pot
Kostya Red: doesn't show hand 
*** SUMMARY ***
Total pot $0.30 | Rake $0 
Seat 1: Tqlkkk-_- (button) folded before Flop (didn't bet)
Seat 2: SskyAngel (small blind) folded before Flop
Seat 3: Kostya Red (big blind) collected ($0.30)
Seat 4: shamzor11 folded before Flop (didn't bet)
Seat 5: Tajesitus folded before Flop (didn't bet)
Seat 6: HubertusB folded before Flop (didn't bet)



PokerStars Zoom Hand #186958574561:  Hold'em No Limit ($0.02/$0.05) - 2018/05/28 23:08:43 CCT [2018/05/28 11:08:43 ET]
Table 'Donati' 6-max Seat #1 is the button
Seat 1: Amandawow ($1.48 in chips) 
Seat 2: YungPop ($13.56 in chips) 
Seat 3: HubertusB ($5.03 in chips) 
Seat 4: parfenov.svd ($3.14 in chips) 
Seat 5: fedy1328 ($5.04 in chips) 
Seat 6: kakaxx1 ($5.27 in chips) 
YungPop: posts small blind $0.02
HubertusB: posts big blind $0.05
*** HOLE CARDS ***
Dealt to HubertusB [Ks Ad]
parfenov.svd: folds 
fedy1328: folds 
kakaxx1: raises $0.10 to $0.15
Amandawow: folds 
YungPop: folds 
HubertusB: raises $0.30 to $0.45
kakaxx1: folds 
Uncalled bet ($0.30) returned to HubertusB
HubertusB collected $0.32 from pot
HubertusB: doesn't show hand 
*** SUMMARY ***
Total pot $0.32 | Rake $0 
Seat 1: Amandawow (button) folded before Flop (didn't bet)
Seat 2: YungPop (small blind) folded before Flop
Seat 3: HubertusB (big blind) collected ($0.32)
Seat 4: parfenov.svd folded before Flop (didn't bet)
Seat 5: fedy1328 folded before Flop (didn't bet)
Seat 6: kakaxx1 folded before Flop



