PokerStars Zoom Hand #186958639529:  Hold'em No Limit ($0.02/$0.05) - 2018/05/28 23:10:49 CCT [2018/05/28 11:10:49 ET]
Table 'Donati' 6-max Seat #1 is the button
Seat 1: holdmybreath ($5 in chips) 
Seat 2: qwlmn159951 ($9.11 in chips) 
Seat 3: Pokchanpyon ($2.50 in chips) 
Seat 4: HubertusB ($5 in chips) 
Seat 5: Rednext ($6.87 in chips) 
Seat 6: tpk0813 ($4.97 in chips) 
qwlmn159951: posts small blind $0.02
Pokchanpyon: posts big blind $0.05
*** HOLE CARDS ***
Dealt to HubertusB [2s 9d]
HubertusB: folds 
Rednext: folds 
tpk0813: folds 
holdmybreath: folds 
qwlmn159951: folds 
Uncalled bet ($0.03) returned to Pokchanpyon
Pokchanpyon collected $0.04 from pot
Pokchanpyon: doesn't show hand 
*** SUMMARY ***
Total pot $0.04 | Rake $0 
Seat 1: holdmybreath (button) folded before Flop (didn't bet)
Seat 2: qwlmn159951 (small blind) folded before Flop
Seat 3: Pokchanpyon (big blind) collected ($0.04)
Seat 4: HubertusB folded before Flop (didn't bet)
Seat 5: Rednext folded before Flop (didn't bet)
Seat 6: tpk0813 folded before Flop (didn't bet)



PokerStars Zoom Hand #186958645219:  Hold'em No Limit ($0.02/$0.05) - 2018/05/28 23:11:00 CCT [2018/05/28 11:11:00 ET]
Table 'Donati' 6-max Seat #1 is the button
Seat 1: Pokerhai6666 ($6.15 in chips) 
Seat 2: 6e3_LLIaHcoB ($5.44 in chips) 
Seat 3: HubertusB ($5 in chips) 
Seat 4: BPinholeworl ($2.23 in chips) 
Seat 5: AsterixBrn ($7.74 in chips) 
Seat 6: Zurdetw ($4.18 in chips) 
6e3_LLIaHcoB: posts small blind $0.02
HubertusB: posts big blind $0.05
*** HOLE CARDS ***
Dealt to HubertusB [2c 4h]
BPinholeworl: folds 
AsterixBrn: folds 
Zurdetw: folds 
Pokerhai6666: raises $0.10 to $0.15
6e3_LLIaHcoB: folds 
HubertusB: folds 
Uncalled bet ($0.10) returned to Pokerhai6666
Pokerhai6666 collected $0.12 from pot
Pokerhai6666: doesn't show hand 
*** SUMMARY ***
Total pot $0.12 | Rake $0 
Seat 1: Pokerhai6666 (button) collected ($0.12)
Seat 2: 6e3_LLIaHcoB (small blind) folded before Flop
Seat 3: HubertusB (big blind) folded before Flop
Seat 4: BPinholeworl folded before Flop (didn't bet)
Seat 5: AsterixBrn folded before Flop (didn't bet)
Seat 6: Zurdetw folded before Flop (didn't bet)



PokerStars Zoom Hand #186958655645:  Hold'em No Limit ($0.02/$0.05) - 2018/05/28 23:11:20 CCT [2018/05/28 11:11:20 ET]
Table 'Donati' 6-max Seat #1 is the button
Seat 1: L.Lucete ($5 in chips) 
Seat 2: HubertusB ($4.95 in chips) 
Seat 3: SskyAngel ($5 in chips) 
Seat 4: excellent30 ($5.10 in chips) 
Seat 5: Bigdan883 ($6.33 in chips) 
Seat 6: BPinholeworl ($3.06 in chips) 
HubertusB: posts small blind $0.02
SskyAngel: posts big blind $0.05
*** HOLE CARDS ***
Dealt to HubertusB [5c 9d]
excellent30: raises $0.05 to $0.10
Bigdan883: calls $0.10
BPinholeworl: raises $0.30 to $0.40
L.Lucete: folds 
HubertusB: folds 
SskyAngel: folds 
excellent30: folds 
Bigdan883: folds 
Uncalled bet ($0.30) returned to BPinholeworl
BPinholeworl collected $0.37 from pot
BPinholeworl: doesn't show hand 
*** SUMMARY ***
Total pot $0.37 | Rake $0 
Seat 1: L.Lucete (button) folded before Flop (didn't bet)
Seat 2: HubertusB (small blind) folded before Flop
Seat 3: SskyAngel (big blind) folded before Flop
Seat 4: excellent30 folded before Flop
Seat 5: Bigdan883 folded before Flop
Seat 6: BPinholeworl collected ($0.37)



PokerStars Zoom Hand #186958673268:  Hold'em No Limit ($0.02/$0.05) - 2018/05/28 23:11:54 CCT [2018/05/28 11:11:54 ET]
Table 'Donati' 6-max Seat #1 is the button
Seat 1: mentatat ($10.58 in chips) 
Seat 2: id e6y_1 ($5.32 in chips) 
Seat 3: NeverCallYou ($5 in chips) 
Seat 4: TristrMistr ($5.91 in chips) 
Seat 5: Dracyus ($5.17 in chips) 
Seat 6: HubertusB ($4.93 in chips) 
id e6y_1: posts small blind $0.02
NeverCallYou: posts big blind $0.05
*** HOLE CARDS ***
Dealt to HubertusB [5h 3h]
TristrMistr: raises $0.10 to $0.15
Dracyus: folds 
HubertusB: folds 
mentatat: folds 
id e6y_1: folds 
NeverCallYou: folds 
Uncalled bet ($0.10) returned to TristrMistr
TristrMistr collected $0.12 from pot
TristrMistr: doesn't show hand 
*** SUMMARY ***
Total pot $0.12 | Rake $0 
Seat 1: mentatat (button) folded before Flop (didn't bet)
Seat 2: id e6y_1 (small blind) folded before Flop
Seat 3: NeverCallYou (big blind) folded before Flop
Seat 4: TristrMistr collected ($0.12)
Seat 5: Dracyus folded before Flop (didn't bet)
Seat 6: HubertusB folded before Flop (didn't bet)



PokerStars Zoom Hand #186958687236:  Hold'em No Limit ($0.02/$0.05) - 2018/05/28 23:12:21 CCT [2018/05/28 11:12:21 ET]
Table 'Donati' 6-max Seat #1 is the button
Seat 1: Cu2SO4 ($5.75 in chips) 
Seat 2: yurimakk ($4.65 in chips) 
Seat 3: HubertusB ($4.91 in chips) 
Seat 4: ronan_rt ($4.11 in chips) 
Seat 5: tigra537 ($4.32 in chips) 
Seat 6: ioanna576 ($6.65 in chips) 
yurimakk: posts small blind $0.02
HubertusB: posts big blind $0.05
*** HOLE CARDS ***
Dealt to HubertusB [2s 8c]
ronan_rt: raises $0.10 to $0.15
tigra537: calls $0.15
ioanna576: folds 
Cu2SO4: calls $0.15
yurimakk: folds 
HubertusB: folds 
*** FLOP *** [6h 9h Kd]
ronan_rt: checks 
tigra537: bets $0.50
Cu2SO4: calls $0.50
ronan_rt: folds 
*** TURN *** [6h 9h Kd] [2c]
tigra537: checks 
Cu2SO4: checks 
*** RIVER *** [6h 9h Kd 2c] [9d]
tigra537: bets $0.75
Cu2SO4: folds 
Uncalled bet ($0.75) returned to tigra537
tigra537 collected $1.46 from pot
tigra537: doesn't show hand 
*** SUMMARY ***
Total pot $1.52 | Rake $0.06 
Board [6h 9h Kd 2c 9d]
Seat 1: Cu2SO4 (button) folded on the River
Seat 2: yurimakk (small blind) folded before Flop
Seat 3: HubertusB (big blind) folded before Flop
Seat 4: ronan_rt folded on the Flop
Seat 5: tigra537 collected ($1.46)
Seat 6: ioanna576 folded before Flop (didn't bet)



PokerStars Zoom Hand #186958683553:  Hold'em No Limit ($0.02/$0.05) - 2018/05/28 23:12:14 CCT [2018/05/28 11:12:14 ET]
Table 'Donati' 6-max Seat #1 is the button
Seat 1: qd2008hao ($4.84 in chips) 
Seat 2: HubertusB ($4.93 in chips) 
Seat 3: Shi Jack ($5.60 in chips) 
Seat 4: Bur1k ($6.28 in chips) 
Seat 5: axilleas33 ($5 in chips) 
Seat 6: alexandro156 ($5.82 in chips) 
HubertusB: posts small blind $0.02
Shi Jack: posts big blind $0.05
*** HOLE CARDS ***
Dealt to HubertusB [9s Ad]
Bur1k: folds 
axilleas33: folds 
alexandro156: raises $0.07 to $0.12
qd2008hao: folds 
HubertusB: folds 
Shi Jack: calls $0.07
*** FLOP *** [Ts 2c 8d]
Shi Jack: checks 
alexandro156: bets $0.10
Shi Jack: folds 
Uncalled bet ($0.10) returned to alexandro156
alexandro156 collected $0.25 from pot
alexandro156: doesn't show hand 
*** SUMMARY ***
Total pot $0.26 | Rake $0.01 
Board [Ts 2c 8d]
Seat 1: qd2008hao (button) folded before Flop (didn't bet)
Seat 2: HubertusB (small blind) folded before Flop
Seat 3: Shi Jack (big blind) folded on the Flop
Seat 4: Bur1k folded before Flop (didn't bet)
Seat 5: axilleas33 folded before Flop (didn't bet)
Seat 6: alexandro156 collected ($0.25)



PokerStars Zoom Hand #186958695072:  Hold'em No Limit ($0.02/$0.05) - 2018/05/28 23:12:36 CCT [2018/05/28 11:12:36 ET]
Table 'Donati' 6-max Seat #1 is the button
Seat 1: HubertusB ($4.86 in chips) 
Seat 2: Wang988 ($9.54 in chips) 
Seat 3: TristrMistr ($10.46 in chips) 
Seat 4: Mikhaylov St ($8.19 in chips) 
Seat 5: cholomatsu ($5.22 in chips) 
Seat 6: 00-db ($3.37 in chips) 
Wang988: posts small blind $0.02
TristrMistr: posts big blind $0.05
*** HOLE CARDS ***
Dealt to HubertusB [2h Ts]
Mikhaylov St: folds 
cholomatsu: folds 
00-db: folds 
HubertusB has timed out
HubertusB: folds 
Wang988: folds 
Uncalled bet ($0.03) returned to TristrMistr
TristrMistr collected $0.04 from pot
TristrMistr: doesn't show hand 
*** SUMMARY ***
Total pot $0.04 | Rake $0 
Seat 1: HubertusB (button) folded before Flop (didn't bet)
Seat 2: Wang988 (small blind) folded before Flop
Seat 3: TristrMistr (big blind) collected ($0.04)
Seat 4: Mikhaylov St folded before Flop (didn't bet)
Seat 5: cholomatsu folded before Flop (didn't bet)
Seat 6: 00-db folded before Flop (didn't bet)



PokerStars Zoom Hand #186958666975:  Hold'em No Limit ($0.02/$0.05) - 2018/05/28 23:11:42 CCT [2018/05/28 11:11:42 ET]
Table 'Donati' 6-max Seat #1 is the button
Seat 1: HubertusB ($4.93 in chips) 
Seat 2: F1911P ($26.29 in chips) 
Seat 3: FloatsMyBoat ($5.64 in chips) 
Seat 4: Snowy1984C ($2.62 in chips) 
Seat 5: mentatat ($5.07 in chips) 
Seat 6: giigaac1 ($7.34 in chips) 
F1911P: posts small blind $0.02
FloatsMyBoat: posts big blind $0.05
*** HOLE CARDS ***
Dealt to HubertusB [9h 7d]
Snowy1984C: folds 
mentatat: folds 
giigaac1: raises $0.07 to $0.12
HubertusB: folds 
F1911P: calls $0.10
FloatsMyBoat: folds 
*** FLOP *** [6c Qh 7s]
F1911P: bets $0.14
giigaac1: calls $0.14
*** TURN *** [6c Qh 7s] [Qc]
F1911P: checks 
giigaac1: bets $0.25
F1911P: raises $0.35 to $0.60
giigaac1: raises $1.20 to $1.80
F1911P: raises $24.23 to $26.03 and is all-in
giigaac1: folds 
Uncalled bet ($24.23) returned to F1911P
F1911P collected $4 from pot
F1911P: doesn't show hand 
*** SUMMARY ***
Total pot $4.17 | Rake $0.17 
Board [6c Qh 7s Qc]
Seat 1: HubertusB (button) folded before Flop (didn't bet)
Seat 2: F1911P (small blind) collected ($4)
Seat 3: FloatsMyBoat (big blind) folded before Flop
Seat 4: Snowy1984C folded before Flop (didn't bet)
Seat 5: mentatat folded before Flop (didn't bet)
Seat 6: giigaac1 folded on the Turn



PokerStars Zoom Hand #186958710400:  Hold'em No Limit ($0.02/$0.05) - 2018/05/28 23:13:06 CCT [2018/05/28 11:13:06 ET]
Table 'Donati' 6-max Seat #1 is the button
Seat 1: kakaxx1 ($6.13 in chips) 
Seat 2: TitanX1 ($1.33 in chips) 
Seat 3: littlfish_1 ($5.26 in chips) 
Seat 4: FieluFlag ($4.54 in chips) 
Seat 5: someep1ck ($6.35 in chips) 
Seat 6: HubertusB ($4.86 in chips) 
TitanX1: posts small blind $0.02
littlfish_1: posts big blind $0.05
*** HOLE CARDS ***
Dealt to HubertusB [Qs Ad]
FieluFlag: folds 
someep1ck: folds 
HubertusB: raises $0.10 to $0.15
kakaxx1: folds 
TitanX1: folds 
littlfish_1: folds 
Uncalled bet ($0.10) returned to HubertusB
HubertusB collected $0.12 from pot
HubertusB: doesn't show hand 
*** SUMMARY ***
Total pot $0.12 | Rake $0 
Seat 1: kakaxx1 (button) folded before Flop (didn't bet)
Seat 2: TitanX1 (small blind) folded before Flop
Seat 3: littlfish_1 (big blind) folded before Flop
Seat 4: FieluFlag folded before Flop (didn't bet)
Seat 5: someep1ck folded before Flop (didn't bet)
Seat 6: HubertusB collected ($0.12)



PokerStars Zoom Hand #186958720465:  Hold'em No Limit ($0.02/$0.05) - 2018/05/28 23:13:26 CCT [2018/05/28 11:13:26 ET]
Table 'Donati' 6-max Seat #1 is the button
Seat 1: audi a4352 ($4.93 in chips) 
Seat 2: FightMe!-LOOSER ($4.67 in chips) 
Seat 3: Tqlkkk-_- ($8.74 in chips) 
Seat 4: Mikhaylov St ($8.12 in chips) 
Seat 5: HubertusB ($4.93 in chips) 
Seat 6: blazeitf4g ($5.18 in chips) 
FightMe!-LOOSER: posts small blind $0.02
Tqlkkk-_-: posts big blind $0.05
*** HOLE CARDS ***
Dealt to HubertusB [6s Ks]
Mikhaylov St: folds 
HubertusB: raises $0.10 to $0.15
blazeitf4g: raises $0.30 to $0.45
audi a4352: folds 
FightMe!-LOOSER: calls $0.43
Tqlkkk-_-: folds 
HubertusB: folds 
*** FLOP *** [2h 6d 6h]
FightMe!-LOOSER: checks 
blazeitf4g: bets $0.65
FightMe!-LOOSER: folds 
Uncalled bet ($0.65) returned to blazeitf4g
blazeitf4g collected $1.05 from pot
blazeitf4g: doesn't show hand 
*** SUMMARY ***
Total pot $1.10 | Rake $0.05 
Board [2h 6d 6h]
Seat 1: audi a4352 (button) folded before Flop (didn't bet)
Seat 2: FightMe!-LOOSER (small blind) folded on the Flop
Seat 3: Tqlkkk-_- (big blind) folded before Flop
Seat 4: Mikhaylov St folded before Flop (didn't bet)
Seat 5: HubertusB folded before Flop
Seat 6: blazeitf4g collected ($1.05)



PokerStars Zoom Hand #186958727810:  Hold'em No Limit ($0.02/$0.05) - 2018/05/28 23:13:41 CCT [2018/05/28 11:13:41 ET]
Table 'Donati' 6-max Seat #1 is the button
Seat 1: someep1ck ($6.44 in chips) 
Seat 2: ProjetRed ($7.31 in chips) 
Seat 3: n32r79 ($2.68 in chips) 
Seat 4: Tajesitus ($5.63 in chips) 
Seat 5: HubertusB ($4.78 in chips) 
Seat 6: yumeko0001 ($5.07 in chips) 
ProjetRed: posts small blind $0.02
n32r79: posts big blind $0.05
*** HOLE CARDS ***
Dealt to HubertusB [Ks Qc]
Tajesitus: folds 
HubertusB: raises $0.10 to $0.15
yumeko0001: folds 
someep1ck: folds 
ProjetRed: folds 
n32r79: calls $0.10
*** FLOP *** [4s 6h 9c]
n32r79: bets $0.10
HubertusB: raises $0.30 to $0.40
n32r79: calls $0.30
*** TURN *** [4s 6h 9c] [2c]
n32r79: checks 
HubertusB: checks 
*** RIVER *** [4s 6h 9c 2c] [Qh]
n32r79: bets $0.70
HubertusB: calls $0.70
*** SHOW DOWN ***
n32r79: shows [2h Ac] (a pair of Deuces)
HubertusB: shows [Ks Qc] (a pair of Queens)
HubertusB collected $2.42 from pot
*** SUMMARY ***
Total pot $2.52 | Rake $0.10 
Board [4s 6h 9c 2c Qh]
Seat 1: someep1ck (button) folded before Flop (didn't bet)
Seat 2: ProjetRed (small blind) folded before Flop
Seat 3: n32r79 (big blind) showed [2h Ac] and lost with a pair of Deuces
Seat 4: Tajesitus folded before Flop (didn't bet)
Seat 5: HubertusB showed [Ks Qc] and won ($2.42) with a pair of Queens
Seat 6: yumeko0001 folded before Flop (didn't bet)



PokerStars Zoom Hand #186958747455:  Hold'em No Limit ($0.02/$0.05) - 2018/05/28 23:14:22 CCT [2018/05/28 11:14:22 ET]
Table 'Donati' 6-max Seat #1 is the button
Seat 1: giigaac1 ($5.94 in chips) 
Seat 2: sollgewinnen ($2.31 in chips) 
Seat 3: kostariki ($8.50 in chips) 
Seat 4: HubertusB ($5.95 in chips) 
Seat 5: IrenVasya ($5.50 in chips) 
Seat 6: id e6y_1 ($4.95 in chips) 
sollgewinnen: posts small blind $0.02
kostariki: posts big blind $0.05
*** HOLE CARDS ***
Dealt to HubertusB [Js 9h]
HubertusB: folds 
IrenVasya: folds 
id e6y_1: raises $0.15 to $0.20
giigaac1: folds 
sollgewinnen: folds 
kostariki: folds 
Uncalled bet ($0.15) returned to id e6y_1
id e6y_1 collected $0.12 from pot
id e6y_1: doesn't show hand 
*** SUMMARY ***
Total pot $0.12 | Rake $0 
Seat 1: giigaac1 (button) folded before Flop (didn't bet)
Seat 2: sollgewinnen (small blind) folded before Flop
Seat 3: kostariki (big blind) folded before Flop
Seat 4: HubertusB folded before Flop (didn't bet)
Seat 5: IrenVasya folded before Flop (didn't bet)
Seat 6: id e6y_1 collected ($0.12)



PokerStars Zoom Hand #186958751729:  Hold'em No Limit ($0.02/$0.05) - 2018/05/28 23:14:31 CCT [2018/05/28 11:14:31 ET]
Table 'Donati' 6-max Seat #1 is the button
Seat 1: bobholger67 ($4.01 in chips) 
Seat 2: -=l Grek l=- ($9.79 in chips) 
Seat 3: HubertusB ($5.95 in chips) 
Seat 4: Shi Jack ($5 in chips) 
Seat 5: RusKalibR ($3.45 in chips) 
Seat 6: Rednext ($6.68 in chips) 
-=l Grek l=-: posts small blind $0.02
HubertusB: posts big blind $0.05
*** HOLE CARDS ***
Dealt to HubertusB [2s Ac]
Shi Jack: folds 
RusKalibR: folds 
Rednext: folds 
bobholger67: folds 
-=l Grek l=-: raises $0.07 to $0.12
HubertusB: folds 
Uncalled bet ($0.07) returned to -=l Grek l=-
-=l Grek l=- collected $0.10 from pot
-=l Grek l=-: doesn't show hand 
*** SUMMARY ***
Total pot $0.10 | Rake $0 
Seat 1: bobholger67 (button) folded before Flop (didn't bet)
Seat 2: -=l Grek l=- (small blind) collected ($0.10)
Seat 3: HubertusB (big blind) folded before Flop
Seat 4: Shi Jack folded before Flop (didn't bet)
Seat 5: RusKalibR folded before Flop (didn't bet)
Seat 6: Rednext folded before Flop (didn't bet)



PokerStars Zoom Hand #186958758723:  Hold'em No Limit ($0.02/$0.05) - 2018/05/28 23:14:46 CCT [2018/05/28 11:14:46 ET]
Table 'Donati' 6-max Seat #1 is the button
Seat 1: IrenVasya ($5 in chips) 
Seat 2: J-omp 21 ($8.15 in chips) 
Seat 3: Region059 ($5 in chips) 
Seat 4: GypsyBaronX ($4.19 in chips) 
Seat 5: HubertusB ($5.90 in chips) 
Seat 6: Arxelaj1983 ($1.89 in chips) 
J-omp 21: posts small blind $0.02
Region059: posts big blind $0.05
*** HOLE CARDS ***
Dealt to HubertusB [As 3s]
GypsyBaronX: folds 
HubertusB: raises $0.10 to $0.15
Arxelaj1983: folds 
IrenVasya: folds 
J-omp 21: folds 
Region059: folds 
Uncalled bet ($0.10) returned to HubertusB
HubertusB collected $0.12 from pot
HubertusB: doesn't show hand 
*** SUMMARY ***
Total pot $0.12 | Rake $0 
Seat 1: IrenVasya (button) folded before Flop (didn't bet)
Seat 2: J-omp 21 (small blind) folded before Flop
Seat 3: Region059 (big blind) folded before Flop
Seat 4: GypsyBaronX folded before Flop (didn't bet)
Seat 5: HubertusB collected ($0.12)
Seat 6: Arxelaj1983 folded before Flop (didn't bet)



PokerStars Zoom Hand #186958763381:  Hold'em No Limit ($0.02/$0.05) - 2018/05/28 23:14:56 CCT [2018/05/28 11:14:56 ET]
Table 'Donati' 6-max Seat #1 is the button
Seat 1: HubertusB ($5.97 in chips) 
Seat 2: ValentjNN ($17.87 in chips) 
Seat 3: Anusnimus ($6.74 in chips) 
Seat 4: AsterixBrn ($5.48 in chips) 
Seat 5: ArnoldHUN ($4.79 in chips) 
Seat 6: tofsty ($25.48 in chips) 
ValentjNN: posts small blind $0.02
Anusnimus: posts big blind $0.05
*** HOLE CARDS ***
Dealt to HubertusB [Qd Ac]
AsterixBrn: folds 
ArnoldHUN: folds 
tofsty: folds 
HubertusB: raises $0.10 to $0.15
ValentjNN: folds 
Anusnimus: folds 
Uncalled bet ($0.10) returned to HubertusB
HubertusB collected $0.12 from pot
HubertusB: doesn't show hand 
*** SUMMARY ***
Total pot $0.12 | Rake $0 
Seat 1: HubertusB (button) collected ($0.12)
Seat 2: ValentjNN (small blind) folded before Flop
Seat 3: Anusnimus (big blind) folded before Flop
Seat 4: AsterixBrn folded before Flop (didn't bet)
Seat 5: ArnoldHUN folded before Flop (didn't bet)
Seat 6: tofsty folded before Flop (didn't bet)



PokerStars Zoom Hand #186958775859:  Hold'em No Limit ($0.02/$0.05) - 2018/05/28 23:15:24 CCT [2018/05/28 11:15:24 ET]
Table 'Donati' 6-max Seat #1 is the button
Seat 1: offuca ($6.07 in chips) 
Seat 2: HubertusB ($6.04 in chips) 
Seat 3: ssak07 ($8.69 in chips) 
Seat 4: bambur999 ($7.80 in chips) 
Seat 5: Volverin92 ($6.28 in chips) 
Seat 6: FloatsMyBoat ($8.46 in chips) 
HubertusB: posts small blind $0.02
ssak07: posts big blind $0.05
*** HOLE CARDS ***
Dealt to HubertusB [5s Ad]
bambur999: folds 
Volverin92: folds 
FloatsMyBoat: folds 
offuca: folds 
HubertusB: raises $0.15 to $0.20
ssak07: folds 
Uncalled bet ($0.15) returned to HubertusB
HubertusB collected $0.10 from pot
HubertusB: doesn't show hand 
*** SUMMARY ***
Total pot $0.10 | Rake $0 
Seat 1: offuca (button) folded before Flop (didn't bet)
Seat 2: HubertusB (small blind) collected ($0.10)
Seat 3: ssak07 (big blind) folded before Flop
Seat 4: bambur999 folded before Flop (didn't bet)
Seat 5: Volverin92 folded before Flop (didn't bet)
Seat 6: FloatsMyBoat folded before Flop (didn't bet)



PokerStars Zoom Hand #186958796021:  Hold'em No Limit ($0.02/$0.05) - 2018/05/28 23:16:10 CCT [2018/05/28 11:16:10 ET]
Table 'Donati' 6-max Seat #1 is the button
Seat 1: mykahu ($14.35 in chips) 
Seat 2: Duzee Pe ($5.02 in chips) 
Seat 3: MoòSh ($13.12 in chips) 
Seat 4: HubertusB ($6.09 in chips) 
Seat 5: JoelHunt007 ($5.55 in chips) 
Seat 6: elviesa ($8.44 in chips) 
Duzee Pe: posts small blind $0.02
MoòSh: posts big blind $0.05
*** HOLE CARDS ***
Dealt to HubertusB [Ad 6h]
HubertusB: folds 
JoelHunt007: folds 
elviesa: folds 
mykahu: folds 
Duzee Pe: folds 
Uncalled bet ($0.03) returned to MoòSh
MoòSh collected $0.04 from pot
MoòSh: doesn't show hand 
*** SUMMARY ***
Total pot $0.04 | Rake $0 
Seat 1: mykahu (button) folded before Flop (didn't bet)
Seat 2: Duzee Pe (small blind) folded before Flop
Seat 3: MoòSh (big blind) collected ($0.04)
Seat 4: HubertusB folded before Flop (didn't bet)
Seat 5: JoelHunt007 folded before Flop (didn't bet)
Seat 6: elviesa folded before Flop (didn't bet)



PokerStars Zoom Hand #186958792049:  Hold'em No Limit ($0.02/$0.05) - 2018/05/28 23:16:01 CCT [2018/05/28 11:16:01 ET]
Table 'Donati' 6-max Seat #1 is the button
Seat 1: JHWH87 ($8.57 in chips) 
Seat 2: kngace95 ($5.23 in chips) 
Seat 3: **Pashapro*9 ($8.40 in chips) 
Seat 4: Kotron ($5 in chips) 
Seat 5: Mikhaylov St ($14.16 in chips) 
Seat 6: HubertusB ($6.09 in chips) 
kngace95: posts small blind $0.02
**Pashapro*9: posts big blind $0.05
*** HOLE CARDS ***
Dealt to HubertusB [2h 5d]
Kotron: folds 
Mikhaylov St: folds 
HubertusB: folds 
JHWH87: folds 
kngace95: calls $0.03
**Pashapro*9: checks 
*** FLOP *** [8c Ts Ad]
kngace95: bets $0.05
**Pashapro*9: folds 
Uncalled bet ($0.05) returned to kngace95
kngace95 collected $0.10 from pot
kngace95: doesn't show hand 
*** SUMMARY ***
Total pot $0.10 | Rake $0 
Board [8c Ts Ad]
Seat 1: JHWH87 (button) folded before Flop (didn't bet)
Seat 2: kngace95 (small blind) collected ($0.10)
Seat 3: **Pashapro*9 (big blind) folded on the Flop
Seat 4: Kotron folded before Flop (didn't bet)
Seat 5: Mikhaylov St folded before Flop (didn't bet)
Seat 6: HubertusB folded before Flop (didn't bet)



PokerStars Zoom Hand #186958799031:  Hold'em No Limit ($0.02/$0.05) - 2018/05/28 23:16:17 CCT [2018/05/28 11:16:17 ET]
Table 'Donati' 6-max Seat #1 is the button
Seat 1: SaN-DrO61270 ($10.34 in chips) 
Seat 2: bubsqueak ($4.56 in chips) 
Seat 3: Fe4rF4ctor ($6.84 in chips) 
Seat 4: NeverCallYou ($5.22 in chips) 
Seat 5: HubertusB ($6.09 in chips) 
Seat 6: koning504 ($11.76 in chips) 
bubsqueak: posts small blind $0.02
Fe4rF4ctor: posts big blind $0.05
*** HOLE CARDS ***
Dealt to HubertusB [4d 9s]
NeverCallYou: folds 
HubertusB: folds 
koning504: folds 
SaN-DrO61270: raises $0.10 to $0.15
bubsqueak: folds 
Fe4rF4ctor: folds 
Uncalled bet ($0.10) returned to SaN-DrO61270
SaN-DrO61270 collected $0.12 from pot
SaN-DrO61270: doesn't show hand 
*** SUMMARY ***
Total pot $0.12 | Rake $0 
Seat 1: SaN-DrO61270 (button) collected ($0.12)
Seat 2: bubsqueak (small blind) folded before Flop
Seat 3: Fe4rF4ctor (big blind) folded before Flop
Seat 4: NeverCallYou folded before Flop (didn't bet)
Seat 5: HubertusB folded before Flop (didn't bet)
Seat 6: koning504 folded before Flop (didn't bet)



PokerStars Zoom Hand #186958803048:  Hold'em No Limit ($0.02/$0.05) - 2018/05/28 23:16:26 CCT [2018/05/28 11:16:26 ET]
Table 'Donati' 6-max Seat #1 is the button
Seat 1: ikon30 ($5.53 in chips) 
Seat 2: ForestV ($1.44 in chips) 
Seat 3: HubertusB ($6.09 in chips) 
Seat 4: haddonjack ($5 in chips) 
Seat 5: tofsty ($11.60 in chips) 
Seat 6: lz3500 ($7.41 in chips) 
ForestV: posts small blind $0.02
HubertusB: posts big blind $0.05
*** HOLE CARDS ***
Dealt to HubertusB [8d 3c]
haddonjack: folds 
tofsty: folds 
lz3500: folds 
ikon30: raises $0.05 to $0.10
ForestV: calls $0.08
HubertusB: folds 
*** FLOP *** [Jh 5d 4c]
ForestV: checks 
ikon30: bets $0.10
ForestV: folds 
Uncalled bet ($0.10) returned to ikon30
ikon30 collected $0.24 from pot
ikon30: doesn't show hand 
*** SUMMARY ***
Total pot $0.25 | Rake $0.01 
Board [Jh 5d 4c]
Seat 1: ikon30 (button) collected ($0.24)
Seat 2: ForestV (small blind) folded on the Flop
Seat 3: HubertusB (big blind) folded before Flop
Seat 4: haddonjack folded before Flop (didn't bet)
Seat 5: tofsty folded before Flop (didn't bet)
Seat 6: lz3500 folded before Flop (didn't bet)



PokerStars Zoom Hand #186958808138:  Hold'em No Limit ($0.02/$0.05) - 2018/05/28 23:16:38 CCT [2018/05/28 11:16:38 ET]
Table 'Donati' 6-max Seat #1 is the button
Seat 1: KingKaczePL ($6.37 in chips) 
Seat 2: tofsty ($13.76 in chips) 
Seat 3: cebrmichiel ($1.19 in chips) 
Seat 4: HubertusB ($6.04 in chips) 
Seat 5: Danjmor ($5.39 in chips) 
Seat 6: PenTAce ($5.15 in chips) 
tofsty: posts small blind $0.02
cebrmichiel: posts big blind $0.05
*** HOLE CARDS ***
Dealt to HubertusB [Kd 3h]
HubertusB: folds 
Danjmor: folds 
PenTAce: folds 
KingKaczePL: folds 
tofsty: raises $0.10 to $0.15
cebrmichiel: calls $0.10
*** FLOP *** [Ad 4s 8h]
tofsty: bets $0.15
cebrmichiel: folds 
Uncalled bet ($0.15) returned to tofsty
tofsty collected $0.29 from pot
tofsty: doesn't show hand 
*** SUMMARY ***
Total pot $0.30 | Rake $0.01 
Board [Ad 4s 8h]
Seat 1: KingKaczePL (button) folded before Flop (didn't bet)
Seat 2: tofsty (small blind) collected ($0.29)
Seat 3: cebrmichiel (big blind) folded on the Flop
Seat 4: HubertusB folded before Flop (didn't bet)
Seat 5: Danjmor folded before Flop (didn't bet)
Seat 6: PenTAce folded before Flop (didn't bet)



PokerStars Zoom Hand #186958816653:  Hold'em No Limit ($0.02/$0.05) - 2018/05/28 23:16:58 CCT [2018/05/28 11:16:58 ET]
Table 'Donati' 6-max Seat #1 is the button
Seat 1: HubertusB ($6.02 in chips) 
Seat 2: cholomatsu ($6.39 in chips) 
Seat 3: Danjmor ($5.37 in chips) 
Seat 4: undersize ($11.75 in chips) 
Seat 5: vo2max ($5.45 in chips) 
Seat 6: reiNuch ($6.52 in chips) 
cholomatsu: posts small blind $0.02
Danjmor: posts big blind $0.05
*** HOLE CARDS ***
Dealt to HubertusB [7s 3d]
undersize: folds 
vo2max: folds 
reiNuch: folds 
HubertusB: folds 
cholomatsu: folds 
Uncalled bet ($0.03) returned to Danjmor
Danjmor collected $0.04 from pot
Danjmor: doesn't show hand 
*** SUMMARY ***
Total pot $0.04 | Rake $0 
Seat 1: HubertusB (button) folded before Flop (didn't bet)
Seat 2: cholomatsu (small blind) folded before Flop
Seat 3: Danjmor (big blind) collected ($0.04)
Seat 4: undersize folded before Flop (didn't bet)
Seat 5: vo2max folded before Flop (didn't bet)
Seat 6: reiNuch folded before Flop (didn't bet)



PokerStars Zoom Hand #186958822093:  Hold'em No Limit ($0.02/$0.05) - 2018/05/28 23:17:11 CCT [2018/05/28 11:17:11 ET]
Table 'Donati' 6-max Seat #1 is the button
Seat 1: jkrstar ($5.51 in chips) 
Seat 2: MiraKmv ($3.95 in chips) 
Seat 3: HubertusB ($6.02 in chips) 
Seat 4: instabio ($5.22 in chips) 
Seat 5: zibertmen ($10.60 in chips) 
Seat 6: Flipper000 ($2.38 in chips) 
MiraKmv: posts small blind $0.02
HubertusB: posts big blind $0.05
*** HOLE CARDS ***
Dealt to HubertusB [Td 5h]
instabio: folds 
zibertmen: folds 
Flipper000: folds 
jkrstar: folds 
MiraKmv: folds 
Uncalled bet ($0.03) returned to HubertusB
HubertusB collected $0.04 from pot
HubertusB: doesn't show hand 
*** SUMMARY ***
Total pot $0.04 | Rake $0 
Seat 1: jkrstar (button) folded before Flop (didn't bet)
Seat 2: MiraKmv (small blind) folded before Flop
Seat 3: HubertusB (big blind) collected ($0.04)
Seat 4: instabio folded before Flop (didn't bet)
Seat 5: zibertmen folded before Flop (didn't bet)
Seat 6: Flipper000 folded before Flop (didn't bet)



PokerStars Zoom Hand #186958810688:  Hold'em No Limit ($0.02/$0.05) - 2018/05/28 23:16:44 CCT [2018/05/28 11:16:44 ET]
Table 'Donati' 6-max Seat #1 is the button
Seat 1: tpk0813 ($5.31 in chips) 
Seat 2: HubertusB ($6.04 in chips) 
Seat 3: grunge&punk ($5.83 in chips) 
Seat 4: Russkiy499 ($2.23 in chips) 
Seat 5: kliha888 ($6.38 in chips) 
Seat 6: fiana1968 ($5.54 in chips) 
HubertusB: posts small blind $0.02
grunge&punk: posts big blind $0.05
*** HOLE CARDS ***
Dealt to HubertusB [Ks 5d]
Russkiy499: folds 
kliha888: raises $0.07 to $0.12
fiana1968: calls $0.12
tpk0813: folds 
HubertusB: folds 
grunge&punk: folds 
*** FLOP *** [Kd Tc Js]
kliha888: checks 
fiana1968: checks 
*** TURN *** [Kd Tc Js] [Kc]
kliha888: bets $0.20
fiana1968: raises $0.20 to $0.40
kliha888: calls $0.20
*** RIVER *** [Kd Tc Js Kc] [4d]
kliha888: checks 
fiana1968: bets $0.70
kliha888: folds 
Uncalled bet ($0.70) returned to fiana1968
fiana1968 collected $1.06 from pot
fiana1968: doesn't show hand 
*** SUMMARY ***
Total pot $1.11 | Rake $0.05 
Board [Kd Tc Js Kc 4d]
Seat 1: tpk0813 (button) folded before Flop (didn't bet)
Seat 2: HubertusB (small blind) folded before Flop
Seat 3: grunge&punk (big blind) folded before Flop
Seat 4: Russkiy499 folded before Flop (didn't bet)
Seat 5: kliha888 folded on the River
Seat 6: fiana1968 collected ($1.06)



PokerStars Zoom Hand #186958830656:  Hold'em No Limit ($0.02/$0.05) - 2018/05/28 23:17:32 CCT [2018/05/28 11:17:32 ET]
Table 'Donati' 6-max Seat #1 is the button
Seat 1: qwlmn159951 ($15.74 in chips) 
Seat 2: pashanv8686 ($5.55 in chips) 
Seat 3: Ford71x ($10.33 in chips) 
Seat 4: HubertusB ($6.04 in chips) 
Seat 5: HyJyRH ($2.43 in chips) 
Seat 6: falcao991 ($6.96 in chips) 
pashanv8686: posts small blind $0.02
Ford71x: posts big blind $0.05
*** HOLE CARDS ***
Dealt to HubertusB [Qc Kd]
HubertusB: raises $0.10 to $0.15
HyJyRH: folds 
falcao991: folds 
qwlmn159951: folds 
pashanv8686: folds 
Ford71x: folds 
Uncalled bet ($0.10) returned to HubertusB
HubertusB collected $0.12 from pot
HubertusB: doesn't show hand 
*** SUMMARY ***
Total pot $0.12 | Rake $0 
Seat 1: qwlmn159951 (button) folded before Flop (didn't bet)
Seat 2: pashanv8686 (small blind) folded before Flop
Seat 3: Ford71x (big blind) folded before Flop
Seat 4: HubertusB collected ($0.12)
Seat 5: HyJyRH folded before Flop (didn't bet)
Seat 6: falcao991 folded before Flop (didn't bet)



PokerStars Zoom Hand #186958838753:  Hold'em No Limit ($0.02/$0.05) - 2018/05/28 23:17:52 CCT [2018/05/28 11:17:52 ET]
Table 'Donati' 6-max Seat #1 is the button
Seat 1: Edmondo007 ($5.16 in chips) 
Seat 2: FightMe!-LOOSER ($4.93 in chips) 
Seat 3: Kostya Red ($5.05 in chips) 
Seat 4: levathon ($6.81 in chips) 
Seat 5: fk9843 ($12.98 in chips) 
Seat 6: HubertusB ($6.09 in chips) 
FightMe!-LOOSER: posts small blind $0.02
Kostya Red: posts big blind $0.05
*** HOLE CARDS ***
Dealt to HubertusB [6c 7s]
levathon: folds 
fk9843: folds 
HubertusB: folds 
Edmondo007: folds 
FightMe!-LOOSER: folds 
Uncalled bet ($0.03) returned to Kostya Red
Kostya Red collected $0.04 from pot
Kostya Red: doesn't show hand 
*** SUMMARY ***
Total pot $0.04 | Rake $0 
Seat 1: Edmondo007 (button) folded before Flop (didn't bet)
Seat 2: FightMe!-LOOSER (small blind) folded before Flop
Seat 3: Kostya Red (big blind) collected ($0.04)
Seat 4: levathon folded before Flop (didn't bet)
Seat 5: fk9843 folded before Flop (didn't bet)
Seat 6: HubertusB folded before Flop (didn't bet)



PokerStars Zoom Hand #186958835544:  Hold'em No Limit ($0.02/$0.05) - 2018/05/28 23:17:44 CCT [2018/05/28 11:17:44 ET]
Table 'Donati' 6-max Seat #1 is the button
Seat 1: audi a4352 ($5.13 in chips) 
Seat 2: HubertusB ($6.11 in chips) 
Seat 3: F1895 ($7.44 in chips) 
Seat 4: Hyd SK ($3.92 in chips) 
Seat 5: Amandawow ($1.47 in chips) 
Seat 6: 00-db ($3.68 in chips) 
HubertusB: posts small blind $0.02
F1895: posts big blind $0.05
*** HOLE CARDS ***
Dealt to HubertusB [5s 9s]
Hyd SK: folds 
Amandawow: folds 
00-db: raises $0.10 to $0.15
audi a4352: folds 
HubertusB: folds 
F1895: folds 
Uncalled bet ($0.10) returned to 00-db
00-db collected $0.12 from pot
00-db: doesn't show hand 
*** SUMMARY ***
Total pot $0.12 | Rake $0 
Seat 1: audi a4352 (button) folded before Flop (didn't bet)
Seat 2: HubertusB (small blind) folded before Flop
Seat 3: F1895 (big blind) folded before Flop
Seat 4: Hyd SK folded before Flop (didn't bet)
Seat 5: Amandawow folded before Flop (didn't bet)
Seat 6: 00-db collected ($0.12)



PokerStars Zoom Hand #186958840796:  Hold'em No Limit ($0.02/$0.05) - 2018/05/28 23:17:57 CCT [2018/05/28 11:17:57 ET]
Table 'Donati' 6-max Seat #1 is the button
Seat 1: HubertusB ($6.09 in chips) 
Seat 2: yorimitisyug ($5.09 in chips) 
Seat 3: grunge&punk ($5.54 in chips) 
Seat 4: Cu2SO4 ($5.42 in chips) 
Seat 5: FloatsMyBoat ($5.80 in chips) 
Seat 6: titov1975 ($2.81 in chips) 
yorimitisyug: posts small blind $0.02
grunge&punk: posts big blind $0.05
*** HOLE CARDS ***
Dealt to HubertusB [Qs 8h]
Cu2SO4: folds 
FloatsMyBoat: folds 
titov1975: folds 
HubertusB: folds 
yorimitisyug: folds 
Uncalled bet ($0.03) returned to grunge&punk
grunge&punk collected $0.04 from pot
grunge&punk: doesn't show hand 
*** SUMMARY ***
Total pot $0.04 | Rake $0 
Seat 1: HubertusB (button) folded before Flop (didn't bet)
Seat 2: yorimitisyug (small blind) folded before Flop
Seat 3: grunge&punk (big blind) collected ($0.04)
Seat 4: Cu2SO4 folded before Flop (didn't bet)
Seat 5: FloatsMyBoat folded before Flop (didn't bet)
Seat 6: titov1975 folded before Flop (didn't bet)



PokerStars Zoom Hand #186958844725:  Hold'em No Limit ($0.02/$0.05) - 2018/05/28 23:18:07 CCT [2018/05/28 11:18:07 ET]
Table 'Donati' 6-max Seat #1 is the button
Seat 1: ValentjNN ($9.75 in chips) 
Seat 2: F1895 ($5 in chips) 
Seat 3: tigra537 ($5.04 in chips) 
Seat 4: alexbai79 ($6.03 in chips) 
Seat 5: HubertusB ($6.09 in chips) 
Seat 6: marfen7 ($12.27 in chips) 
F1895: posts small blind $0.02
tigra537: posts big blind $0.05
*** HOLE CARDS ***
Dealt to HubertusB [9s Ts]
alexbai79: folds 
HubertusB: raises $0.10 to $0.15
marfen7: folds 
ValentjNN: calls $0.15
F1895: folds 
tigra537: folds 
*** FLOP *** [Jd 4s Ah]
HubertusB: bets $0.20
ValentjNN: folds 
Uncalled bet ($0.20) returned to HubertusB
HubertusB collected $0.35 from pot
HubertusB: doesn't show hand 
*** SUMMARY ***
Total pot $0.37 | Rake $0.02 
Board [Jd 4s Ah]
Seat 1: ValentjNN (button) folded on the Flop
Seat 2: F1895 (small blind) folded before Flop
Seat 3: tigra537 (big blind) folded before Flop
Seat 4: alexbai79 folded before Flop (didn't bet)
Seat 5: HubertusB collected ($0.35)
Seat 6: marfen7 folded before Flop (didn't bet)



PokerStars Zoom Hand #186958854195:  Hold'em No Limit ($0.02/$0.05) - 2018/05/28 23:18:31 CCT [2018/05/28 11:18:31 ET]
Table 'Donati' 6-max Seat #1 is the button
Seat 1: MerVit ($5.66 in chips) 
Seat 2: mentatat ($5 in chips) 
Seat 3: Bit13i ($14.79 in chips) 
Seat 4: HubertusB ($6.29 in chips) 
Seat 5: ArnoldHUN ($5.08 in chips) 
Seat 6: alexbai79 ($5.96 in chips) 
mentatat: posts small blind $0.02
Bit13i: posts big blind $0.05
*** HOLE CARDS ***
Dealt to HubertusB [9d Ac]
HubertusB: folds 
ArnoldHUN: folds 
alexbai79: folds 
MerVit: folds 
mentatat: folds 
Uncalled bet ($0.03) returned to Bit13i
Bit13i collected $0.04 from pot
Bit13i: doesn't show hand 
*** SUMMARY ***
Total pot $0.04 | Rake $0 
Seat 1: MerVit (button) folded before Flop (didn't bet)
Seat 2: mentatat (small blind) folded before Flop
Seat 3: Bit13i (big blind) collected ($0.04)
Seat 4: HubertusB folded before Flop (didn't bet)
Seat 5: ArnoldHUN folded before Flop (didn't bet)
Seat 6: alexbai79 folded before Flop (didn't bet)



PokerStars Zoom Hand #186958856178:  Hold'em No Limit ($0.02/$0.05) - 2018/05/28 23:18:36 CCT [2018/05/28 11:18:36 ET]
Table 'Donati' 6-max Seat #1 is the button
Seat 1: gustav171 ($5.86 in chips) 
Seat 2: willemrules ($5.81 in chips) 
Seat 3: NeverCallYou ($5.11 in chips) 
Seat 4: Lina6591 ($3.64 in chips) 
Seat 5: marioberna96 ($5.34 in chips) 
Seat 6: HubertusB ($6.29 in chips) 
willemrules: posts small blind $0.02
NeverCallYou: posts big blind $0.05
*** HOLE CARDS ***
Dealt to HubertusB [6s 7d]
Lina6591: raises $0.10 to $0.15
marioberna96: folds 
HubertusB: folds 
gustav171: folds 
willemrules: folds 
NeverCallYou: folds 
Uncalled bet ($0.10) returned to Lina6591
Lina6591 collected $0.12 from pot
Lina6591: doesn't show hand 
*** SUMMARY ***
Total pot $0.12 | Rake $0 
Seat 1: gustav171 (button) folded before Flop (didn't bet)
Seat 2: willemrules (small blind) folded before Flop
Seat 3: NeverCallYou (big blind) folded before Flop
Seat 4: Lina6591 collected ($0.12)
Seat 5: marioberna96 folded before Flop (didn't bet)
Seat 6: HubertusB folded before Flop (didn't bet)



PokerStars Zoom Hand #186958858057:  Hold'em No Limit ($0.02/$0.05) - 2018/05/28 23:18:41 CCT [2018/05/28 11:18:41 ET]
Table 'Donati' 6-max Seat #1 is the button
Seat 1: marcioadrs ($5 in chips) 
Seat 2: grunge&punk ($4.88 in chips) 
Seat 3: HubertusB ($6.29 in chips) 
Seat 4: gregzila ($3.92 in chips) 
Seat 5: littlfish_1 ($4.86 in chips) 
Seat 6: JoelHunt007 ($5 in chips) 
grunge&punk: posts small blind $0.02
HubertusB: posts big blind $0.05
*** HOLE CARDS ***
Dealt to HubertusB [7s 2d]
gregzila: folds 
littlfish_1: folds 
JoelHunt007: folds 
marcioadrs: folds 
grunge&punk: folds 
Uncalled bet ($0.03) returned to HubertusB
HubertusB collected $0.04 from pot
HubertusB: doesn't show hand 
*** SUMMARY ***
Total pot $0.04 | Rake $0 
Seat 1: marcioadrs (button) folded before Flop (didn't bet)
Seat 2: grunge&punk (small blind) folded before Flop
Seat 3: HubertusB (big blind) collected ($0.04)
Seat 4: gregzila folded before Flop (didn't bet)
Seat 5: littlfish_1 folded before Flop (didn't bet)
Seat 6: JoelHunt007 folded before Flop (didn't bet)



PokerStars Zoom Hand #186958864216:  Hold'em No Limit ($0.02/$0.05) - 2018/05/28 23:18:57 CCT [2018/05/28 11:18:57 ET]
Table 'Donati' 6-max Seat #1 is the button
Seat 1: bidipro ($5.79 in chips) 
Seat 2: HubertusB ($6.31 in chips) 
Seat 3: GiFlake ($3.97 in chips) 
Seat 4: falcao991 ($8.91 in chips) 
Seat 5: littlfish_1 ($6.73 in chips) 
Seat 6: obkormylo ($7.25 in chips) 
HubertusB: posts small blind $0.02
GiFlake: posts big blind $0.05
*** HOLE CARDS ***
Dealt to HubertusB [6s 4d]
falcao991: folds 
littlfish_1: folds 
obkormylo: raises $0.10 to $0.15
bidipro: folds 
HubertusB: folds 
GiFlake: folds 
Uncalled bet ($0.10) returned to obkormylo
obkormylo collected $0.12 from pot
obkormylo: doesn't show hand 
*** SUMMARY ***
Total pot $0.12 | Rake $0 
Seat 1: bidipro (button) folded before Flop (didn't bet)
Seat 2: HubertusB (small blind) folded before Flop
Seat 3: GiFlake (big blind) folded before Flop
Seat 4: falcao991 folded before Flop (didn't bet)
Seat 5: littlfish_1 folded before Flop (didn't bet)
Seat 6: obkormylo collected ($0.12)



PokerStars Zoom Hand #186958882609:  Hold'em No Limit ($0.02/$0.05) - 2018/05/28 23:19:46 CCT [2018/05/28 11:19:46 ET]
Table 'Donati' 6-max Seat #1 is the button
Seat 1: livluvlif951 ($5.44 in chips) 
Seat 2: -=l Grek l=- ($5.49 in chips) 
Seat 3: TitanX1 ($2.56 in chips) 
Seat 4: id e6y_1 ($4.57 in chips) 
Seat 5: HubertusB ($6.29 in chips) 
Seat 6: PenTAce ($5.80 in chips) 
-=l Grek l=-: posts small blind $0.02
TitanX1: posts big blind $0.05
*** HOLE CARDS ***
Dealt to HubertusB [8c Qd]
id e6y_1: folds 
HubertusB: folds 
PenTAce: folds 
livluvlif951: folds 
-=l Grek l=-: raises $0.07 to $0.12
TitanX1: folds 
Uncalled bet ($0.07) returned to -=l Grek l=-
-=l Grek l=- collected $0.10 from pot
-=l Grek l=-: doesn't show hand 
*** SUMMARY ***
Total pot $0.10 | Rake $0 
Seat 1: livluvlif951 (button) folded before Flop (didn't bet)
Seat 2: -=l Grek l=- (small blind) collected ($0.10)
Seat 3: TitanX1 (big blind) folded before Flop
Seat 4: id e6y_1 folded before Flop (didn't bet)
Seat 5: HubertusB folded before Flop (didn't bet)
Seat 6: PenTAce folded before Flop (didn't bet)



PokerStars Zoom Hand #186958873673:  Hold'em No Limit ($0.02/$0.05) - 2018/05/28 23:19:22 CCT [2018/05/28 11:19:22 ET]
Table 'Donati' 6-max Seat #1 is the button
Seat 1: HubertusB ($6.29 in chips) 
Seat 2: djarvils ($12.79 in chips) 
Seat 3: PenTAce ($5.85 in chips) 
Seat 4: sollgewinnen ($3.50 in chips) 
Seat 5: firelex1 ($15.51 in chips) 
Seat 6: centilong ($6.56 in chips) 
djarvils: posts small blind $0.02
PenTAce: posts big blind $0.05
*** HOLE CARDS ***
Dealt to HubertusB [8d Jh]
sollgewinnen: folds 
firelex1: raises $0.10 to $0.15
centilong: folds 
HubertusB: folds 
djarvils: calls $0.13
PenTAce: folds 
*** FLOP *** [Ah Kd 2h]
djarvils: checks 
firelex1: checks 
*** TURN *** [Ah Kd 2h] [9h]
djarvils: bets $0.05
firelex1: calls $0.05
*** RIVER *** [Ah Kd 2h 9h] [7c]
djarvils: bets $0.15
firelex1: folds 
Uncalled bet ($0.15) returned to djarvils
djarvils collected $0.43 from pot
djarvils: doesn't show hand 
*** SUMMARY ***
Total pot $0.45 | Rake $0.02 
Board [Ah Kd 2h 9h 7c]
Seat 1: HubertusB (button) folded before Flop (didn't bet)
Seat 2: djarvils (small blind) collected ($0.43)
Seat 3: PenTAce (big blind) folded before Flop
Seat 4: sollgewinnen folded before Flop (didn't bet)
Seat 5: firelex1 folded on the River
Seat 6: centilong folded before Flop (didn't bet)



PokerStars Zoom Hand #186958885525:  Hold'em No Limit ($0.02/$0.05) - 2018/05/28 23:19:54 CCT [2018/05/28 11:19:54 ET]
Table 'Donati' 6-max Seat #1 is the button
Seat 1: alexei1902 ($6.03 in chips) 
Seat 2: Edmondo007 ($5 in chips) 
Seat 3: Tn 939 ($5.14 in chips) 
Seat 4: HubertusB ($6.29 in chips) 
Seat 5: holdmybreath ($5.21 in chips) 
Seat 6: Draugsvoll ($5.11 in chips) 
Edmondo007: posts small blind $0.02
Tn 939: posts big blind $0.05
*** HOLE CARDS ***
Dealt to HubertusB [2s 2c]
HubertusB: raises $0.10 to $0.15
holdmybreath: folds 
Draugsvoll: folds 
alexei1902: folds 
Edmondo007: folds 
Tn 939: folds 
Uncalled bet ($0.10) returned to HubertusB
HubertusB collected $0.12 from pot
HubertusB: doesn't show hand 
*** SUMMARY ***
Total pot $0.12 | Rake $0 
Seat 1: alexei1902 (button) folded before Flop (didn't bet)
Seat 2: Edmondo007 (small blind) folded before Flop
Seat 3: Tn 939 (big blind) folded before Flop
Seat 4: HubertusB collected ($0.12)
Seat 5: holdmybreath folded before Flop (didn't bet)
Seat 6: Draugsvoll folded before Flop (didn't bet)



PokerStars Zoom Hand #186958900847:  Hold'em No Limit ($0.02/$0.05) - 2018/05/28 23:20:36 CCT [2018/05/28 11:20:36 ET]
Table 'Donati' 6-max Seat #1 is the button
Seat 1: MoòSh ($12.01 in chips) 
Seat 2: id e6y_1 ($4.82 in chips) 
Seat 3: PSqsd ($5.22 in chips) 
Seat 4: ProjetRed ($6.15 in chips) 
Seat 5: instabio ($6.11 in chips) 
Seat 6: HubertusB ($6.31 in chips) 
id e6y_1: posts small blind $0.02
PSqsd: posts big blind $0.05
*** HOLE CARDS ***
Dealt to HubertusB [4d 7c]
ProjetRed: raises $0.10 to $0.15
instabio: folds 
HubertusB: folds 
MoòSh: folds 
id e6y_1: folds 
PSqsd: folds 
Uncalled bet ($0.10) returned to ProjetRed
ProjetRed collected $0.12 from pot
ProjetRed: doesn't show hand 
*** SUMMARY ***
Total pot $0.12 | Rake $0 
Seat 1: MoòSh (button) folded before Flop (didn't bet)
Seat 2: id e6y_1 (small blind) folded before Flop
Seat 3: PSqsd (big blind) folded before Flop
Seat 4: ProjetRed collected ($0.12)
Seat 5: instabio folded before Flop (didn't bet)
Seat 6: HubertusB folded before Flop (didn't bet)



PokerStars Zoom Hand #186958894671:  Hold'em No Limit ($0.02/$0.05) - 2018/05/28 23:20:19 CCT [2018/05/28 11:20:19 ET]
Table 'Donati' 6-max Seat #1 is the button
Seat 1: heinrich81 ($5 in chips) 
Seat 2: someep1ck ($5 in chips) 
Seat 3: HubertusB ($6.36 in chips) 
Seat 4: firelex1 ($22.62 in chips) 
Seat 5: Tommm_97 ($5.36 in chips) 
Seat 6: whitewhisper ($21.99 in chips) 
someep1ck: posts small blind $0.02
HubertusB: posts big blind $0.05
*** HOLE CARDS ***
Dealt to HubertusB [5d 2s]
firelex1: folds 
Tommm_97: raises $0.10 to $0.15
whitewhisper: calls $0.15
heinrich81: folds 
someep1ck: folds 
HubertusB: folds 
*** FLOP *** [9d 4c 8c]
Tommm_97: bets $0.24
whitewhisper: folds 
Uncalled bet ($0.24) returned to Tommm_97
Tommm_97 collected $0.35 from pot
Tommm_97: doesn't show hand 
*** SUMMARY ***
Total pot $0.37 | Rake $0.02 
Board [9d 4c 8c]
Seat 1: heinrich81 (button) folded before Flop (didn't bet)
Seat 2: someep1ck (small blind) folded before Flop
Seat 3: HubertusB (big blind) folded before Flop
Seat 4: firelex1 folded before Flop (didn't bet)
Seat 5: Tommm_97 collected ($0.35)
Seat 6: whitewhisper folded on the Flop



PokerStars Zoom Hand #186958907133:  Hold'em No Limit ($0.02/$0.05) - 2018/05/28 23:20:53 CCT [2018/05/28 11:20:53 ET]
Table 'Donati' 6-max Seat #1 is the button
Seat 1: PenTAce ($5 in chips) 
Seat 2: HubertusB ($6.31 in chips) 
Seat 3: TheShadow409 ($4.69 in chips) 
Seat 4: Kostya Red ($9.36 in chips) 
Seat 5: 12Sherman ($3.22 in chips) 
Seat 6: lauavesi ($4.86 in chips) 
HubertusB: posts small blind $0.02
TheShadow409: posts big blind $0.05
*** HOLE CARDS ***
Dealt to HubertusB [7s 4s]
Kostya Red: folds 
12Sherman: raises $0.12 to $0.17
lauavesi: folds 
PenTAce: folds 
HubertusB: folds 
TheShadow409: folds 
Uncalled bet ($0.12) returned to 12Sherman
12Sherman collected $0.12 from pot
12Sherman: doesn't show hand 
*** SUMMARY ***
Total pot $0.12 | Rake $0 
Seat 1: PenTAce (button) folded before Flop (didn't bet)
Seat 2: HubertusB (small blind) folded before Flop
Seat 3: TheShadow409 (big blind) folded before Flop
Seat 4: Kostya Red folded before Flop (didn't bet)
Seat 5: 12Sherman collected ($0.12)
Seat 6: lauavesi folded before Flop (didn't bet)



PokerStars Zoom Hand #186958912615:  Hold'em No Limit ($0.02/$0.05) - 2018/05/28 23:21:08 CCT [2018/05/28 11:21:08 ET]
Table 'Donati' 6-max Seat #1 is the button
Seat 1: Podie89 ($5.93 in chips) 
Seat 2: tpk0813 ($4.36 in chips) 
Seat 3: SskyAngel ($2.73 in chips) 
Seat 4: V8S8E8 ($4.44 in chips) 
Seat 5: HubertusB ($6.29 in chips) 
Seat 6: obkormylo ($6.80 in chips) 
tpk0813: posts small blind $0.02
SskyAngel: posts big blind $0.05
*** HOLE CARDS ***
Dealt to HubertusB [3h 3s]
V8S8E8: folds 
HubertusB: raises $0.10 to $0.15
obkormylo: folds 
Podie89: folds 
tpk0813: folds 
SskyAngel: folds 
Uncalled bet ($0.10) returned to HubertusB
HubertusB collected $0.12 from pot
HubertusB: doesn't show hand 
*** SUMMARY ***
Total pot $0.12 | Rake $0 
Seat 1: Podie89 (button) folded before Flop (didn't bet)
Seat 2: tpk0813 (small blind) folded before Flop
Seat 3: SskyAngel (big blind) folded before Flop
Seat 4: V8S8E8 folded before Flop (didn't bet)
Seat 5: HubertusB collected ($0.12)
Seat 6: obkormylo folded before Flop (didn't bet)



PokerStars Zoom Hand #186958910474:  Hold'em No Limit ($0.02/$0.05) - 2018/05/28 23:21:02 CCT [2018/05/28 11:21:02 ET]
Table 'Donati' 6-max Seat #1 is the button
Seat 1: HubertusB ($6.29 in chips) 
Seat 2: tpk0813 ($4.72 in chips) 
Seat 3: NeverCallYou ($5 in chips) 
Seat 4: Danjmor ($5.42 in chips) 
Seat 5: Jmm256 ($5 in chips) 
Seat 6: mykahu ($16.51 in chips) 
tpk0813: posts small blind $0.02
NeverCallYou: posts big blind $0.05
*** HOLE CARDS ***
Dealt to HubertusB [6h 5d]
Danjmor: calls $0.05
Jmm256: folds 
mykahu: folds 
HubertusB: folds 
tpk0813: folds 
NeverCallYou: checks 
*** FLOP *** [Qh Ts 6c]
NeverCallYou: checks 
Danjmor: checks 
*** TURN *** [Qh Ts 6c] [Kd]
NeverCallYou: checks 
Danjmor: bets $0.15
NeverCallYou: folds 
Uncalled bet ($0.15) returned to Danjmor
Danjmor collected $0.12 from pot
Danjmor: doesn't show hand 
*** SUMMARY ***
Total pot $0.12 | Rake $0 
Board [Qh Ts 6c Kd]
Seat 1: HubertusB (button) folded before Flop (didn't bet)
Seat 2: tpk0813 (small blind) folded before Flop
Seat 3: NeverCallYou (big blind) folded on the Turn
Seat 4: Danjmor collected ($0.12)
Seat 5: Jmm256 folded before Flop (didn't bet)
Seat 6: mykahu folded before Flop (didn't bet)



PokerStars Zoom Hand #186958916833:  Hold'em No Limit ($0.02/$0.05) - 2018/05/28 23:21:20 CCT [2018/05/28 11:21:20 ET]
Table 'Donati' 6-max Seat #1 is the button
Seat 1: pashanv8686 ($22.91 in chips) 
Seat 2: FieluFlag ($10.13 in chips) 
Seat 3: plaz v ($1.02 in chips) 
Seat 4: littlfish_1 ($4.68 in chips) 
Seat 5: achodoom ($3.65 in chips) 
Seat 6: HubertusB ($6.36 in chips) 
FieluFlag: posts small blind $0.02
plaz v: posts big blind $0.05
*** HOLE CARDS ***
Dealt to HubertusB [Tc Ac]
littlfish_1: folds 
achodoom: calls $0.05
HubertusB: raises $0.30 to $0.35
pashanv8686: folds 
FieluFlag: folds 
plaz v: folds 
achodoom: folds 
Uncalled bet ($0.30) returned to HubertusB
HubertusB collected $0.17 from pot
HubertusB: doesn't show hand 
*** SUMMARY ***
Total pot $0.17 | Rake $0 
Seat 1: pashanv8686 (button) folded before Flop (didn't bet)
Seat 2: FieluFlag (small blind) folded before Flop
Seat 3: plaz v (big blind) folded before Flop
Seat 4: littlfish_1 folded before Flop (didn't bet)
Seat 5: achodoom folded before Flop
Seat 6: HubertusB collected ($0.17)



PokerStars Zoom Hand #186958904865:  Hold'em No Limit ($0.02/$0.05) - 2018/05/28 23:20:47 CCT [2018/05/28 11:20:47 ET]
Table 'Donati' 6-max Seat #1 is the button
Seat 1: T4NK.nl ($7.57 in chips) 
Seat 2: Radomir 26 ($17.57 in chips) 
Seat 3: haddonjack ($5.55 in chips) 
Seat 4: HubertusB ($6.31 in chips) 
Seat 5: Faku710 ($6.17 in chips) 
Seat 6: Jmm256 ($5 in chips) 
Radomir 26: posts small blind $0.02
haddonjack: posts big blind $0.05
*** HOLE CARDS ***
Dealt to HubertusB [Jc 7d]
HubertusB: folds 
Faku710: raises $0.07 to $0.12
Jmm256: folds 
T4NK.nl: folds 
Radomir 26: raises $0.28 to $0.40
haddonjack: folds 
Faku710: calls $0.28
*** FLOP *** [9h 2s 5d]
Radomir 26: bets $0.57
Faku710: folds 
Uncalled bet ($0.57) returned to Radomir 26
Radomir 26 collected $0.81 from pot
Radomir 26: doesn't show hand 
*** SUMMARY ***
Total pot $0.85 | Rake $0.04 
Board [9h 2s 5d]
Seat 1: T4NK.nl (button) folded before Flop (didn't bet)
Seat 2: Radomir 26 (small blind) collected ($0.81)
Seat 3: haddonjack (big blind) folded before Flop
Seat 4: HubertusB folded before Flop (didn't bet)
Seat 5: Faku710 folded on the Flop
Seat 6: Jmm256 folded before Flop (didn't bet)



PokerStars Zoom Hand #186958923660:  Hold'em No Limit ($0.02/$0.05) - 2018/05/28 23:21:39 CCT [2018/05/28 11:21:39 ET]
Table 'Donati' 6-max Seat #1 is the button
Seat 1: Anusnimus ($5.81 in chips) 
Seat 2: celams ($5.32 in chips) 
Seat 3: HubertusB ($6.48 in chips) 
Seat 4: non0no ($5.02 in chips) 
Seat 5: Glolight ($10.53 in chips) 
Seat 6: gregzila ($3.04 in chips) 
celams: posts small blind $0.02
HubertusB: posts big blind $0.05
*** HOLE CARDS ***
Dealt to HubertusB [Qd Jc]
non0no: folds 
Glolight: raises $0.10 to $0.15
gregzila: folds 
Anusnimus: folds 
celams: folds 
HubertusB: calls $0.10
*** FLOP *** [5s 9d Jd]
HubertusB: checks 
Glolight: bets $0.16
HubertusB: calls $0.16
*** TURN *** [5s 9d Jd] [7d]
HubertusB: checks 
Glolight: checks 
*** RIVER *** [5s 9d Jd 7d] [Qc]
HubertusB: bets $0.45
Glolight: folds 
Uncalled bet ($0.45) returned to HubertusB
HubertusB collected $0.61 from pot
HubertusB: doesn't show hand 
*** SUMMARY ***
Total pot $0.64 | Rake $0.03 
Board [5s 9d Jd 7d Qc]
Seat 1: Anusnimus (button) folded before Flop (didn't bet)
Seat 2: celams (small blind) folded before Flop
Seat 3: HubertusB (big blind) collected ($0.61)
Seat 4: non0no folded before Flop (didn't bet)
Seat 5: Glolight folded on the River
Seat 6: gregzila folded before Flop (didn't bet)



PokerStars Zoom Hand #186958950164:  Hold'em No Limit ($0.02/$0.05) - 2018/05/28 23:22:54 CCT [2018/05/28 11:22:54 ET]
Table 'Donati' 6-max Seat #1 is the button
Seat 1: HubertusB ($6.76 in chips) 
Seat 2: barrabalero ($5 in chips) 
Seat 3: Radomir 26 ($13.80 in chips) 
Seat 4: AsterixBrn ($8.21 in chips) 
Seat 5: Anusnimus ($10.61 in chips) 
Seat 6: ReFleXHH ($5 in chips) 
barrabalero: posts small blind $0.02
Radomir 26: posts big blind $0.05
*** HOLE CARDS ***
Dealt to HubertusB [9h Ts]
AsterixBrn: folds 
Anusnimus: folds 
ReFleXHH: folds 
HubertusB: raises $0.10 to $0.15
barrabalero: folds 
Radomir 26: folds 
Uncalled bet ($0.10) returned to HubertusB
HubertusB collected $0.12 from pot
HubertusB: doesn't show hand 
*** SUMMARY ***
Total pot $0.12 | Rake $0 
Seat 1: HubertusB (button) collected ($0.12)
Seat 2: barrabalero (small blind) folded before Flop
Seat 3: Radomir 26 (big blind) folded before Flop
Seat 4: AsterixBrn folded before Flop (didn't bet)
Seat 5: Anusnimus folded before Flop (didn't bet)
Seat 6: ReFleXHH folded before Flop (didn't bet)



PokerStars Zoom Hand #186958943071:  Hold'em No Limit ($0.02/$0.05) - 2018/05/28 23:22:34 CCT [2018/05/28 11:22:34 ET]
Table 'Donati' 6-max Seat #1 is the button
Seat 1: Grilojdi ($2.45 in chips) 
Seat 2: Maksbill1 ($5.32 in chips) 
Seat 3: Podie89 ($8.65 in chips) 
Seat 4: HubertusB ($6.78 in chips) 
Seat 5: R.Gyunter ($3.13 in chips) 
Seat 6: yorimitisyug ($5.93 in chips) 
Maksbill1: posts small blind $0.02
Podie89: posts big blind $0.05
*** HOLE CARDS ***
Dealt to HubertusB [2s 5h]
HubertusB: folds 
R.Gyunter: raises $0.05 to $0.10
yorimitisyug: folds 
Grilojdi: folds 
Maksbill1: folds 
Podie89: calls $0.05
*** FLOP *** [5s 5c 6s]
Podie89: bets $0.11
R.Gyunter: raises $0.11 to $0.22
Podie89: calls $0.11
*** TURN *** [5s 5c 6s] [Kc]
Podie89: bets $0.32
R.Gyunter: calls $0.32
*** RIVER *** [5s 5c 6s Kc] [3c]
Podie89: bets $1
R.Gyunter: folds 
Uncalled bet ($1) returned to Podie89
Podie89 collected $1.25 from pot
Podie89: doesn't show hand 
*** SUMMARY ***
Total pot $1.30 | Rake $0.05 
Board [5s 5c 6s Kc 3c]
Seat 1: Grilojdi (button) folded before Flop (didn't bet)
Seat 2: Maksbill1 (small blind) folded before Flop
Seat 3: Podie89 (big blind) collected ($1.25)
Seat 4: HubertusB folded before Flop (didn't bet)
Seat 5: R.Gyunter folded on the River
Seat 6: yorimitisyug folded before Flop (didn't bet)



PokerStars Zoom Hand #186958945177:  Hold'em No Limit ($0.02/$0.05) - 2018/05/28 23:22:40 CCT [2018/05/28 11:22:40 ET]
Table 'Donati' 6-max Seat #1 is the button
Seat 1: KingBuzzo666 ($7.87 in chips) 
Seat 2: HubertusB ($6.78 in chips) 
Seat 3: fr1sson ($5.45 in chips) 
Seat 4: holdmybreath ($5 in chips) 
Seat 5: Ne1ce888 ($4.92 in chips) 
Seat 6: FieluFlag ($10.13 in chips) 
HubertusB: posts small blind $0.02
fr1sson: posts big blind $0.05
*** HOLE CARDS ***
Dealt to HubertusB [Js 4s]
holdmybreath: folds 
Ne1ce888: calls $0.05
FieluFlag: raises $0.15 to $0.20
KingBuzzo666: folds 
HubertusB: folds 
fr1sson: calls $0.15
Ne1ce888: calls $0.15
*** FLOP *** [6h 7c Qc]
fr1sson: checks 
Ne1ce888: checks 
FieluFlag: checks 
*** TURN *** [6h 7c Qc] [Ah]
fr1sson: checks 
Ne1ce888: checks 
FieluFlag: checks 
*** RIVER *** [6h 7c Qc Ah] [9s]
fr1sson: bets $0.18
Ne1ce888: raises $0.47 to $0.65
FieluFlag: folds 
fr1sson: folds 
Uncalled bet ($0.47) returned to Ne1ce888
Ne1ce888 collected $0.94 from pot
Ne1ce888: doesn't show hand 
*** SUMMARY ***
Total pot $0.98 | Rake $0.04 
Board [6h 7c Qc Ah 9s]
Seat 1: KingBuzzo666 (button) folded before Flop (didn't bet)
Seat 2: HubertusB (small blind) folded before Flop
Seat 3: fr1sson (big blind) folded on the River
Seat 4: holdmybreath folded before Flop (didn't bet)
Seat 5: Ne1ce888 collected ($0.94)
Seat 6: FieluFlag folded on the River



PokerStars Zoom Hand #186958955321:  Hold'em No Limit ($0.02/$0.05) - 2018/05/28 23:23:09 CCT [2018/05/28 11:23:09 ET]
Table 'Donati' 6-max Seat #1 is the button
Seat 1: Radomir 26 ($13.75 in chips) 
Seat 2: J-omp 21 ($7.06 in chips) 
Seat 3: TikeTake ($9.84 in chips) 
Seat 4: trapponi14 ($6.36 in chips) 
Seat 5: HubertusB ($6.83 in chips) 
Seat 6: U_RULIA ($5 in chips) 
J-omp 21: posts small blind $0.02
TikeTake: posts big blind $0.05
*** HOLE CARDS ***
Dealt to HubertusB [Ah 8h]
trapponi14: folds 
HubertusB: raises $0.10 to $0.15
U_RULIA: folds 
Radomir 26: folds 
J-omp 21: calls $0.13
TikeTake: calls $0.10
*** FLOP *** [6s Ad 8d]
J-omp 21: checks 
TikeTake: checks 
HubertusB: checks 
*** TURN *** [6s Ad 8d] [5d]
J-omp 21: checks 
TikeTake: bets $0.21
HubertusB: calls $0.21
J-omp 21: folds 
*** RIVER *** [6s Ad 8d 5d] [Td]
TikeTake: checks 
HubertusB: checks 
*** SHOW DOWN ***
TikeTake: shows [Qd Jd] (a flush, Ace high)
HubertusB: mucks hand 
TikeTake collected $0.83 from pot
*** SUMMARY ***
Total pot $0.87 | Rake $0.04 
Board [6s Ad 8d 5d Td]
Seat 1: Radomir 26 (button) folded before Flop (didn't bet)
Seat 2: J-omp 21 (small blind) folded on the Turn
Seat 3: TikeTake (big blind) showed [Qd Jd] and won ($0.83) with a flush, Ace high
Seat 4: trapponi14 folded before Flop (didn't bet)
Seat 5: HubertusB mucked [Ah 8h]
Seat 6: U_RULIA folded before Flop (didn't bet)



PokerStars Zoom Hand #186958974020:  Hold'em No Limit ($0.02/$0.05) - 2018/05/28 23:24:02 CCT [2018/05/28 11:24:02 ET]
Table 'Donati' 6-max Seat #1 is the button
Seat 1: 4BetForFood ($5.23 in chips) 
Seat 2: HubertusB ($6.47 in chips) 
Seat 3: whitewhisper ($21.55 in chips) 
Seat 4: Patojenajlepsi ($9.96 in chips) 
Seat 5: MitoRay ($4.94 in chips) 
Seat 6: Pokerhai6666 ($8.14 in chips) 
HubertusB: posts small blind $0.02
whitewhisper: posts big blind $0.05
*** HOLE CARDS ***
Dealt to HubertusB [Jd 2d]
Patojenajlepsi: folds 
MitoRay: folds 
Pokerhai6666: folds 
4BetForFood: raises $0.07 to $0.12
HubertusB: raises $0.28 to $0.40
whitewhisper: folds 
4BetForFood: raises $1 to $1.40
HubertusB: folds 
Uncalled bet ($1) returned to 4BetForFood
4BetForFood collected $0.85 from pot
4BetForFood: doesn't show hand 
*** SUMMARY ***
Total pot $0.85 | Rake $0 
Seat 1: 4BetForFood (button) collected ($0.85)
Seat 2: HubertusB (small blind) folded before Flop
Seat 3: whitewhisper (big blind) folded before Flop
Seat 4: Patojenajlepsi folded before Flop (didn't bet)
Seat 5: MitoRay folded before Flop (didn't bet)
Seat 6: Pokerhai6666 folded before Flop (didn't bet)



PokerStars Zoom Hand #186958984868:  Hold'em No Limit ($0.02/$0.05) - 2018/05/28 23:24:33 CCT [2018/05/28 11:24:33 ET]
Table 'Donati' 6-max Seat #1 is the button
Seat 1: haruhi:3 ($5 in chips) 
Seat 2: vladimir piter ($2.68 in chips) 
Seat 3: HubertusB ($6.07 in chips) 
Seat 4: hogey85 ($7.03 in chips) 
Seat 5: grzywekkk ($5.20 in chips) 
Seat 6: Brogliato16 ($5.56 in chips) 
vladimir piter: posts small blind $0.02
HubertusB: posts big blind $0.05
*** HOLE CARDS ***
Dealt to HubertusB [9h Qs]
hogey85: folds 
grzywekkk: folds 
Brogliato16: raises $0.10 to $0.15
haruhi:3: raises $0.30 to $0.45
vladimir piter: folds 
HubertusB: folds 
Brogliato16: calls $0.30
*** FLOP *** [8c 3s Kc]
Brogliato16: checks 
haruhi:3: bets $0.47
Brogliato16: folds 
Uncalled bet ($0.47) returned to haruhi:3
haruhi:3 collected $0.93 from pot
haruhi:3: doesn't show hand 
*** SUMMARY ***
Total pot $0.97 | Rake $0.04 
Board [8c 3s Kc]
Seat 1: haruhi:3 (button) collected ($0.93)
Seat 2: vladimir piter (small blind) folded before Flop
Seat 3: HubertusB (big blind) folded before Flop
Seat 4: hogey85 folded before Flop (didn't bet)
Seat 5: grzywekkk folded before Flop (didn't bet)
Seat 6: Brogliato16 folded on the Flop



PokerStars Zoom Hand #186958989782:  Hold'em No Limit ($0.02/$0.05) - 2018/05/28 23:24:47 CCT [2018/05/28 11:24:47 ET]
Table 'Donati' 6-max Seat #1 is the button
Seat 1: HubertusB ($6.02 in chips) 
Seat 2: FieluFlag ($9.66 in chips) 
Seat 3: Tommm_97 ($5 in chips) 
Seat 4: cholomatsu ($7.85 in chips) 
Seat 5: SskyAngel ($4.04 in chips) 
Seat 6: JHWH87 ($9.59 in chips) 
FieluFlag: posts small blind $0.02
Tommm_97: posts big blind $0.05
*** HOLE CARDS ***
Dealt to HubertusB [Jh 2h]
cholomatsu: folds 
SskyAngel: folds 
JHWH87: folds 
HubertusB: raises $0.10 to $0.15
FieluFlag: folds 
Tommm_97: calls $0.10
*** FLOP *** [5d 3s 8d]
Tommm_97: checks 
HubertusB: checks 
*** TURN *** [5d 3s 8d] [6d]
Tommm_97: checks 
HubertusB: bets $0.20
Tommm_97: folds 
Uncalled bet ($0.20) returned to HubertusB
HubertusB collected $0.31 from pot
HubertusB: doesn't show hand 
*** SUMMARY ***
Total pot $0.32 | Rake $0.01 
Board [5d 3s 8d 6d]
Seat 1: HubertusB (button) collected ($0.31)
Seat 2: FieluFlag (small blind) folded before Flop
Seat 3: Tommm_97 (big blind) folded on the Turn
Seat 4: cholomatsu folded before Flop (didn't bet)
Seat 5: SskyAngel folded before Flop (didn't bet)
Seat 6: JHWH87 folded before Flop (didn't bet)



PokerStars Zoom Hand #186959001643:  Hold'em No Limit ($0.02/$0.05) - 2018/05/28 23:25:21 CCT [2018/05/28 11:25:21 ET]
Table 'Donati' 6-max Seat #1 is the button
Seat 1: marfen7 ($13.16 in chips) 
Seat 2: Tqlkkk-_- ($7.86 in chips) 
Seat 3: space_jazz ($5.68 in chips) 
Seat 4: grunge&punk ($5 in chips) 
Seat 5: blindfelt21 ($5.98 in chips) 
Seat 6: HubertusB ($6.18 in chips) 
Tqlkkk-_-: posts small blind $0.02
space_jazz: posts big blind $0.05
*** HOLE CARDS ***
Dealt to HubertusB [Ad Jd]
grunge&punk: folds 
blindfelt21: folds 
HubertusB: raises $0.10 to $0.15
marfen7: folds 
Tqlkkk-_-: folds 
space_jazz: folds 
Uncalled bet ($0.10) returned to HubertusB
HubertusB collected $0.12 from pot
HubertusB: doesn't show hand 
*** SUMMARY ***
Total pot $0.12 | Rake $0 
Seat 1: marfen7 (button) folded before Flop (didn't bet)
Seat 2: Tqlkkk-_- (small blind) folded before Flop
Seat 3: space_jazz (big blind) folded before Flop
Seat 4: grunge&punk folded before Flop (didn't bet)
Seat 5: blindfelt21 folded before Flop (didn't bet)
Seat 6: HubertusB collected ($0.12)



PokerStars Zoom Hand #186959015910:  Hold'em No Limit ($0.02/$0.05) - 2018/05/28 23:26:02 CCT [2018/05/28 11:26:02 ET]
Table 'Donati' 6-max Seat #1 is the button
Seat 1: levathon ($10.72 in chips) 
Seat 2: willemrules ($7.28 in chips) 
Seat 3: -=l Grek l=- ($5.66 in chips) 
Seat 4: HubertusB ($6.25 in chips) 
Seat 5: IrenVasya ($5 in chips) 
Seat 6: 4BetForFood ($5.44 in chips) 
willemrules: posts small blind $0.02
-=l Grek l=-: posts big blind $0.05
*** HOLE CARDS ***
Dealt to HubertusB [6c 3h]
HubertusB: folds 
IrenVasya: folds 
4BetForFood: folds 
levathon: folds 
willemrules: folds 
Uncalled bet ($0.03) returned to -=l Grek l=-
-=l Grek l=- collected $0.04 from pot
-=l Grek l=-: doesn't show hand 
*** SUMMARY ***
Total pot $0.04 | Rake $0 
Seat 1: levathon (button) folded before Flop (didn't bet)
Seat 2: willemrules (small blind) folded before Flop
Seat 3: -=l Grek l=- (big blind) collected ($0.04)
Seat 4: HubertusB folded before Flop (didn't bet)
Seat 5: IrenVasya folded before Flop (didn't bet)
Seat 6: 4BetForFood folded before Flop (didn't bet)



PokerStars Zoom Hand #186959021813:  Hold'em No Limit ($0.02/$0.05) - 2018/05/28 23:26:19 CCT [2018/05/28 11:26:19 ET]
Table 'Donati' 6-max Seat #1 is the button
Seat 1: CVBA85 ($10.43 in chips) 
Seat 2: YOMYTOMY ($5.09 in chips) 
Seat 3: HubertusB ($6.25 in chips) 
Seat 4: mamel7777 ($5.93 in chips) 
Seat 5: heinrich81 ($4.95 in chips) 
Seat 6: livluvlif951 ($5 in chips) 
YOMYTOMY: posts small blind $0.02
HubertusB: posts big blind $0.05
*** HOLE CARDS ***
Dealt to HubertusB [2d As]
mamel7777: raises $0.10 to $0.15
heinrich81: folds 
livluvlif951: folds 
CVBA85: folds 
YOMYTOMY: folds 
HubertusB: folds 
Uncalled bet ($0.10) returned to mamel7777
mamel7777 collected $0.12 from pot
mamel7777: doesn't show hand 
*** SUMMARY ***
Total pot $0.12 | Rake $0 
Seat 1: CVBA85 (button) folded before Flop (didn't bet)
Seat 2: YOMYTOMY (small blind) folded before Flop
Seat 3: HubertusB (big blind) folded before Flop
Seat 4: mamel7777 collected ($0.12)
Seat 5: heinrich81 folded before Flop (didn't bet)
Seat 6: livluvlif951 folded before Flop (didn't bet)



PokerStars Zoom Hand #186959019063:  Hold'em No Limit ($0.02/$0.05) - 2018/05/28 23:26:11 CCT [2018/05/28 11:26:11 ET]
Table 'Donati' 6-max Seat #1 is the button
Seat 1: meibutsu ($5.32 in chips) 
Seat 2: Glolight ($24.82 in chips) 
Seat 3: Lucica6363 ($3.15 in chips) 
Seat 4: HubertusB ($6.25 in chips) 
Seat 5: ali3nt0mmy ($8.94 in chips) 
Seat 6: denserk ($5.53 in chips) 
Glolight: posts small blind $0.02
Lucica6363: posts big blind $0.05
*** HOLE CARDS ***
Dealt to HubertusB [Kh 4d]
HubertusB: folds 
ali3nt0mmy: folds 
denserk: raises $0.07 to $0.12
meibutsu: folds 
Glolight: folds 
Lucica6363: calls $0.07
*** FLOP *** [Ac 9c Jc]
Lucica6363: checks 
denserk: bets $0.13
Lucica6363: raises $0.23 to $0.36
denserk: folds 
Uncalled bet ($0.23) returned to Lucica6363
Lucica6363 collected $0.50 from pot
Lucica6363: doesn't show hand 
*** SUMMARY ***
Total pot $0.52 | Rake $0.02 
Board [Ac 9c Jc]
Seat 1: meibutsu (button) folded before Flop (didn't bet)
Seat 2: Glolight (small blind) folded before Flop
Seat 3: Lucica6363 (big blind) collected ($0.50)
Seat 4: HubertusB folded before Flop (didn't bet)
Seat 5: ali3nt0mmy folded before Flop (didn't bet)
Seat 6: denserk folded on the Flop



PokerStars Zoom Hand #186959007926:  Hold'em No Limit ($0.02/$0.05) - 2018/05/28 23:25:39 CCT [2018/05/28 11:25:39 ET]
Table 'Donati' 6-max Seat #1 is the button
Seat 1: firelex1 ($6.22 in chips) 
Seat 2: axilleas33 ($5 in chips) 
Seat 3: gustav171 ($5.05 in chips) 
Seat 4: misha061111 ($4.57 in chips) 
Seat 5: HubertusB ($6.25 in chips) 
Seat 6: ADNWOGD ($7.86 in chips) 
axilleas33: posts small blind $0.02
gustav171: posts big blind $0.05
*** HOLE CARDS ***
Dealt to HubertusB [Qh 3s]
misha061111: raises $0.20 to $0.25
HubertusB: folds 
ADNWOGD: calls $0.25
firelex1: raises $0.82 to $1.07
axilleas33: folds 
gustav171: folds 
misha061111: calls $0.82
ADNWOGD: folds 
*** FLOP *** [Td Ac Qd]
misha061111: bets $3.50 and is all-in
firelex1: calls $3.50
*** TURN *** [Td Ac Qd] [4s]
*** RIVER *** [Td Ac Qd 4s] [8d]
*** SHOW DOWN ***
misha061111: shows [Tc 9h] (a pair of Tens)
firelex1: shows [Ad Ks] (a pair of Aces)
firelex1 collected $9.07 from pot
*** SUMMARY ***
Total pot $9.46 | Rake $0.39 
Board [Td Ac Qd 4s 8d]
Seat 1: firelex1 (button) showed [Ad Ks] and won ($9.07) with a pair of Aces
Seat 2: axilleas33 (small blind) folded before Flop
Seat 3: gustav171 (big blind) folded before Flop
Seat 4: misha061111 showed [Tc 9h] and lost with a pair of Tens
Seat 5: HubertusB folded before Flop (didn't bet)
Seat 6: ADNWOGD folded before Flop



PokerStars Zoom Hand #186959025342:  Hold'em No Limit ($0.02/$0.05) - 2018/05/28 23:26:29 CCT [2018/05/28 11:26:29 ET]
Table 'Donati' 6-max Seat #1 is the button
Seat 1: epejoo ($5 in chips) 
Seat 2: salamandryko ($5.21 in chips) 
Seat 3: sapiosss1 ($10.01 in chips) 
Seat 4: Tommm_97 ($11.31 in chips) 
Seat 5: ReFleXHH ($6.67 in chips) 
Seat 6: HubertusB ($6.20 in chips) 
salamandryko: posts small blind $0.02
sapiosss1: posts big blind $0.05
*** HOLE CARDS ***
Dealt to HubertusB [3s Ah]
Tommm_97: folds 
ReFleXHH: folds 
HubertusB: folds 
epejoo: raises $0.10 to $0.15
salamandryko: raises $0.30 to $0.45
sapiosss1: folds 
epejoo: folds 
Uncalled bet ($0.30) returned to salamandryko
salamandryko collected $0.35 from pot
salamandryko: doesn't show hand 
*** SUMMARY ***
Total pot $0.35 | Rake $0 
Seat 1: epejoo (button) folded before Flop
Seat 2: salamandryko (small blind) collected ($0.35)
Seat 3: sapiosss1 (big blind) folded before Flop
Seat 4: Tommm_97 folded before Flop (didn't bet)
Seat 5: ReFleXHH folded before Flop (didn't bet)
Seat 6: HubertusB folded before Flop (didn't bet)



PokerStars Zoom Hand #186959027789:  Hold'em No Limit ($0.02/$0.05) - 2018/05/28 23:26:36 CCT [2018/05/28 11:26:36 ET]
Table 'Donati' 6-max Seat #1 is the button
Seat 1: toned cheif ($10.14 in chips) 
Seat 2: HubertusB ($6.20 in chips) 
Seat 3: shershen' I ($5.25 in chips) 
Seat 4: djarvils ($11.62 in chips) 
Seat 5: Maksbill1 ($5.71 in chips) 
Seat 6: alex2-a.a ($3.95 in chips) 
HubertusB: posts small blind $0.02
shershen' I: posts big blind $0.05
*** HOLE CARDS ***
Dealt to HubertusB [Jc Kh]
djarvils: folds 
Maksbill1: folds 
alex2-a.a: folds 
toned cheif: folds 
HubertusB: raises $0.10 to $0.15
shershen' I: raises $0.30 to $0.45
HubertusB: folds 
Uncalled bet ($0.30) returned to shershen' I
shershen' I collected $0.30 from pot
shershen' I: doesn't show hand 
*** SUMMARY ***
Total pot $0.30 | Rake $0 
Seat 1: toned cheif (button) folded before Flop (didn't bet)
Seat 2: HubertusB (small blind) folded before Flop
Seat 3: shershen' I (big blind) collected ($0.30)
Seat 4: djarvils folded before Flop (didn't bet)
Seat 5: Maksbill1 folded before Flop (didn't bet)
Seat 6: alex2-a.a folded before Flop (didn't bet)



PokerStars Zoom Hand #186959045890:  Hold'em No Limit ($0.02/$0.05) - 2018/05/28 23:27:28 CCT [2018/05/28 11:27:28 ET]
Table 'Donati' 6-max Seat #1 is the button
Seat 1: tofsty ($27.97 in chips) 
Seat 2: SirSavagery ($5.08 in chips) 
Seat 3: SskyAngel ($4.26 in chips) 
Seat 4: Pro100-LLaPb ($5.70 in chips) 
Seat 5: HubertusB ($6.05 in chips) 
Seat 6: mearlog18 ($9.20 in chips) 
SirSavagery: posts small blind $0.02
SskyAngel: posts big blind $0.05
*** HOLE CARDS ***
Dealt to HubertusB [Kh Kc]
Pro100-LLaPb: folds 
HubertusB: raises $0.10 to $0.15
mearlog18: folds 
tofsty: folds 
SirSavagery: folds 
SskyAngel: folds 
Uncalled bet ($0.10) returned to HubertusB
HubertusB collected $0.12 from pot
HubertusB: doesn't show hand 
*** SUMMARY ***
Total pot $0.12 | Rake $0 
Seat 1: tofsty (button) folded before Flop (didn't bet)
Seat 2: SirSavagery (small blind) folded before Flop
Seat 3: SskyAngel (big blind) folded before Flop
Seat 4: Pro100-LLaPb folded before Flop (didn't bet)
Seat 5: HubertusB collected ($0.12)
Seat 6: mearlog18 folded before Flop (didn't bet)



PokerStars Zoom Hand #186959053425:  Hold'em No Limit ($0.02/$0.05) - 2018/05/28 23:27:50 CCT [2018/05/28 11:27:50 ET]
Table 'Donati' 6-max Seat #1 is the button
Seat 1: artem1103072 ($7.82 in chips) 
Seat 2: Xasoin ($9.05 in chips) 
Seat 3: gustav171 ($4.98 in chips) 
Seat 4: david_sara83 ($6.13 in chips) 
Seat 5: FloatsMyBoat ($5.99 in chips) 
Seat 6: HubertusB ($6.12 in chips) 
Xasoin: posts small blind $0.02
gustav171: posts big blind $0.05
*** HOLE CARDS ***
Dealt to HubertusB [Kd 6s]
david_sara83: raises $0.10 to $0.15
FloatsMyBoat: folds 
HubertusB: folds 
artem1103072: folds 
Xasoin: folds 
gustav171: folds 
Uncalled bet ($0.10) returned to david_sara83
david_sara83 collected $0.12 from pot
david_sara83: doesn't show hand 
*** SUMMARY ***
Total pot $0.12 | Rake $0 
Seat 1: artem1103072 (button) folded before Flop (didn't bet)
Seat 2: Xasoin (small blind) folded before Flop
Seat 3: gustav171 (big blind) folded before Flop
Seat 4: david_sara83 collected ($0.12)
Seat 5: FloatsMyBoat folded before Flop (didn't bet)
Seat 6: HubertusB folded before Flop (didn't bet)



PokerStars Zoom Hand #186959063800:  Hold'em No Limit ($0.02/$0.05) - 2018/05/28 23:28:02 CCT [2018/05/28 11:28:02 ET]
Table 'Donati' 6-max Seat #1 is the button
Seat 1: darkmoon311 ($10.48 in chips) 
Seat 2: Stalt04 ($4.13 in chips) 
Seat 3: HubertusB ($6.12 in chips) 
Seat 4: haruhi:3 ($5 in chips) 
Seat 5: holdmybreath ($6.34 in chips) 
Seat 6: kvoka123 ($2.57 in chips) 
Stalt04: posts small blind $0.02
HubertusB: posts big blind $0.05
*** HOLE CARDS ***
Dealt to HubertusB [Kc Ks]
haruhi:3: folds 
holdmybreath: folds 
kvoka123: folds 
darkmoon311: folds 
Stalt04: folds 
Uncalled bet ($0.03) returned to HubertusB
HubertusB collected $0.04 from pot
HubertusB: doesn't show hand 
*** SUMMARY ***
Total pot $0.04 | Rake $0 
Seat 1: darkmoon311 (button) folded before Flop (didn't bet)
Seat 2: Stalt04 (small blind) folded before Flop
Seat 3: HubertusB (big blind) collected ($0.04)
Seat 4: haruhi:3 folded before Flop (didn't bet)
Seat 5: holdmybreath folded before Flop (didn't bet)
Seat 6: kvoka123 folded before Flop (didn't bet)



PokerStars Zoom Hand #186959044127:  Hold'em No Limit ($0.02/$0.05) - 2018/05/28 23:27:23 CCT [2018/05/28 11:27:23 ET]
Table 'Donati' 6-max Seat #1 is the button
Seat 1: HubertusB ($6.05 in chips) 
Seat 2: levathon ($5 in chips) 
Seat 3: Tommm_97 ($11.31 in chips) 
Seat 4: gavrik720 ($4.24 in chips) 
Seat 5: Belmondo599 ($4.99 in chips) 
Seat 6: someep1ck ($5.27 in chips) 
levathon: posts small blind $0.02
Tommm_97: posts big blind $0.05
*** HOLE CARDS ***
Dealt to HubertusB [Qs 4h]
gavrik720: folds 
Belmondo599: calls $0.05
someep1ck: folds 
HubertusB: folds 
levathon: folds 
Tommm_97: checks 
*** FLOP *** [Qh 5s 9d]
Tommm_97: checks 
Belmondo599: bets $0.10
Tommm_97: calls $0.10
*** TURN *** [Qh 5s 9d] [2s]
Tommm_97: checks 
Belmondo599: bets $0.15
Tommm_97: calls $0.15
*** RIVER *** [Qh 5s 9d 2s] [2h]
Tommm_97: checks 
Belmondo599: bets $0.15
Tommm_97: calls $0.15
*** SHOW DOWN ***
Belmondo599: shows [Js Qc] (two pair, Queens and Deuces)
Tommm_97: mucks hand 
Belmondo599 collected $0.88 from pot
*** SUMMARY ***
Total pot $0.92 | Rake $0.04 
Board [Qh 5s 9d 2s 2h]
Seat 1: HubertusB (button) folded before Flop (didn't bet)
Seat 2: levathon (small blind) folded before Flop
Seat 3: Tommm_97 (big blind) mucked [Ah 9s]
Seat 4: gavrik720 folded before Flop (didn't bet)
Seat 5: Belmondo599 showed [Js Qc] and won ($0.88) with two pair, Queens and Deuces
Seat 6: someep1ck folded before Flop (didn't bet)



PokerStars Zoom Hand #186959067650:  Hold'em No Limit ($0.02/$0.05) - 2018/05/28 23:28:13 CCT [2018/05/28 11:28:13 ET]
Table 'Donati' 6-max Seat #1 is the button
Seat 1: ali3nt0mmy ($8.78 in chips) 
Seat 2: HubertusB ($6.14 in chips) 
Seat 3: DreadF0ol ($5 in chips) 
Seat 4: JoelHunt007 ($5 in chips) 
Seat 5: overboard3 ($5.16 in chips) 
Seat 6: ReFleXHH ($5.33 in chips) 
HubertusB: posts small blind $0.02
DreadF0ol: posts big blind $0.05
*** HOLE CARDS ***
Dealt to HubertusB [7c Ac]
JoelHunt007: folds 
overboard3: folds 
ReFleXHH: folds 
ali3nt0mmy: folds 
HubertusB: raises $0.10 to $0.15
DreadF0ol: folds 
Uncalled bet ($0.10) returned to HubertusB
HubertusB collected $0.10 from pot
HubertusB: doesn't show hand 
*** SUMMARY ***
Total pot $0.10 | Rake $0 
Seat 1: ali3nt0mmy (button) folded before Flop (didn't bet)
Seat 2: HubertusB (small blind) collected ($0.10)
Seat 3: DreadF0ol (big blind) folded before Flop
Seat 4: JoelHunt007 folded before Flop (didn't bet)
Seat 5: overboard3 folded before Flop (didn't bet)
Seat 6: ReFleXHH folded before Flop (didn't bet)



PokerStars Zoom Hand #186959061707:  Hold'em No Limit ($0.02/$0.05) - 2018/05/28 23:27:56 CCT [2018/05/28 11:27:56 ET]
Table 'Donati' 6-max Seat #1 is the button
Seat 1: Reket8 ($2.36 in chips) 
Seat 2: fiana1968 ($5.38 in chips) 
Seat 3: Ka4ibuk@ ($5.05 in chips) 
Seat 4: SskyAngel ($4.19 in chips) 
Seat 5: HubertusB ($6.12 in chips) 
Seat 6: J-omp 21 ($6.82 in chips) 
fiana1968: posts small blind $0.02
Ka4ibuk@: posts big blind $0.05
*** HOLE CARDS ***
Dealt to HubertusB [9d 7s]
SskyAngel: folds 
HubertusB: folds 
J-omp 21: folds 
Reket8: raises $0.05 to $0.10
fiana1968: folds 
Ka4ibuk@: calls $0.05
*** FLOP *** [Jh Kh Th]
Ka4ibuk@: checks 
Reket8: bets $0.10
Ka4ibuk@: raises $0.30 to $0.40
Reket8: folds 
Uncalled bet ($0.30) returned to Ka4ibuk@
Ka4ibuk@ collected $0.40 from pot
Ka4ibuk@: doesn't show hand 
*** SUMMARY ***
Total pot $0.42 | Rake $0.02 
Board [Jh Kh Th]
Seat 1: Reket8 (button) folded on the Flop
Seat 2: fiana1968 (small blind) folded before Flop
Seat 3: Ka4ibuk@ (big blind) collected ($0.40)
Seat 4: SskyAngel folded before Flop (didn't bet)
Seat 5: HubertusB folded before Flop (didn't bet)
Seat 6: J-omp 21 folded before Flop (didn't bet)



PokerStars Zoom Hand #186959072821:  Hold'em No Limit ($0.02/$0.05) - 2018/05/28 23:28:28 CCT [2018/05/28 11:28:28 ET]
Table 'Donati' 6-max Seat #1 is the button
Seat 1: HubertusB ($6.19 in chips) 
Seat 2: Glolight ($10.41 in chips) 
Seat 3: Flipper000 ($4.23 in chips) 
Seat 4: weigela123 ($7.87 in chips) 
Seat 5: epejoo ($5 in chips) 
Seat 6: pingWINaLLin ($5.07 in chips) 
Glolight: posts small blind $0.02
Flipper000: posts big blind $0.05
*** HOLE CARDS ***
Dealt to HubertusB [4h Th]
weigela123: raises $0.10 to $0.15
epejoo: folds 
pingWINaLLin: folds 
HubertusB: folds 
Glolight: folds 
Flipper000: folds 
Uncalled bet ($0.10) returned to weigela123
weigela123 collected $0.12 from pot
weigela123: doesn't show hand 
*** SUMMARY ***
Total pot $0.12 | Rake $0 
Seat 1: HubertusB (button) folded before Flop (didn't bet)
Seat 2: Glolight (small blind) folded before Flop
Seat 3: Flipper000 (big blind) folded before Flop
Seat 4: weigela123 collected ($0.12)
Seat 5: epejoo folded before Flop (didn't bet)
Seat 6: pingWINaLLin folded before Flop (didn't bet)



PokerStars Zoom Hand #186959077406:  Hold'em No Limit ($0.02/$0.05) - 2018/05/28 23:28:41 CCT [2018/05/28 11:28:41 ET]
Table 'Donati' 6-max Seat #1 is the button
Seat 1: almos548 ($1.13 in chips) 
Seat 2: Heteroconger ($5.29 in chips) 
Seat 3: Pro100-LLaPb ($5.37 in chips) 
Seat 4: ckmtl5 ($5.62 in chips) 
Seat 5: hongta100 ($1.93 in chips) 
Seat 6: HubertusB ($6.19 in chips) 
Heteroconger: posts small blind $0.02
Pro100-LLaPb: posts big blind $0.05
*** HOLE CARDS ***
Dealt to HubertusB [6d As]
ckmtl5: folds 
hongta100: folds 
HubertusB: folds 
almos548: folds 
Heteroconger: folds 
Uncalled bet ($0.03) returned to Pro100-LLaPb
Pro100-LLaPb collected $0.04 from pot
Pro100-LLaPb: doesn't show hand 
*** SUMMARY ***
Total pot $0.04 | Rake $0 
Seat 1: almos548 (button) folded before Flop (didn't bet)
Seat 2: Heteroconger (small blind) folded before Flop
Seat 3: Pro100-LLaPb (big blind) collected ($0.04)
Seat 4: ckmtl5 folded before Flop (didn't bet)
Seat 5: hongta100 folded before Flop (didn't bet)
Seat 6: HubertusB folded before Flop (didn't bet)



PokerStars Zoom Hand #186959079791:  Hold'em No Limit ($0.02/$0.05) - 2018/05/28 23:28:48 CCT [2018/05/28 11:28:48 ET]
Table 'Donati' 6-max Seat #1 is the button
Seat 1: tigra537 ($4.81 in chips) 
Seat 2: haddonjack ($5 in chips) 
Seat 3: HubertusB ($6.19 in chips) 
Seat 4: ninix17 ($5 in chips) 
Seat 5: 5iftyse7en ($4.91 in chips) 
Seat 6: scotseng ($5.65 in chips) 
haddonjack: posts small blind $0.02
HubertusB: posts big blind $0.05
*** HOLE CARDS ***
Dealt to HubertusB [Ac 8c]
ninix17: folds 
5iftyse7en: folds 
scotseng: folds 
tigra537: folds 
haddonjack: folds 
Uncalled bet ($0.03) returned to HubertusB
HubertusB collected $0.04 from pot
HubertusB: doesn't show hand 
*** SUMMARY ***
Total pot $0.04 | Rake $0 
Seat 1: tigra537 (button) folded before Flop (didn't bet)
Seat 2: haddonjack (small blind) folded before Flop
Seat 3: HubertusB (big blind) collected ($0.04)
Seat 4: ninix17 folded before Flop (didn't bet)
Seat 5: 5iftyse7en folded before Flop (didn't bet)
Seat 6: scotseng folded before Flop (didn't bet)



PokerStars Zoom Hand #186959074908:  Hold'em No Limit ($0.02/$0.05) - 2018/05/28 23:28:34 CCT [2018/05/28 11:28:34 ET]
Table 'Donati' 6-max Seat #1 is the button
Seat 1: TikeTake ($5.65 in chips) 
Seat 2: uction ($5.23 in chips) 
Seat 3: PenTAce ($8.88 in chips) 
Seat 4: HubertusB ($6.19 in chips) 
Seat 5: DreadF0ol ($5.23 in chips) 
Seat 6: kliha888 ($5.47 in chips) 
uction: posts small blind $0.02
PenTAce: posts big blind $0.05
*** HOLE CARDS ***
Dealt to HubertusB [5s 8c]
HubertusB: folds 
DreadF0ol: folds 
kliha888: raises $0.07 to $0.12
TikeTake: folds 
uction: calls $0.10
PenTAce: calls $0.07
*** FLOP *** [5c Ts 8s]
uction: checks 
PenTAce: checks 
kliha888: bets $0.18
uction: folds 
PenTAce: folds 
Uncalled bet ($0.18) returned to kliha888
kliha888 collected $0.35 from pot
kliha888: doesn't show hand 
*** SUMMARY ***
Total pot $0.36 | Rake $0.01 
Board [5c Ts 8s]
Seat 1: TikeTake (button) folded before Flop (didn't bet)
Seat 2: uction (small blind) folded on the Flop
Seat 3: PenTAce (big blind) folded on the Flop
Seat 4: HubertusB folded before Flop (didn't bet)
Seat 5: DreadF0ol folded before Flop (didn't bet)
Seat 6: kliha888 collected ($0.35)



PokerStars Zoom Hand #186959088447:  Hold'em No Limit ($0.02/$0.05) - 2018/05/28 23:29:13 CCT [2018/05/28 11:29:13 ET]
Table 'Donati' 6-max Seat #1 is the button
Seat 1: trucker9972 ($5.14 in chips) 
Seat 2: MamaMaruca ($5.53 in chips) 
Seat 3: Dias Jr ($4.03 in chips) 
Seat 4: ali3nt0mmy ($9.44 in chips) 
Seat 5: HubertusB ($6.19 in chips) 
Seat 6: barrabalero ($5.81 in chips) 
MamaMaruca: posts small blind $0.02
Dias Jr: posts big blind $0.05
*** HOLE CARDS ***
Dealt to HubertusB [Td 8s]
ali3nt0mmy: folds 
HubertusB: folds 
barrabalero: folds 
trucker9972: calls $0.05
MamaMaruca: folds 
Dias Jr: checks 
*** FLOP *** [8d Tc 6c]
Dias Jr: bets $0.10
trucker9972: folds 
Uncalled bet ($0.10) returned to Dias Jr
Dias Jr collected $0.12 from pot
Dias Jr: doesn't show hand 
*** SUMMARY ***
Total pot $0.12 | Rake $0 
Board [8d Tc 6c]
Seat 1: trucker9972 (button) folded on the Flop
Seat 2: MamaMaruca (small blind) folded before Flop
Seat 3: Dias Jr (big blind) collected ($0.12)
Seat 4: ali3nt0mmy folded before Flop (didn't bet)
Seat 5: HubertusB folded before Flop (didn't bet)
Seat 6: barrabalero folded before Flop (didn't bet)



PokerStars Zoom Hand #186959091857:  Hold'em No Limit ($0.02/$0.05) - 2018/05/28 23:29:23 CCT [2018/05/28 11:29:23 ET]
Table 'Donati' 6-max Seat #1 is the button
Seat 1: HubertusB ($6.19 in chips) 
Seat 2: smudge120681 ($5.89 in chips) 
Seat 3: ANANATOR ($5 in chips) 
Seat 4: tpk0813 ($6.74 in chips) 
Seat 5: Rednext ($5.65 in chips) 
Seat 6: J-omp 21 ($6.71 in chips) 
smudge120681: posts small blind $0.02
ANANATOR: posts big blind $0.05
*** HOLE CARDS ***
Dealt to HubertusB [7h Td]
tpk0813: folds 
Rednext: folds 
J-omp 21: folds 
HubertusB: folds 
smudge120681: calls $0.03
ANANATOR: checks 
*** FLOP *** [2c 6c 3s]
smudge120681: checks 
ANANATOR: bets $0.07
smudge120681: folds 
Uncalled bet ($0.07) returned to ANANATOR
ANANATOR collected $0.10 from pot
ANANATOR: doesn't show hand 
*** SUMMARY ***
Total pot $0.10 | Rake $0 
Board [2c 6c 3s]
Seat 1: HubertusB (button) folded before Flop (didn't bet)
Seat 2: smudge120681 (small blind) folded on the Flop
Seat 3: ANANATOR (big blind) collected ($0.10)
Seat 4: tpk0813 folded before Flop (didn't bet)
Seat 5: Rednext folded before Flop (didn't bet)
Seat 6: J-omp 21 folded before Flop (didn't bet)



PokerStars Zoom Hand #186959084302:  Hold'em No Limit ($0.02/$0.05) - 2018/05/28 23:29:01 CCT [2018/05/28 11:29:01 ET]
Table 'Donati' 6-max Seat #1 is the button
Seat 1: zibertmen ($7.78 in chips) 
Seat 2: HubertusB ($6.21 in chips) 
Seat 3: Crazytiger7 ($5 in chips) 
Seat 4: vo2max ($5.37 in chips) 
Seat 5: meibutsu ($5.08 in chips) 
Seat 6: BoSs00 ($5.77 in chips) 
HubertusB: posts small blind $0.02
Crazytiger7: posts big blind $0.05
*** HOLE CARDS ***
Dealt to HubertusB [3d Kd]
vo2max: folds 
meibutsu: folds 
BoSs00: folds 
zibertmen: raises $0.10 to $0.15
HubertusB: folds 
Crazytiger7: calls $0.10
*** FLOP *** [2c Jc 3s]
Crazytiger7: checks 
zibertmen: checks 
*** TURN *** [2c Jc 3s] [Ks]
Crazytiger7: checks 
zibertmen: bets $0.16
Crazytiger7: raises $0.44 to $0.60
zibertmen: calls $0.44
*** RIVER *** [2c Jc 3s Ks] [Th]
Crazytiger7: checks 
zibertmen: checks 
*** SHOW DOWN ***
Crazytiger7: shows [Qh Tc] (a pair of Tens)
zibertmen: mucks hand 
Crazytiger7 collected $1.46 from pot
*** SUMMARY ***
Total pot $1.52 | Rake $0.06 
Board [2c Jc 3s Ks Th]
Seat 1: zibertmen (button) mucked [6s As]
Seat 2: HubertusB (small blind) folded before Flop
Seat 3: Crazytiger7 (big blind) showed [Qh Tc] and won ($1.46) with a pair of Tens
Seat 4: vo2max folded before Flop (didn't bet)
Seat 5: meibutsu folded before Flop (didn't bet)
Seat 6: BoSs00 folded before Flop (didn't bet)



PokerStars Zoom Hand #186959090152:  Hold'em No Limit ($0.02/$0.05) - 2018/05/28 23:29:18 CCT [2018/05/28 11:29:18 ET]
Table 'Donati' 6-max Seat #1 is the button
Seat 1: JHWH87 ($5.55 in chips) 
Seat 2: pruzhina9696 ($5.15 in chips) 
Seat 3: linda957 ($4.49 in chips) 
Seat 4: HubertusB ($6.19 in chips) 
Seat 5: wfghh ($7.55 in chips) 
Seat 6: Tn 939 ($5.17 in chips) 
pruzhina9696: posts small blind $0.02
linda957: posts big blind $0.05
*** HOLE CARDS ***
Dealt to HubertusB [8h 5d]
HubertusB: folds 
wfghh: raises $0.07 to $0.12
Tn 939: folds 
JHWH87: raises $0.31 to $0.43
pruzhina9696: raises $4.72 to $5.15 and is all-in
linda957: folds 
wfghh: folds 
JHWH87: calls $4.72
*** FLOP *** [Qh Ad 6h]
*** TURN *** [Qh Ad 6h] [4s]
*** RIVER *** [Qh Ad 6h 4s] [7d]
*** SHOW DOWN ***
pruzhina9696: shows [7h 7s] (three of a kind, Sevens)
JHWH87: shows [Jc Jh] (a pair of Jacks)
pruzhina9696 collected $10.04 from pot
*** SUMMARY ***
Total pot $10.47 | Rake $0.43 
Board [Qh Ad 6h 4s 7d]
Seat 1: JHWH87 (button) showed [Jc Jh] and lost with a pair of Jacks
Seat 2: pruzhina9696 (small blind) showed [7h 7s] and won ($10.04) with three of a kind, Sevens
Seat 3: linda957 (big blind) folded before Flop
Seat 4: HubertusB folded before Flop (didn't bet)
Seat 5: wfghh folded before Flop
Seat 6: Tn 939 folded before Flop (didn't bet)



PokerStars Zoom Hand #186959093560:  Hold'em No Limit ($0.02/$0.05) - 2018/05/28 23:29:28 CCT [2018/05/28 11:29:28 ET]
Table 'Donati' 6-max Seat #1 is the button
Seat 1: F1911P ($29.54 in chips) 
Seat 2: HubertusB ($6.19 in chips) 
Seat 3: koldino ($1.90 in chips) 
Seat 4: MD'forik' ($3.80 in chips) 
Seat 5: uction ($5.06 in chips) 
Seat 6: mamel7777 ($5.90 in chips) 
HubertusB: posts small blind $0.02
koldino: posts big blind $0.05
*** HOLE CARDS ***
Dealt to HubertusB [5s 4d]
MD'forik': raises $0.10 to $0.15
uction: folds 
mamel7777: folds 
F1911P: folds 
HubertusB: folds 
koldino: folds 
Uncalled bet ($0.10) returned to MD'forik'
MD'forik' collected $0.12 from pot
MD'forik': doesn't show hand 
*** SUMMARY ***
Total pot $0.12 | Rake $0 
Seat 1: F1911P (button) folded before Flop (didn't bet)
Seat 2: HubertusB (small blind) folded before Flop
Seat 3: koldino (big blind) folded before Flop
Seat 4: MD'forik' collected ($0.12)
Seat 5: uction folded before Flop (didn't bet)
Seat 6: mamel7777 folded before Flop (didn't bet)



PokerStars Zoom Hand #186959105403:  Hold'em No Limit ($0.02/$0.05) - 2018/05/28 23:30:02 CCT [2018/05/28 11:30:02 ET]
Table 'Donati' 6-max Seat #1 is the button
Seat 1: celams ($5 in chips) 
Seat 2: space_jazz ($5.17 in chips) 
Seat 3: Reket8 ($2.06 in chips) 
Seat 4: Heteroconger ($5.51 in chips) 
Seat 5: HubertusB ($6.17 in chips) 
Seat 6: mamel7777 ($6.10 in chips) 
space_jazz: posts small blind $0.02
Reket8: posts big blind $0.05
*** HOLE CARDS ***
Dealt to HubertusB [Jc 2s]
Heteroconger: folds 
HubertusB: folds 
mamel7777: folds 
celams: folds 
space_jazz: folds 
Uncalled bet ($0.03) returned to Reket8
Reket8 collected $0.04 from pot
Reket8: doesn't show hand 
*** SUMMARY ***
Total pot $0.04 | Rake $0 
Seat 1: celams (button) folded before Flop (didn't bet)
Seat 2: space_jazz (small blind) folded before Flop
Seat 3: Reket8 (big blind) collected ($0.04)
Seat 4: Heteroconger folded before Flop (didn't bet)
Seat 5: HubertusB folded before Flop (didn't bet)
Seat 6: mamel7777 folded before Flop (didn't bet)



PokerStars Zoom Hand #186959111871:  Hold'em No Limit ($0.02/$0.05) - 2018/05/28 23:30:20 CCT [2018/05/28 11:30:20 ET]
Table 'Donati' 6-max Seat #1 is the button
Seat 1: eltorinio ($5 in chips) 
Seat 2: Erdnisrep ($5 in chips) 
Seat 3: HubertusB ($6.17 in chips) 
Seat 4: Kostya Red ($7.49 in chips) 
Seat 5: darkmoon311 ($9.81 in chips) 
Seat 6: Se4ilinikogr3 ($5.53 in chips) 
Erdnisrep: posts small blind $0.02
HubertusB: posts big blind $0.05
*** HOLE CARDS ***
Dealt to HubertusB [4c 9d]
Kostya Red: folds 
darkmoon311: raises $0.10 to $0.15
Se4ilinikogr3: folds 
eltorinio: folds 
Erdnisrep: folds 
HubertusB: folds 
Uncalled bet ($0.10) returned to darkmoon311
darkmoon311 collected $0.12 from pot
darkmoon311: doesn't show hand 
*** SUMMARY ***
Total pot $0.12 | Rake $0 
Seat 1: eltorinio (button) folded before Flop (didn't bet)
Seat 2: Erdnisrep (small blind) folded before Flop
Seat 3: HubertusB (big blind) folded before Flop
Seat 4: Kostya Red folded before Flop (didn't bet)
Seat 5: darkmoon311 collected ($0.12)
Seat 6: Se4ilinikogr3 folded before Flop (didn't bet)



PokerStars Zoom Hand #186959122649:  Hold'em No Limit ($0.02/$0.05) - 2018/05/28 23:30:51 CCT [2018/05/28 11:30:51 ET]
Table 'Donati' 6-max Seat #1 is the button
Seat 1: bober2702 ($4.21 in chips) 
Seat 2: MamaMaruca ($5.07 in chips) 
Seat 3: 031968 ($6.21 in chips) 
Seat 4: trapponi14 ($8.61 in chips) 
Seat 5: YungPop ($11.81 in chips) 
Seat 6: HubertusB ($6.12 in chips) 
MamaMaruca: posts small blind $0.02
031968: posts big blind $0.05
*** HOLE CARDS ***
Dealt to HubertusB [4s 8s]
trapponi14: folds 
YungPop: folds 
HubertusB: folds 
bober2702: folds 
MamaMaruca: folds 
Uncalled bet ($0.03) returned to 031968
031968 collected $0.04 from pot
031968: doesn't show hand 
*** SUMMARY ***
Total pot $0.04 | Rake $0 
Seat 1: bober2702 (button) folded before Flop (didn't bet)
Seat 2: MamaMaruca (small blind) folded before Flop
Seat 3: 031968 (big blind) collected ($0.04)
Seat 4: trapponi14 folded before Flop (didn't bet)
Seat 5: YungPop folded before Flop (didn't bet)
Seat 6: HubertusB folded before Flop (didn't bet)



PokerStars Zoom Hand #186959126175:  Hold'em No Limit ($0.02/$0.05) - 2018/05/28 23:31:01 CCT [2018/05/28 11:31:01 ET]
Table 'Donati' 6-max Seat #1 is the button
Seat 1: TheShadow409 ($4.98 in chips) 
Seat 2: -=l Grek l=- ($5.52 in chips) 
Seat 3: ANANATOR ($5.14 in chips) 
Seat 4: Tn 939 ($5.46 in chips) 
Seat 5: freedom8888 ($2.72 in chips) 
Seat 6: HubertusB ($6.12 in chips) 
-=l Grek l=-: posts small blind $0.02
ANANATOR: posts big blind $0.05
*** HOLE CARDS ***
Dealt to HubertusB [8c 2s]
Tn 939: folds 
freedom8888: folds 
HubertusB: folds 
TheShadow409: folds 
-=l Grek l=-: raises $0.07 to $0.12
ANANATOR: folds 
Uncalled bet ($0.07) returned to -=l Grek l=-
-=l Grek l=- collected $0.10 from pot
-=l Grek l=-: doesn't show hand 
*** SUMMARY ***
Total pot $0.10 | Rake $0 
Seat 1: TheShadow409 (button) folded before Flop (didn't bet)
Seat 2: -=l Grek l=- (small blind) collected ($0.10)
Seat 3: ANANATOR (big blind) folded before Flop
Seat 4: Tn 939 folded before Flop (didn't bet)
Seat 5: freedom8888 folded before Flop (didn't bet)
Seat 6: HubertusB folded before Flop (didn't bet)



PokerStars Zoom Hand #186959116731:  Hold'em No Limit ($0.02/$0.05) - 2018/05/28 23:30:34 CCT [2018/05/28 11:30:34 ET]
Table 'Donati' 6-max Seat #1 is the button
Seat 1: HubertusB ($6.12 in chips) 
Seat 2: TheShadow409 ($4.98 in chips) 
Seat 3: ArnoldHUN ($4.97 in chips) 
Seat 4: SWARM439 ($4.78 in chips) 
Seat 5: joriksatana ($2.50 in chips) 
Seat 6: U_RULIA ($6.24 in chips) 
TheShadow409: posts small blind $0.02
ArnoldHUN: posts big blind $0.05
*** HOLE CARDS ***
Dealt to HubertusB [Jd 2s]
SWARM439: raises $0.10 to $0.15
joriksatana: calls $0.15
U_RULIA: folds 
HubertusB: folds 
TheShadow409: folds 
ArnoldHUN: folds 
*** FLOP *** [8c 5d 8d]
SWARM439: checks 
joriksatana: checks 
*** TURN *** [8c 5d 8d] [Th]
SWARM439: checks 
joriksatana: bets $0.15
SWARM439: calls $0.15
*** RIVER *** [8c 5d 8d Th] [6h]
SWARM439: checks 
joriksatana: bets $2.20 and is all-in
SWARM439: folds 
Uncalled bet ($2.20) returned to joriksatana
joriksatana collected $0.64 from pot
joriksatana: doesn't show hand 
*** SUMMARY ***
Total pot $0.67 | Rake $0.03 
Board [8c 5d 8d Th 6h]
Seat 1: HubertusB (button) folded before Flop (didn't bet)
Seat 2: TheShadow409 (small blind) folded before Flop
Seat 3: ArnoldHUN (big blind) folded before Flop
Seat 4: SWARM439 folded on the River
Seat 5: joriksatana collected ($0.64)
Seat 6: U_RULIA folded before Flop (didn't bet)



PokerStars Zoom Hand #186959130068:  Hold'em No Limit ($0.02/$0.05) - 2018/05/28 23:31:12 CCT [2018/05/28 11:31:12 ET]
Table 'Donati' 6-max Seat #1 is the button
Seat 1: Dimasik275 ($4.95 in chips) 
Seat 2: tpk0813 ($8.44 in chips) 
Seat 3: HubertusB ($6.12 in chips) 
Seat 4: LavrikSanta ($14.59 in chips) 
Seat 5: Le Sophiste ($9.77 in chips) 
Seat 6: SirSavagery ($5.65 in chips) 
tpk0813: posts small blind $0.02
HubertusB: posts big blind $0.05
*** HOLE CARDS ***
Dealt to HubertusB [6d 7d]
LavrikSanta: folds 
Le Sophiste: folds 
SirSavagery: folds 
Dimasik275: raises $0.05 to $0.10
tpk0813: calls $0.08
HubertusB: calls $0.05
*** FLOP *** [9h 6h 4h]
tpk0813: checks 
HubertusB: bets $0.15
Dimasik275: folds 
tpk0813: folds 
Uncalled bet ($0.15) returned to HubertusB
HubertusB collected $0.29 from pot
HubertusB: doesn't show hand 
*** SUMMARY ***
Total pot $0.30 | Rake $0.01 
Board [9h 6h 4h]
Seat 1: Dimasik275 (button) folded on the Flop
Seat 2: tpk0813 (small blind) folded on the Flop
Seat 3: HubertusB (big blind) collected ($0.29)
Seat 4: LavrikSanta folded before Flop (didn't bet)
Seat 5: Le Sophiste folded before Flop (didn't bet)
Seat 6: SirSavagery folded before Flop (didn't bet)



PokerStars Zoom Hand #186959147961:  Hold'em No Limit ($0.02/$0.05) - 2018/05/28 23:32:03 CCT [2018/05/28 11:32:03 ET]
Table 'Donati' 6-max Seat #1 is the button
Seat 1: kakaxx1 ($4.85 in chips) 
Seat 2: eltorinio ($7.34 in chips) 
Seat 3: kostariki ($4.88 in chips) 
Seat 4: ugo36 ($9.62 in chips) 
Seat 5: HubertusB ($6.31 in chips) 
Seat 6: Antant AA ($4.88 in chips) 
eltorinio: posts small blind $0.02
kostariki: posts big blind $0.05
*** HOLE CARDS ***
Dealt to HubertusB [8c Qs]
ugo36: raises $0.12 to $0.17
HubertusB: folds 
Antant AA: folds 
kakaxx1: folds 
eltorinio: folds 
kostariki: folds 
Uncalled bet ($0.12) returned to ugo36
ugo36 collected $0.12 from pot
ugo36: doesn't show hand 
*** SUMMARY ***
Total pot $0.12 | Rake $0 
Seat 1: kakaxx1 (button) folded before Flop (didn't bet)
Seat 2: eltorinio (small blind) folded before Flop
Seat 3: kostariki (big blind) folded before Flop
Seat 4: ugo36 collected ($0.12)
Seat 5: HubertusB folded before Flop (didn't bet)
Seat 6: Antant AA folded before Flop (didn't bet)



PokerStars Zoom Hand #186959150398:  Hold'em No Limit ($0.02/$0.05) - 2018/05/28 23:32:10 CCT [2018/05/28 11:32:10 ET]
Table 'Donati' 6-max Seat #1 is the button
Seat 1: Loco Diabolo ($4.93 in chips) 
Seat 2: HubertusB ($6.31 in chips) 
Seat 3: Lina6591 ($1.93 in chips) 
Seat 4: salamandryko ($5.02 in chips) 
Seat 5: Kostya Red ($7.81 in chips) 
Seat 6: Radomir 26 ($5.07 in chips) 
HubertusB: posts small blind $0.02
Lina6591: posts big blind $0.05
*** HOLE CARDS ***
Dealt to HubertusB [Kh 8d]
salamandryko: folds 
Kostya Red: folds 
Radomir 26: raises $0.10 to $0.15
Loco Diabolo: folds 
HubertusB: folds 
Lina6591: folds 
Uncalled bet ($0.10) returned to Radomir 26
Radomir 26 collected $0.12 from pot
Radomir 26: doesn't show hand 
*** SUMMARY ***
Total pot $0.12 | Rake $0 
Seat 1: Loco Diabolo (button) folded before Flop (didn't bet)
Seat 2: HubertusB (small blind) folded before Flop
Seat 3: Lina6591 (big blind) folded before Flop
Seat 4: salamandryko folded before Flop (didn't bet)
Seat 5: Kostya Red folded before Flop (didn't bet)
Seat 6: Radomir 26 collected ($0.12)



PokerStars Zoom Hand #186959146216:  Hold'em No Limit ($0.02/$0.05) - 2018/05/28 23:31:58 CCT [2018/05/28 11:31:58 ET]
Table 'Donati' 6-max Seat #1 is the button
Seat 1: OBLOM566 ($3.44 in chips) 
Seat 2: HyJyRH ($5.78 in chips) 
Seat 3: Miroslav_rrr ($7.80 in chips) 
Seat 4: HubertusB ($6.31 in chips) 
Seat 5: Glolight ($37.41 in chips) 
Seat 6: LavrikSanta ($14.52 in chips) 
HyJyRH: posts small blind $0.02
Miroslav_rrr: posts big blind $0.05
*** HOLE CARDS ***
Dealt to HubertusB [2h 3h]
HubertusB: folds 
Glolight: folds 
LavrikSanta: raises $0.10 to $0.15
OBLOM566: folds 
HyJyRH: folds 
Miroslav_rrr: calls $0.10
*** FLOP *** [5d Ac 6c]
Miroslav_rrr: checks 
LavrikSanta: checks 
*** TURN *** [5d Ac 6c] [5h]
Miroslav_rrr: bets $0.14
LavrikSanta: calls $0.14
*** RIVER *** [5d Ac 6c 5h] [5s]
Miroslav_rrr: bets $0.25
LavrikSanta: calls $0.25
*** SHOW DOWN ***
Miroslav_rrr: shows [4c 7c] (three of a kind, Fives)
LavrikSanta: shows [Qd Qs] (a full house, Fives full of Queens)
LavrikSanta collected $1.05 from pot
*** SUMMARY ***
Total pot $1.10 | Rake $0.05 
Board [5d Ac 6c 5h 5s]
Seat 1: OBLOM566 (button) folded before Flop (didn't bet)
Seat 2: HyJyRH (small blind) folded before Flop
Seat 3: Miroslav_rrr (big blind) showed [4c 7c] and lost with three of a kind, Fives
Seat 4: HubertusB folded before Flop (didn't bet)
Seat 5: Glolight folded before Flop (didn't bet)
Seat 6: LavrikSanta showed [Qd Qs] and won ($1.05) with a full house, Fives full of Queens



PokerStars Zoom Hand #186959155071:  Hold'em No Limit ($0.02/$0.05) - 2018/05/28 23:32:23 CCT [2018/05/28 11:32:23 ET]
Table 'Donati' 6-max Seat #1 is the button
Seat 1: HubertusB ($6.29 in chips) 
Seat 2: avdei777 ($6.93 in chips) 
Seat 3: 5iftyse7en ($15.28 in chips) 
Seat 4: koldino ($1.75 in chips) 
Seat 5: Callboyy ($5.29 in chips) 
Seat 6: boec22 ($5.84 in chips) 
avdei777: posts small blind $0.02
5iftyse7en: posts big blind $0.05
*** HOLE CARDS ***
Dealt to HubertusB [Qc 2c]
koldino: calls $0.05
Callboyy: folds 
boec22: raises $0.17 to $0.22
HubertusB: folds 
avdei777: folds 
5iftyse7en: folds 
koldino: folds 
Uncalled bet ($0.17) returned to boec22
boec22 collected $0.17 from pot
boec22: doesn't show hand 
*** SUMMARY ***
Total pot $0.17 | Rake $0 
Seat 1: HubertusB (button) folded before Flop (didn't bet)
Seat 2: avdei777 (small blind) folded before Flop
Seat 3: 5iftyse7en (big blind) folded before Flop
Seat 4: koldino folded before Flop
Seat 5: Callboyy folded before Flop (didn't bet)
Seat 6: boec22 collected ($0.17)



PokerStars Zoom Hand #186959162740:  Hold'em No Limit ($0.02/$0.05) - 2018/05/28 23:32:45 CCT [2018/05/28 11:32:45 ET]
Table 'Donati' 6-max Seat #1 is the button
Seat 1: dadofaca ($5.76 in chips) 
Seat 2: 5iftyse7en ($15.23 in chips) 
Seat 3: arnoldik AAA ($3.99 in chips) 
Seat 4: HubertusB ($6.29 in chips) 
Seat 5: TikeTake ($4.21 in chips) 
Seat 6: vamtytnetam ($4.38 in chips) 
5iftyse7en: posts small blind $0.02
arnoldik AAA: posts big blind $0.05
*** HOLE CARDS ***
Dealt to HubertusB [4c 7d]
HubertusB: folds 
TikeTake: folds 
vamtytnetam: folds 
dadofaca: folds 
5iftyse7en: folds 
Uncalled bet ($0.03) returned to arnoldik AAA
arnoldik AAA collected $0.04 from pot
arnoldik AAA: doesn't show hand 
*** SUMMARY ***
Total pot $0.04 | Rake $0 
Seat 1: dadofaca (button) folded before Flop (didn't bet)
Seat 2: 5iftyse7en (small blind) folded before Flop
Seat 3: arnoldik AAA (big blind) collected ($0.04)
Seat 4: HubertusB folded before Flop (didn't bet)
Seat 5: TikeTake folded before Flop (didn't bet)
Seat 6: vamtytnetam folded before Flop (didn't bet)



PokerStars Zoom Hand #186959167983:  Hold'em No Limit ($0.02/$0.05) - 2018/05/28 23:33:00 CCT [2018/05/28 11:33:00 ET]
Table 'Donati' 6-max Seat #1 is the button
Seat 1: BAAMBUR ($3.45 in chips) 
Seat 2: vAzAkh ($5 in chips) 
Seat 3: HubertusB ($6.29 in chips) 
Seat 4: holdmybreath ($8.89 in chips) 
Seat 5: TheShadow409 ($4.98 in chips) 
Seat 6: Goodsmack78 ($10.48 in chips) 
vAzAkh: posts small blind $0.02
HubertusB: posts big blind $0.05
*** HOLE CARDS ***
Dealt to HubertusB [4s Jc]
holdmybreath: folds 
TheShadow409: folds 
Goodsmack78: raises $0.05 to $0.10
BAAMBUR: folds 
vAzAkh: folds 
HubertusB: folds 
Uncalled bet ($0.05) returned to Goodsmack78
Goodsmack78 collected $0.12 from pot
Goodsmack78: doesn't show hand 
*** SUMMARY ***
Total pot $0.12 | Rake $0 
Seat 1: BAAMBUR (button) folded before Flop (didn't bet)
Seat 2: vAzAkh (small blind) folded before Flop
Seat 3: HubertusB (big blind) folded before Flop
Seat 4: holdmybreath folded before Flop (didn't bet)
Seat 5: TheShadow409 folded before Flop (didn't bet)
Seat 6: Goodsmack78 collected ($0.12)



PokerStars Zoom Hand #186959165567:  Hold'em No Limit ($0.02/$0.05) - 2018/05/28 23:32:53 CCT [2018/05/28 11:32:53 ET]
Table 'Donati' 6-max Seat #1 is the button
Seat 1: -=l Grek l=- ($11.95 in chips) 
Seat 2: grunge&punk ($5.90 in chips) 
Seat 3: MamaMaruca ($5.34 in chips) 
Seat 4: jandsonpower ($5.05 in chips) 
Seat 5: HubertusB ($6.29 in chips) 
Seat 6: pointout91 ($8.54 in chips) 
grunge&punk: posts small blind $0.02
MamaMaruca: posts big blind $0.05
*** HOLE CARDS ***
Dealt to HubertusB [5d Ts]
jandsonpower: folds 
HubertusB: folds 
pointout91: folds 
-=l Grek l=-: folds 
grunge&punk: raises $0.10 to $0.15
MamaMaruca: calls $0.10
*** FLOP *** [8h Ad 4h]
grunge&punk: bets $0.29
MamaMaruca: folds 
Uncalled bet ($0.29) returned to grunge&punk
grunge&punk collected $0.29 from pot
grunge&punk: doesn't show hand 
*** SUMMARY ***
Total pot $0.30 | Rake $0.01 
Board [8h Ad 4h]
Seat 1: -=l Grek l=- (button) folded before Flop (didn't bet)
Seat 2: grunge&punk (small blind) collected ($0.29)
Seat 3: MamaMaruca (big blind) folded on the Flop
Seat 4: jandsonpower folded before Flop (didn't bet)
Seat 5: HubertusB folded before Flop (didn't bet)
Seat 6: pointout91 folded before Flop (didn't bet)



PokerStars Zoom Hand #186959173628:  Hold'em No Limit ($0.02/$0.05) - 2018/05/28 23:33:16 CCT [2018/05/28 11:33:16 ET]
Table 'Donati' 6-max Seat #1 is the button
Seat 1: alexei1902 ($6.22 in chips) 
Seat 2: darkmoon311 ($7.10 in chips) 
Seat 3: Nambert ($5.05 in chips) 
Seat 4: DirtyDeedz1 ($8.86 in chips) 
Seat 5: Fe4rF4ctor ($13.04 in chips) 
Seat 6: HubertusB ($6.24 in chips) 
darkmoon311: posts small blind $0.02
Nambert: posts big blind $0.05
*** HOLE CARDS ***
Dealt to HubertusB [6h Ac]
DirtyDeedz1: folds 
Fe4rF4ctor: folds 
HubertusB: folds 
alexei1902: folds 
darkmoon311: folds 
Uncalled bet ($0.03) returned to Nambert
Nambert collected $0.04 from pot
Nambert: doesn't show hand 
*** SUMMARY ***
Total pot $0.04 | Rake $0 
Seat 1: alexei1902 (button) folded before Flop (didn't bet)
Seat 2: darkmoon311 (small blind) folded before Flop
Seat 3: Nambert (big blind) collected ($0.04)
Seat 4: DirtyDeedz1 folded before Flop (didn't bet)
Seat 5: Fe4rF4ctor folded before Flop (didn't bet)
Seat 6: HubertusB folded before Flop (didn't bet)



PokerStars Zoom Hand #186959177603:  Hold'em No Limit ($0.02/$0.05) - 2018/05/28 23:33:27 CCT [2018/05/28 11:33:27 ET]
Table 'Donati' 6-max Seat #1 is the button
Seat 1: HubertusB ($6.22 in chips) 
Seat 2: richard ty ($4.73 in chips) 
Seat 3: booms1000s ($6.09 in chips) 
Seat 4: Brogliato16 ($9.41 in chips) 
Seat 5: Belmondo599 ($5.52 in chips) 
Seat 6: fiana1968 ($4.99 in chips) 
richard ty: posts small blind $0.02
booms1000s: posts big blind $0.05
*** HOLE CARDS ***
Dealt to HubertusB [Ad Jc]
Brogliato16: folds 
Belmondo599: folds 
fiana1968: folds 
HubertusB: raises $0.10 to $0.15
richard ty: folds 
booms1000s: folds 
Uncalled bet ($0.10) returned to HubertusB
HubertusB collected $0.12 from pot
HubertusB: doesn't show hand 
*** SUMMARY ***
Total pot $0.12 | Rake $0 
Seat 1: HubertusB (button) collected ($0.12)
Seat 2: richard ty (small blind) folded before Flop
Seat 3: booms1000s (big blind) folded before Flop
Seat 4: Brogliato16 folded before Flop (didn't bet)
Seat 5: Belmondo599 folded before Flop (didn't bet)
Seat 6: fiana1968 folded before Flop (didn't bet)



PokerStars Zoom Hand #186959175788:  Hold'em No Limit ($0.02/$0.05) - 2018/05/28 23:33:22 CCT [2018/05/28 11:33:22 ET]
Table 'Donati' 6-max Seat #1 is the button
Seat 1: buewsina ($4.33 in chips) 
Seat 2: HubertusB ($6.24 in chips) 
Seat 3: SskyAngel ($5.49 in chips) 
Seat 4: ioanna576 ($5.29 in chips) 
Seat 5: toned cheif ($7.27 in chips) 
Seat 6: TheShadow409 ($4.98 in chips) 
HubertusB: posts small blind $0.02
SskyAngel: posts big blind $0.05
*** HOLE CARDS ***
Dealt to HubertusB [6d 8h]
ioanna576: folds 
toned cheif: calls $0.05
TheShadow409: folds 
buewsina: folds 
HubertusB: folds 
SskyAngel: checks 
*** FLOP *** [2d Tc Js]
SskyAngel: checks 
toned cheif: checks 
*** TURN *** [2d Tc Js] [6h]
SskyAngel: checks 
toned cheif: checks 
*** RIVER *** [2d Tc Js 6h] [5d]
SskyAngel: checks 
toned cheif: checks 
*** SHOW DOWN ***
SskyAngel: shows [Qh 3h] (high card Queen)
toned cheif: shows [8d Kc] (high card King)
toned cheif collected $0.12 from pot
*** SUMMARY ***
Total pot $0.12 | Rake $0 
Board [2d Tc Js 6h 5d]
Seat 1: buewsina (button) folded before Flop (didn't bet)
Seat 2: HubertusB (small blind) folded before Flop
Seat 3: SskyAngel (big blind) showed [Qh 3h] and lost with high card Queen
Seat 4: ioanna576 folded before Flop (didn't bet)
Seat 5: toned cheif showed [8d Kc] and won ($0.12) with high card King
Seat 6: TheShadow409 folded before Flop (didn't bet)



PokerStars Zoom Hand #186959185781:  Hold'em No Limit ($0.02/$0.05) - 2018/05/28 23:33:50 CCT [2018/05/28 11:33:50 ET]
Table 'Donati' 6-max Seat #1 is the button
Seat 1: kranovoy22 ($5.34 in chips) 
Seat 2: epejoo ($5.09 in chips) 
Seat 3: grunge&punk ($5.89 in chips) 
Seat 4: gakimoney ($5.46 in chips) 
Seat 5: Olly81 ($16.91 in chips) 
Seat 6: HubertusB ($6.29 in chips) 
epejoo: posts small blind $0.02
grunge&punk: posts big blind $0.05
*** HOLE CARDS ***
Dealt to HubertusB [Kc 2c]
gakimoney: folds 
Olly81: folds 
HubertusB: folds 
kranovoy22: folds 
epejoo: folds 
Uncalled bet ($0.03) returned to grunge&punk
grunge&punk collected $0.04 from pot
grunge&punk: doesn't show hand 
*** SUMMARY ***
Total pot $0.04 | Rake $0 
Seat 1: kranovoy22 (button) folded before Flop (didn't bet)
Seat 2: epejoo (small blind) folded before Flop
Seat 3: grunge&punk (big blind) collected ($0.04)
Seat 4: gakimoney folded before Flop (didn't bet)
Seat 5: Olly81 folded before Flop (didn't bet)
Seat 6: HubertusB folded before Flop (didn't bet)



PokerStars Zoom Hand #186959187586:  Hold'em No Limit ($0.02/$0.05) - 2018/05/28 23:33:55 CCT [2018/05/28 11:33:55 ET]
Table 'Donati' 6-max Seat #1 is the button
Seat 1: dedgasik ($6.93 in chips) 
Seat 2: ckmtl5 ($5.68 in chips) 
Seat 3: HubertusB ($6.29 in chips) 
Seat 4: Marian V. 31 ($5.02 in chips) 
Seat 5: HyJyRH ($6.60 in chips) 
Seat 6: StanXMXiao ($2.49 in chips) 
ckmtl5: posts small blind $0.02
HubertusB: posts big blind $0.05
*** HOLE CARDS ***
Dealt to HubertusB [4d 9s]
Marian V. 31: folds 
HyJyRH: folds 
StanXMXiao: folds 
dedgasik: folds 
ckmtl5: folds 
Uncalled bet ($0.03) returned to HubertusB
HubertusB collected $0.04 from pot
HubertusB: doesn't show hand 
*** SUMMARY ***
Total pot $0.04 | Rake $0 
Seat 1: dedgasik (button) folded before Flop (didn't bet)
Seat 2: ckmtl5 (small blind) folded before Flop
Seat 3: HubertusB (big blind) collected ($0.04)
Seat 4: Marian V. 31 folded before Flop (didn't bet)
Seat 5: HyJyRH folded before Flop (didn't bet)
Seat 6: StanXMXiao folded before Flop (didn't bet)



PokerStars Zoom Hand #186959183671:  Hold'em No Limit ($0.02/$0.05) - 2018/05/28 23:33:44 CCT [2018/05/28 11:33:44 ET]
Table 'Donati' 6-max Seat #1 is the button
Seat 1: holdmybreath ($6.02 in chips) 
Seat 2: TristrMistr ($5.56 in chips) 
Seat 3: grunge&punk ($9.98 in chips) 
Seat 4: Tissen1972 ($8.36 in chips) 
Seat 5: HubertusB ($6.29 in chips) 
Seat 6: pszhshark ($5 in chips) 
TristrMistr: posts small blind $0.02
grunge&punk: posts big blind $0.05
*** HOLE CARDS ***
Dealt to HubertusB [2c 9s]
Tissen1972: folds 
HubertusB: folds 
pszhshark: raises $0.07 to $0.12
holdmybreath: folds 
TristrMistr: raises $0.43 to $0.55
grunge&punk: folds 
pszhshark: folds 
Uncalled bet ($0.43) returned to TristrMistr
TristrMistr collected $0.29 from pot
TristrMistr: doesn't show hand 
*** SUMMARY ***
Total pot $0.29 | Rake $0 
Seat 1: holdmybreath (button) folded before Flop (didn't bet)
Seat 2: TristrMistr (small blind) collected ($0.29)
Seat 3: grunge&punk (big blind) folded before Flop
Seat 4: Tissen1972 folded before Flop (didn't bet)
Seat 5: HubertusB folded before Flop (didn't bet)
Seat 6: pszhshark folded before Flop



PokerStars Zoom Hand #186959181819:  Hold'em No Limit ($0.02/$0.05) - 2018/05/28 23:33:39 CCT [2018/05/28 11:33:39 ET]
Table 'Donati' 6-max Seat #1 is the button
Seat 1: mamel7777 ($5 in chips) 
Seat 2: ArnoldHUN ($4.77 in chips) 
Seat 3: vasili1960 ($3.01 in chips) 
Seat 4: HubertusB ($6.29 in chips) 
Seat 5: boec22 ($5.96 in chips) 
Seat 6: lauavesi ($4.68 in chips) 
ArnoldHUN: posts small blind $0.02
vasili1960: posts big blind $0.05
*** HOLE CARDS ***
Dealt to HubertusB [7c 5s]
HubertusB: folds 
boec22: raises $0.10 to $0.15
lauavesi: folds 
mamel7777: folds 
ArnoldHUN: folds 
vasili1960: calls $0.10
*** FLOP *** [Qh 5d Ah]
vasili1960: checks 
boec22: bets $0.20
vasili1960: calls $0.20
*** TURN *** [Qh 5d Ah] [4h]
vasili1960: checks 
boec22: bets $0.45
vasili1960: raises $2.21 to $2.66 and is all-in
boec22: folds 
Uncalled bet ($2.21) returned to vasili1960
vasili1960 collected $1.55 from pot
vasili1960: doesn't show hand 
*** SUMMARY ***
Total pot $1.62 | Rake $0.07 
Board [Qh 5d Ah 4h]
Seat 1: mamel7777 (button) folded before Flop (didn't bet)
Seat 2: ArnoldHUN (small blind) folded before Flop
Seat 3: vasili1960 (big blind) collected ($1.55)
Seat 4: HubertusB folded before Flop (didn't bet)
Seat 5: boec22 folded on the Turn
Seat 6: lauavesi folded before Flop (didn't bet)



PokerStars Zoom Hand #186959193664:  Hold'em No Limit ($0.02/$0.05) - 2018/05/28 23:34:12 CCT [2018/05/28 11:34:12 ET]
Table 'Donati' 6-max Seat #1 is the button
Seat 1: HubertusB ($6.29 in chips) 
Seat 2: toned cheif ($7.56 in chips) 
Seat 3: Maksbill1 ($7.08 in chips) 
Seat 4: overboard3 ($6.63 in chips) 
Seat 5: mamel7777 ($6 in chips) 
Seat 6: gregzila ($3.63 in chips) 
toned cheif: posts small blind $0.02
Maksbill1: posts big blind $0.05
*** HOLE CARDS ***
Dealt to HubertusB [Kd 3s]
overboard3: folds 
mamel7777: folds 
gregzila: folds 
HubertusB: folds 
toned cheif: calls $0.03
Maksbill1: checks 
*** FLOP *** [4s 7s 3c]
toned cheif: checks 
Maksbill1: checks 
*** TURN *** [4s 7s 3c] [As]
toned cheif: checks 
Maksbill1: checks 
*** RIVER *** [4s 7s 3c As] [Ks]
toned cheif: checks 
Maksbill1: checks 
*** SHOW DOWN ***
toned cheif: shows [5c Tc] (high card Ace)
Maksbill1: shows [Jh 8h] (high card Ace - King+Jack kicker)
Maksbill1 collected $0.10 from pot
*** SUMMARY ***
Total pot $0.10 | Rake $0 
Board [4s 7s 3c As Ks]
Seat 1: HubertusB (button) folded before Flop (didn't bet)
Seat 2: toned cheif (small blind) showed [5c Tc] and lost with high card Ace
Seat 3: Maksbill1 (big blind) showed [Jh 8h] and won ($0.10) with high card Ace
Seat 4: overboard3 folded before Flop (didn't bet)
Seat 5: mamel7777 folded before Flop (didn't bet)
Seat 6: gregzila folded before Flop (didn't bet)



PokerStars Zoom Hand #186959191442:  Hold'em No Limit ($0.02/$0.05) - 2018/05/28 23:34:06 CCT [2018/05/28 11:34:06 ET]
Table 'Donati' 6-max Seat #1 is the button
Seat 1: freedom8888 ($6.06 in chips) 
Seat 2: HubertusB ($6.31 in chips) 
Seat 3: Marian V. 31 ($5 in chips) 
Seat 4: grzywekkk ($6.12 in chips) 
Seat 5: Radomir 26 ($17.68 in chips) 
Seat 6: grunge&punk ($5.89 in chips) 
HubertusB: posts small blind $0.02
Marian V. 31: posts big blind $0.05
*** HOLE CARDS ***
Dealt to HubertusB [As 7c]
grzywekkk: folds 
Radomir 26: raises $0.10 to $0.15
grunge&punk: folds 
freedom8888: calls $0.15
HubertusB: folds 
Marian V. 31: folds 
*** FLOP *** [2h 4s 4d]
Radomir 26: bets $0.22
freedom8888: calls $0.22
*** TURN *** [2h 4s 4d] [Jc]
Radomir 26: bets $0.46
freedom8888: calls $0.46
*** RIVER *** [2h 4s 4d Jc] [6d]
Radomir 26: bets $0.90
freedom8888: calls $0.90
*** SHOW DOWN ***
Radomir 26: shows [Ks Js] (two pair, Jacks and Fours)
freedom8888: mucks hand 
Radomir 26 collected $3.38 from pot
*** SUMMARY ***
Total pot $3.53 | Rake $0.15 
Board [2h 4s 4d Jc 6d]
Seat 1: freedom8888 (button) mucked [3s 3d]
Seat 2: HubertusB (small blind) folded before Flop
Seat 3: Marian V. 31 (big blind) folded before Flop
Seat 4: grzywekkk folded before Flop (didn't bet)
Seat 5: Radomir 26 showed [Ks Js] and won ($3.38) with two pair, Jacks and Fours
Seat 6: grunge&punk folded before Flop (didn't bet)



PokerStars Zoom Hand #186959196451:  Hold'em No Limit ($0.02/$0.05) - 2018/05/28 23:34:20 CCT [2018/05/28 11:34:20 ET]
Table 'Donati' 6-max Seat #1 is the button
Seat 1: wfghh ($6.82 in chips) 
Seat 2: T4NK.nl ($5.31 in chips) 
Seat 3: Bencee99 ($5 in chips) 
Seat 4: obkormylo ($10.43 in chips) 
Seat 5: ghost1971 ($5.61 in chips) 
Seat 6: HubertusB ($6.29 in chips) 
T4NK.nl: posts small blind $0.02
Bencee99: posts big blind $0.05
*** HOLE CARDS ***
Dealt to HubertusB [Ah Kh]
obkormylo: folds 
ghost1971: folds 
HubertusB: raises $0.10 to $0.15
wfghh: folds 
T4NK.nl: calls $0.13
Bencee99: folds 
*** FLOP *** [Qc 7h Qh]
T4NK.nl: checks 
HubertusB: bets $0.17
T4NK.nl: calls $0.17
*** TURN *** [Qc 7h Qh] [5d]
T4NK.nl: checks 
HubertusB: checks 
*** RIVER *** [Qc 7h Qh 5d] [6c]
T4NK.nl: bets $0.66
HubertusB: folds 
Uncalled bet ($0.66) returned to T4NK.nl
T4NK.nl collected $0.66 from pot
T4NK.nl: doesn't show hand 
*** SUMMARY ***
Total pot $0.69 | Rake $0.03 
Board [Qc 7h Qh 5d 6c]
Seat 1: wfghh (button) folded before Flop (didn't bet)
Seat 2: T4NK.nl (small blind) collected ($0.66)
Seat 3: Bencee99 (big blind) folded before Flop
Seat 4: obkormylo folded before Flop (didn't bet)
Seat 5: ghost1971 folded before Flop (didn't bet)
Seat 6: HubertusB folded on the River



PokerStars Zoom Hand #186959213941:  Hold'em No Limit ($0.02/$0.05) - 2018/05/28 23:35:09 CCT [2018/05/28 11:35:09 ET]
Table 'Donati' 6-max Seat #1 is the button
Seat 1: Olly81 ($16.91 in chips) 
Seat 2: Belmondo599 ($5.44 in chips) 
Seat 3: HubertusB ($5.97 in chips) 
Seat 4: NeverCallYou ($5.33 in chips) 
Seat 5: offuca ($5.29 in chips) 
Seat 6: SWARM439 ($6.65 in chips) 
Belmondo599: posts small blind $0.02
HubertusB: posts big blind $0.05
*** HOLE CARDS ***
Dealt to HubertusB [5c Kd]
NeverCallYou: folds 
offuca: folds 
SWARM439: folds 
Olly81: raises $0.10 to $0.15
Belmondo599: folds 
HubertusB: folds 
Uncalled bet ($0.10) returned to Olly81
Olly81 collected $0.12 from pot
Olly81: doesn't show hand 
*** SUMMARY ***
Total pot $0.12 | Rake $0 
Seat 1: Olly81 (button) collected ($0.12)
Seat 2: Belmondo599 (small blind) folded before Flop
Seat 3: HubertusB (big blind) folded before Flop
Seat 4: NeverCallYou folded before Flop (didn't bet)
Seat 5: offuca folded before Flop (didn't bet)
Seat 6: SWARM439 folded before Flop (didn't bet)



PokerStars Zoom Hand #186959218651:  Hold'em No Limit ($0.02/$0.05) - 2018/05/28 23:35:22 CCT [2018/05/28 11:35:22 ET]
Table 'Donati' 6-max Seat #1 is the button
Seat 1: 4BetForFood ($5.50 in chips) 
Seat 2: HubertusB ($5.92 in chips) 
Seat 3: Le Sophiste ($10.36 in chips) 
Seat 4: vo2max ($5 in chips) 
Seat 5: IrenVasya ($6.81 in chips) 
Seat 6: SskyAngel ($4.02 in chips) 
HubertusB: posts small blind $0.02
Le Sophiste: posts big blind $0.05
*** HOLE CARDS ***
Dealt to HubertusB [9h 3s]
vo2max: folds 
IrenVasya: folds 
SskyAngel: folds 
4BetForFood: folds 
HubertusB: folds 
Uncalled bet ($0.03) returned to Le Sophiste
Le Sophiste collected $0.04 from pot
Le Sophiste: doesn't show hand 
*** SUMMARY ***
Total pot $0.04 | Rake $0 
Seat 1: 4BetForFood (button) folded before Flop (didn't bet)
Seat 2: HubertusB (small blind) folded before Flop
Seat 3: Le Sophiste (big blind) collected ($0.04)
Seat 4: vo2max folded before Flop (didn't bet)
Seat 5: IrenVasya folded before Flop (didn't bet)
Seat 6: SskyAngel folded before Flop (didn't bet)



PokerStars Zoom Hand #186959212192:  Hold'em No Limit ($0.02/$0.05) - 2018/05/28 23:35:04 CCT [2018/05/28 11:35:04 ET]
Table 'Donati' 6-max Seat #1 is the button
Seat 1: ADNWOGD ($5.02 in chips) 
Seat 2: BAAMBUR ($3.36 in chips) 
Seat 3: 4BetForFood ($5 in chips) 
Seat 4: HubertusB ($5.97 in chips) 
Seat 5: SWARM439 ($6.56 in chips) 
Seat 6: ckmtl5 ($3.97 in chips) 
BAAMBUR: posts small blind $0.02
4BetForFood: posts big blind $0.05
*** HOLE CARDS ***
Dealt to HubertusB [Qs 3h]
HubertusB: folds 
SWARM439: folds 
ckmtl5: folds 
ADNWOGD: folds 
BAAMBUR: raises $0.10 to $0.15
4BetForFood: calls $0.10
*** FLOP *** [2h 4h 7c]
BAAMBUR: checks 
4BetForFood: checks 
*** TURN *** [2h 4h 7c] [Kc]
BAAMBUR: checks 
4BetForFood: bets $0.15
BAAMBUR: folds 
Uncalled bet ($0.15) returned to 4BetForFood
4BetForFood collected $0.29 from pot
4BetForFood: doesn't show hand 
*** SUMMARY ***
Total pot $0.30 | Rake $0.01 
Board [2h 4h 7c Kc]
Seat 1: ADNWOGD (button) folded before Flop (didn't bet)
Seat 2: BAAMBUR (small blind) folded on the Turn
Seat 3: 4BetForFood (big blind) collected ($0.29)
Seat 4: HubertusB folded before Flop (didn't bet)
Seat 5: SWARM439 folded before Flop (didn't bet)
Seat 6: ckmtl5 folded before Flop (didn't bet)



PokerStars Zoom Hand #186959221136:  Hold'em No Limit ($0.02/$0.05) - 2018/05/28 23:35:29 CCT [2018/05/28 11:35:29 ET]
Table 'Donati' 6-max Seat #1 is the button
Seat 1: HubertusB ($5.90 in chips) 
Seat 2: JoelHunt007 ($6.09 in chips) 
Seat 3: Nambert ($5 in chips) 
Seat 4: fsavame ($6.61 in chips) 
Seat 5: Hummer_61rus ($5.71 in chips) 
Seat 6: fr1sson ($5 in chips) 
JoelHunt007: posts small blind $0.02
Nambert: posts big blind $0.05
*** HOLE CARDS ***
Dealt to HubertusB [Kc Qc]
fsavame: raises $0.10 to $0.15
Hummer_61rus: folds 
fr1sson: folds 
HubertusB: raises $0.40 to $0.55
JoelHunt007: folds 
Nambert: calls $0.50
fsavame: calls $0.40
*** FLOP *** [8d 7s 3c]
Nambert: checks 
fsavame: checks 
HubertusB: bets $0.85
Nambert: folds 
fsavame: calls $0.85
*** TURN *** [8d 7s 3c] [5s]
fsavame: checks 
HubertusB: checks 
*** RIVER *** [8d 7s 3c 5s] [Ks]
fsavame: checks 
HubertusB: checks 
*** SHOW DOWN ***
fsavame: shows [6s 6c] (a pair of Sixes)
HubertusB: shows [Kc Qc] (a pair of Kings)
HubertusB collected $3.23 from pot
*** SUMMARY ***
Total pot $3.37 | Rake $0.14 
Board [8d 7s 3c 5s Ks]
Seat 1: HubertusB (button) showed [Kc Qc] and won ($3.23) with a pair of Kings
Seat 2: JoelHunt007 (small blind) folded before Flop
Seat 3: Nambert (big blind) folded on the Flop
Seat 4: fsavame showed [6s 6c] and lost with a pair of Sixes
Seat 5: Hummer_61rus folded before Flop (didn't bet)
Seat 6: fr1sson folded before Flop (didn't bet)



PokerStars Zoom Hand #186959245019:  Hold'em No Limit ($0.02/$0.05) - 2018/05/28 23:36:36 CCT [2018/05/28 11:36:36 ET]
Table 'Donati' 6-max Seat #1 is the button
Seat 1: Slepss7 ($2.66 in chips) 
Seat 2: SWARM439 ($6.50 in chips) 
Seat 3: weigela123 ($14.54 in chips) 
Seat 4: vo2max ($5 in chips) 
Seat 5: HubertusB ($7.73 in chips) 
Seat 6: cazzzwell ($6.35 in chips) 
SWARM439: posts small blind $0.02
weigela123: posts big blind $0.05
*** HOLE CARDS ***
Dealt to HubertusB [5h 5s]
vo2max: folds 
HubertusB: raises $0.10 to $0.15
cazzzwell: folds 
Slepss7: folds 
SWARM439: folds 
weigela123: folds 
Uncalled bet ($0.10) returned to HubertusB
HubertusB collected $0.12 from pot
HubertusB: doesn't show hand 
*** SUMMARY ***
Total pot $0.12 | Rake $0 
Seat 1: Slepss7 (button) folded before Flop (didn't bet)
Seat 2: SWARM439 (small blind) folded before Flop
Seat 3: weigela123 (big blind) folded before Flop
Seat 4: vo2max folded before Flop (didn't bet)
Seat 5: HubertusB collected ($0.12)
Seat 6: cazzzwell folded before Flop (didn't bet)



PokerStars Zoom Hand #186959250766:  Hold'em No Limit ($0.02/$0.05) - 2018/05/28 23:36:52 CCT [2018/05/28 11:36:52 ET]
Table 'Donati' 6-max Seat #1 is the button
Seat 1: Brogliato16 ($2.97 in chips) 
Seat 2: simandan22 ($2.52 in chips) 
Seat 3: BAAMBUR ($3.35 in chips) 
Seat 4: HubertusB ($7.80 in chips) 
Seat 5: YungPop ($16.68 in chips) 
Seat 6: HyJyRH ($4.79 in chips) 
simandan22: posts small blind $0.02
BAAMBUR: posts big blind $0.05
*** HOLE CARDS ***
Dealt to HubertusB [Jc Ah]
HubertusB: raises $0.10 to $0.15
YungPop: folds 
HyJyRH: folds 
Brogliato16: folds 
simandan22: raises $0.35 to $0.50
BAAMBUR: folds 
HubertusB: folds 
Uncalled bet ($0.35) returned to simandan22
simandan22 collected $0.35 from pot
simandan22: doesn't show hand 
*** SUMMARY ***
Total pot $0.35 | Rake $0 
Seat 1: Brogliato16 (button) folded before Flop (didn't bet)
Seat 2: simandan22 (small blind) collected ($0.35)
Seat 3: BAAMBUR (big blind) folded before Flop
Seat 4: HubertusB folded before Flop
Seat 5: YungPop folded before Flop (didn't bet)
Seat 6: HyJyRH folded before Flop (didn't bet)



PokerStars Zoom Hand #186959262524:  Hold'em No Limit ($0.02/$0.05) - 2018/05/28 23:37:25 CCT [2018/05/28 11:37:25 ET]
Table 'Donati' 6-max Seat #1 is the button
Seat 1: mmankey ($4.86 in chips) 
Seat 2: Onet1me_pl3 ($6.42 in chips) 
Seat 3: 5iftyse7en ($8.27 in chips) 
Seat 4: HubertusB ($7.65 in chips) 
Seat 5: 934m ($5.13 in chips) 
Seat 6: gregzila ($3.91 in chips) 
Onet1me_pl3: posts small blind $0.02
5iftyse7en: posts big blind $0.05
*** HOLE CARDS ***
Dealt to HubertusB [Qs Ad]
HubertusB: raises $0.10 to $0.15
934m: folds 
gregzila: folds 
mmankey: folds 
Onet1me_pl3: folds 
5iftyse7en: folds 
Uncalled bet ($0.10) returned to HubertusB
HubertusB collected $0.12 from pot
HubertusB: doesn't show hand 
*** SUMMARY ***
Total pot $0.12 | Rake $0 
Seat 1: mmankey (button) folded before Flop (didn't bet)
Seat 2: Onet1me_pl3 (small blind) folded before Flop
Seat 3: 5iftyse7en (big blind) folded before Flop
Seat 4: HubertusB collected ($0.12)
Seat 5: 934m folded before Flop (didn't bet)
Seat 6: gregzila folded before Flop (didn't bet)



PokerStars Zoom Hand #186959271124:  Hold'em No Limit ($0.02/$0.05) - 2018/05/28 23:37:49 CCT [2018/05/28 11:37:49 ET]
Table 'Donati' 6-max Seat #1 is the button
Seat 1: ars7171 ($6.28 in chips) 
Seat 2: chill7777777 ($3.10 in chips) 
Seat 3: elviesa ($9.98 in chips) 
Seat 4: Glolight ($19.53 in chips) 
Seat 5: Crazytiger7 ($12.76 in chips) 
Seat 6: HubertusB ($7.72 in chips) 
chill7777777: posts small blind $0.02
elviesa: posts big blind $0.05
*** HOLE CARDS ***
Dealt to HubertusB [4h 8d]
Glolight: folds 
Crazytiger7: folds 
HubertusB: folds 
ars7171: folds 
chill7777777: folds 
Uncalled bet ($0.03) returned to elviesa
elviesa collected $0.04 from pot
elviesa: doesn't show hand 
*** SUMMARY ***
Total pot $0.04 | Rake $0 
Seat 1: ars7171 (button) folded before Flop (didn't bet)
Seat 2: chill7777777 (small blind) folded before Flop
Seat 3: elviesa (big blind) collected ($0.04)
Seat 4: Glolight folded before Flop (didn't bet)
Seat 5: Crazytiger7 folded before Flop (didn't bet)
Seat 6: HubertusB folded before Flop (didn't bet)



PokerStars Zoom Hand #186959272881:  Hold'em No Limit ($0.02/$0.05) - 2018/05/28 23:37:54 CCT [2018/05/28 11:37:54 ET]
Table 'Donati' 6-max Seat #1 is the button
Seat 1: mamel7777 ($11.27 in chips) 
Seat 2: Glolight ($10.49 in chips) 
Seat 3: HubertusB ($7.72 in chips) 
Seat 4: koning504 ($10.36 in chips) 
Seat 5: safeeway ($5.99 in chips) 
Seat 6: TristrMistr ($5.12 in chips) 
Glolight: posts small blind $0.02
HubertusB: posts big blind $0.05
*** HOLE CARDS ***
Dealt to HubertusB [2c 4h]
koning504: folds 
safeeway: folds 
TristrMistr: folds 
mamel7777: folds 
Glolight: folds 
Uncalled bet ($0.03) returned to HubertusB
HubertusB collected $0.04 from pot
HubertusB: doesn't show hand 
*** SUMMARY ***
Total pot $0.04 | Rake $0 
Seat 1: mamel7777 (button) folded before Flop (didn't bet)
Seat 2: Glolight (small blind) folded before Flop
Seat 3: HubertusB (big blind) collected ($0.04)
Seat 4: koning504 folded before Flop (didn't bet)
Seat 5: safeeway folded before Flop (didn't bet)
Seat 6: TristrMistr folded before Flop (didn't bet)



PokerStars Zoom Hand #186959275451:  Hold'em No Limit ($0.02/$0.05) - 2018/05/28 23:38:01 CCT [2018/05/28 11:38:01 ET]
Table 'Donati' 6-max Seat #1 is the button
Seat 1: ValentjNN ($19.45 in chips) 
Seat 2: HubertusB ($7.74 in chips) 
Seat 3: geworik ($5 in chips) 
Seat 4: zibertmen ($12.92 in chips) 
Seat 5: J-omp 21 ($4.07 in chips) 
Seat 6: salamandryko ($5.22 in chips) 
HubertusB: posts small blind $0.02
geworik: posts big blind $0.05
*** HOLE CARDS ***
Dealt to HubertusB [Kd Ah]
zibertmen: folds 
J-omp 21: folds 
salamandryko: folds 
ValentjNN: raises $0.07 to $0.12
HubertusB: raises $0.38 to $0.50
geworik: folds 
ValentjNN: raises $0.85 to $1.35
HubertusB: raises $1.85 to $3.20
ValentjNN: raises $1.85 to $5.05
HubertusB: raises $2.69 to $7.74 and is all-in
ValentjNN: calls $2.69
*** FLOP *** [4s 9c Kh]
*** TURN *** [4s 9c Kh] [8s]
*** RIVER *** [4s 9c Kh 8s] [Jc]
*** SHOW DOWN ***
HubertusB: shows [Kd Ah] (a pair of Kings)
ValentjNN: shows [Kc Ks] (three of a kind, Kings)
ValentjNN collected $14.89 from pot
*** SUMMARY ***
Total pot $15.53 | Rake $0.64 
Board [4s 9c Kh 8s Jc]
Seat 1: ValentjNN (button) showed [Kc Ks] and won ($14.89) with three of a kind, Kings
Seat 2: HubertusB (small blind) showed [Kd Ah] and lost with a pair of Kings
Seat 3: geworik (big blind) folded before Flop
Seat 4: zibertmen folded before Flop (didn't bet)
Seat 5: J-omp 21 folded before Flop (didn't bet)
Seat 6: salamandryko folded before Flop (didn't bet)



PokerStars Zoom Hand #186959314012:  Hold'em No Limit ($0.02/$0.05) - 2018/05/28 23:39:48 CCT [2018/05/28 11:39:48 ET]
Table 'Donati' 6-max Seat #1 is the button
Seat 1: Pokerhai6666 ($8.04 in chips) 
Seat 2: Decubber ($3.80 in chips) 
Seat 3: larothe ($5.23 in chips) 
Seat 4: HubertusB ($5 in chips) 
Seat 5: pingWINaLLin ($5 in chips) 
Seat 6: offuca ($10.14 in chips) 
Decubber: posts small blind $0.02
larothe: posts big blind $0.05
*** HOLE CARDS ***
Dealt to HubertusB [Kc 7c]
HubertusB: folds 
pingWINaLLin: folds 
offuca: folds 
Pokerhai6666: folds 
Decubber: folds 
Uncalled bet ($0.03) returned to larothe
larothe collected $0.04 from pot
larothe: doesn't show hand 
*** SUMMARY ***
Total pot $0.04 | Rake $0 
Seat 1: Pokerhai6666 (button) folded before Flop (didn't bet)
Seat 2: Decubber (small blind) folded before Flop
Seat 3: larothe (big blind) collected ($0.04)
Seat 4: HubertusB folded before Flop (didn't bet)
Seat 5: pingWINaLLin folded before Flop (didn't bet)
Seat 6: offuca folded before Flop (didn't bet)



PokerStars Zoom Hand #186959309321:  Hold'em No Limit ($0.02/$0.05) - 2018/05/28 23:39:35 CCT [2018/05/28 11:39:35 ET]
Table 'Donati' 6-max Seat #1 is the button
Seat 1: Koomar4eg ($2.38 in chips) 
Seat 2: Rednext ($5.65 in chips) 
Seat 3: whipwhipcn ($5.21 in chips) 
Seat 4: TristrMistr ($5.76 in chips) 
Seat 5: HubertusB ($5 in chips) 
Seat 6: kranovoy22 ($7.31 in chips) 
Rednext: posts small blind $0.02
whipwhipcn: posts big blind $0.05
*** HOLE CARDS ***
Dealt to HubertusB [9d 5d]
TristrMistr: folds 
HubertusB: folds 
kranovoy22: raises $0.07 to $0.12
Koomar4eg: calls $0.12
Rednext: folds 
whipwhipcn: folds 
*** FLOP *** [Kh 9c Jd]
kranovoy22: bets $0.14
Koomar4eg: calls $0.14
*** TURN *** [Kh 9c Jd] [Ad]
kranovoy22: bets $0.28
Koomar4eg: calls $0.28
*** RIVER *** [Kh 9c Jd Ad] [Jc]
kranovoy22: bets $0.37
Koomar4eg: calls $0.37
*** SHOW DOWN ***
kranovoy22: shows [Ac Qs] (two pair, Aces and Jacks)
Koomar4eg: mucks hand 
kranovoy22 collected $1.81 from pot
*** SUMMARY ***
Total pot $1.89 | Rake $0.08 
Board [Kh 9c Jd Ad Jc]
Seat 1: Koomar4eg (button) mucked [Kc Qh]
Seat 2: Rednext (small blind) folded before Flop
Seat 3: whipwhipcn (big blind) folded before Flop
Seat 4: TristrMistr folded before Flop (didn't bet)
Seat 5: HubertusB folded before Flop (didn't bet)
Seat 6: kranovoy22 showed [Ac Qs] and won ($1.81) with two pair, Aces and Jacks



PokerStars Zoom Hand #186959311474:  Hold'em No Limit ($0.02/$0.05) - 2018/05/28 23:39:41 CCT [2018/05/28 11:39:41 ET]
Table 'Donati' 6-max Seat #1 is the button
Seat 1: HubertusB ($5 in chips) 
Seat 2: thion1989 ($4.30 in chips) 
Seat 3: edgar0101 ($5 in chips) 
Seat 4: Callboyy ($5.01 in chips) 
Seat 5: Caxep_58 ($5.83 in chips) 
Seat 6: CVBA85 ($17.33 in chips) 
thion1989: posts small blind $0.02
edgar0101: posts big blind $0.05
*** HOLE CARDS ***
Dealt to HubertusB [4h Qh]
Callboyy: raises $0.06 to $0.11
Caxep_58: raises $0.31 to $0.42
CVBA85: folds 
HubertusB: folds 
thion1989: folds 
edgar0101: folds 
Callboyy: calls $0.31
*** FLOP *** [Td 7h Kd]
Callboyy: checks 
Caxep_58: bets $0.70
Callboyy: calls $0.70
*** TURN *** [Td 7h Kd] [2s]
Callboyy: checks 
Caxep_58: bets $2
Callboyy: folds 
Uncalled bet ($2) returned to Caxep_58
Caxep_58 collected $2.21 from pot
Caxep_58: doesn't show hand 
*** SUMMARY ***
Total pot $2.31 | Rake $0.10 
Board [Td 7h Kd 2s]
Seat 1: HubertusB (button) folded before Flop (didn't bet)
Seat 2: thion1989 (small blind) folded before Flop
Seat 3: edgar0101 (big blind) folded before Flop
Seat 4: Callboyy folded on the Turn
Seat 5: Caxep_58 collected ($2.21)
Seat 6: CVBA85 folded before Flop (didn't bet)



PokerStars Zoom Hand #186959315810:  Hold'em No Limit ($0.02/$0.05) - 2018/05/28 23:39:53 CCT [2018/05/28 11:39:53 ET]
Table 'Donati' 6-max Seat #1 is the button
Seat 1: monojr ($4.84 in chips) 
Seat 2: pingWINaLLin ($5 in chips) 
Seat 3: kranovoy22 ($6.31 in chips) 
Seat 4: 1mawisky ($4.93 in chips) 
Seat 5: HubertusB ($5 in chips) 
Seat 6: stoinge ($11.10 in chips) 
pingWINaLLin: posts small blind $0.02
kranovoy22: posts big blind $0.05
*** HOLE CARDS ***
Dealt to HubertusB [Qh Ad]
1mawisky: folds 
HubertusB: raises $0.10 to $0.15
stoinge: folds 
monojr: folds 
pingWINaLLin: calls $0.13
kranovoy22: calls $0.10
*** FLOP *** [2d 6c 8d]
pingWINaLLin: checks 
kranovoy22: checks 
HubertusB: checks 
*** TURN *** [2d 6c 8d] [9c]
pingWINaLLin: bets $0.26
kranovoy22: calls $0.26
HubertusB: folds 
*** RIVER *** [2d 6c 8d 9c] [Jh]
pingWINaLLin: checks 
kranovoy22: checks 
*** SHOW DOWN ***
pingWINaLLin: shows [7c 7d] (a pair of Sevens)
kranovoy22: shows [Th 9h] (a pair of Nines)
kranovoy22 collected $0.93 from pot
*** SUMMARY ***
Total pot $0.97 | Rake $0.04 
Board [2d 6c 8d 9c Jh]
Seat 1: monojr (button) folded before Flop (didn't bet)
Seat 2: pingWINaLLin (small blind) showed [7c 7d] and lost with a pair of Sevens
Seat 3: kranovoy22 (big blind) showed [Th 9h] and won ($0.93) with a pair of Nines
Seat 4: 1mawisky folded before Flop (didn't bet)
Seat 5: HubertusB folded on the Turn
Seat 6: stoinge folded before Flop (didn't bet)



