PokerStars Zoom Hand #186958635353:  Hold'em No Limit ($0.02/$0.05) - 2018/05/28 23:10:41 CCT [2018/05/28 11:10:41 ET]
Table 'Donati' 6-max Seat #1 is the button
Seat 1: T4NK.nl ($4.64 in chips) 
Seat 2: livluvlif951 ($9.80 in chips) 
Seat 3: HubertusB ($5 in chips) 
Seat 4: Heteroconger ($5.14 in chips) 
Seat 5: ANANATOR ($7.03 in chips) 
Seat 6: wfghh ($7.78 in chips) 
livluvlif951: posts small blind $0.02
HubertusB: posts big blind $0.05
*** HOLE CARDS ***
Dealt to HubertusB [2c 3d]
Heteroconger: folds 
ANANATOR: folds 
wfghh: folds 
T4NK.nl: folds 
livluvlif951: folds 
Uncalled bet ($0.03) returned to HubertusB
HubertusB collected $0.04 from pot
HubertusB: doesn't show hand 
*** SUMMARY ***
Total pot $0.04 | Rake $0 
Seat 1: T4NK.nl (button) folded before Flop (didn't bet)
Seat 2: livluvlif951 (small blind) folded before Flop
Seat 3: HubertusB (big blind) collected ($0.04)
Seat 4: Heteroconger folded before Flop (didn't bet)
Seat 5: ANANATOR folded before Flop (didn't bet)
Seat 6: wfghh folded before Flop (didn't bet)



PokerStars Zoom Hand #186958645227:  Hold'em No Limit ($0.02/$0.05) - 2018/05/28 23:11:00 CCT [2018/05/28 11:11:00 ET]
Table 'Donati' 6-max Seat #1 is the button
Seat 1: JohnyPopleta ($6.62 in chips) 
Seat 2: HubertusB ($5.02 in chips) 
Seat 3: bambur999 ($6.31 in chips) 
Seat 4: sapiosss1 ($0.96 in chips) 
Seat 5: eurko6 ($9.06 in chips) 
Seat 6: SaN-DrO61270 ($5.63 in chips) 
HubertusB: posts small blind $0.02
bambur999: posts big blind $0.05
*** HOLE CARDS ***
Dealt to HubertusB [9c 9d]
sapiosss1: folds 
eurko6: folds 
SaN-DrO61270: folds 
JohnyPopleta: folds 
HubertusB: raises $0.10 to $0.15
bambur999: calls $0.10
*** FLOP *** [As 4c 8d]
HubertusB: bets $0.25
bambur999: calls $0.25
*** TURN *** [As 4c 8d] [Ks]
HubertusB: checks 
bambur999: bets $0.30
HubertusB: folds 
Uncalled bet ($0.30) returned to bambur999
bambur999 collected $0.77 from pot
bambur999: doesn't show hand 
*** SUMMARY ***
Total pot $0.80 | Rake $0.03 
Board [As 4c 8d Ks]
Seat 1: JohnyPopleta (button) folded before Flop (didn't bet)
Seat 2: HubertusB (small blind) folded on the Turn
Seat 3: bambur999 (big blind) collected ($0.77)
Seat 4: sapiosss1 folded before Flop (didn't bet)
Seat 5: eurko6 folded before Flop (didn't bet)
Seat 6: SaN-DrO61270 folded before Flop (didn't bet)



PokerStars Zoom Hand #186958673754:  Hold'em No Limit ($0.02/$0.05) - 2018/05/28 23:11:55 CCT [2018/05/28 11:11:55 ET]
Table 'Donati' 6-max Seat #1 is the button
Seat 1: 00-db ($3.18 in chips) 
Seat 2: buewsina ($6.76 in chips) 
Seat 3: Anusnimus ($5 in chips) 
Seat 4: reuscaelum ($8.85 in chips) 
Seat 5: HubertusB ($4.62 in chips) 
Seat 6: JoelHunt007 ($5 in chips) 
buewsina: posts small blind $0.02
Anusnimus: posts big blind $0.05
*** HOLE CARDS ***
Dealt to HubertusB [6h Ks]
reuscaelum: folds 
HubertusB: folds 
JoelHunt007: folds 
00-db: raises $0.10 to $0.15
buewsina: calls $0.13
Anusnimus: folds 
*** FLOP *** [As Ad Jh]
buewsina: checks 
00-db: bets $0.20
buewsina: folds 
Uncalled bet ($0.20) returned to 00-db
00-db collected $0.34 from pot
00-db: doesn't show hand 
*** SUMMARY ***
Total pot $0.35 | Rake $0.01 
Board [As Ad Jh]
Seat 1: 00-db (button) collected ($0.34)
Seat 2: buewsina (small blind) folded on the Flop
Seat 3: Anusnimus (big blind) folded before Flop
Seat 4: reuscaelum folded before Flop (didn't bet)
Seat 5: HubertusB folded before Flop (didn't bet)
Seat 6: JoelHunt007 folded before Flop (didn't bet)



PokerStars Zoom Hand #186958681978:  Hold'em No Limit ($0.02/$0.05) - 2018/05/28 23:12:11 CCT [2018/05/28 11:12:11 ET]
Table 'Donati' 6-max Seat #1 is the button
Seat 1: HubertusB ($4.62 in chips) 
Seat 2: temujing_ ($6.06 in chips) 
Seat 3: FightMe!-LOOSER ($5.42 in chips) 
Seat 4: axilleas33 ($5 in chips) 
Seat 5: ghost1971 ($12.39 in chips) 
Seat 6: wfghh ($7.52 in chips) 
temujing_: posts small blind $0.02
FightMe!-LOOSER: posts big blind $0.05
*** HOLE CARDS ***
Dealt to HubertusB [2s 2d]
axilleas33: folds 
ghost1971: calls $0.05
wfghh: folds 
HubertusB: calls $0.05
temujing_: folds 
FightMe!-LOOSER: checks 
*** FLOP *** [Qc 2c 3s]
FightMe!-LOOSER: bets $0.10
ghost1971: folds 
HubertusB: raises $0.30 to $0.40
FightMe!-LOOSER: raises $0.30 to $0.70
HubertusB: raises $1.30 to $2
FightMe!-LOOSER: folds 
Uncalled bet ($1.30) returned to HubertusB
HubertusB collected $1.50 from pot
HubertusB: doesn't show hand 
*** SUMMARY ***
Total pot $1.57 | Rake $0.07 
Board [Qc 2c 3s]
Seat 1: HubertusB (button) collected ($1.50)
Seat 2: temujing_ (small blind) folded before Flop
Seat 3: FightMe!-LOOSER (big blind) folded on the Flop
Seat 4: axilleas33 folded before Flop (didn't bet)
Seat 5: ghost1971 folded on the Flop
Seat 6: wfghh folded before Flop (didn't bet)



PokerStars Zoom Hand #186958719439:  Hold'em No Limit ($0.02/$0.05) - 2018/05/28 23:13:24 CCT [2018/05/28 11:13:24 ET]
Table 'Donati' 6-max Seat #1 is the button
Seat 1: monojr ($5.51 in chips) 
Seat 2: erik4o21 ($13.01 in chips) 
Seat 3: HubertusB ($5.37 in chips) 
Seat 4: ssak07 ($6.35 in chips) 
Seat 5: Leopoldia ($4.02 in chips) 
Seat 6: XeniyaRussia ($6.94 in chips) 
erik4o21: posts small blind $0.02
HubertusB: posts big blind $0.05
*** HOLE CARDS ***
Dealt to HubertusB [4c 3h]
ssak07: folds 
Leopoldia: folds 
XeniyaRussia: raises $0.09 to $0.14
monojr: folds 
erik4o21: calls $0.12
HubertusB: folds 
*** FLOP *** [Th Ks 4d]
erik4o21: checks 
XeniyaRussia: checks 
*** TURN *** [Th Ks 4d] [5s]
erik4o21: bets $0.05
XeniyaRussia: calls $0.05
*** RIVER *** [Th Ks 4d 5s] [7h]
erik4o21: bets $0.05
XeniyaRussia: raises $0.26 to $0.31
erik4o21: folds 
Uncalled bet ($0.26) returned to XeniyaRussia
XeniyaRussia collected $0.51 from pot
XeniyaRussia: doesn't show hand 
*** SUMMARY ***
Total pot $0.53 | Rake $0.02 
Board [Th Ks 4d 5s 7h]
Seat 1: monojr (button) folded before Flop (didn't bet)
Seat 2: erik4o21 (small blind) folded on the River
Seat 3: HubertusB (big blind) folded before Flop
Seat 4: ssak07 folded before Flop (didn't bet)
Seat 5: Leopoldia folded before Flop (didn't bet)
Seat 6: XeniyaRussia collected ($0.51)



PokerStars Zoom Hand #186958730781:  Hold'em No Limit ($0.02/$0.05) - 2018/05/28 23:13:47 CCT [2018/05/28 11:13:47 ET]
Table 'Donati' 6-max Seat #1 is the button
Seat 1: scotseng ($4.11 in chips) 
Seat 2: marfen7 ($6.34 in chips) 
Seat 3: Podie89 ($5.16 in chips) 
Seat 4: Glolight ($23.69 in chips) 
Seat 5: overboard3 ($5.28 in chips) 
Seat 6: HubertusB ($5.32 in chips) 
marfen7: posts small blind $0.02
Podie89: posts big blind $0.05
*** HOLE CARDS ***
Dealt to HubertusB [5d Ac]
Glolight: folds 
overboard3: folds 
HubertusB: raises $0.10 to $0.15
scotseng: raises $0.37 to $0.52
marfen7: folds 
Podie89: folds 
HubertusB: folds 
Uncalled bet ($0.37) returned to scotseng
scotseng collected $0.37 from pot
scotseng: doesn't show hand 
*** SUMMARY ***
Total pot $0.37 | Rake $0 
Seat 1: scotseng (button) collected ($0.37)
Seat 2: marfen7 (small blind) folded before Flop
Seat 3: Podie89 (big blind) folded before Flop
Seat 4: Glolight folded before Flop (didn't bet)
Seat 5: overboard3 folded before Flop (didn't bet)
Seat 6: HubertusB folded before Flop



PokerStars Zoom Hand #186958749864:  Hold'em No Limit ($0.02/$0.05) - 2018/05/28 23:14:27 CCT [2018/05/28 11:14:27 ET]
Table 'Donati' 6-max Seat #1 is the button
Seat 1: zibertmen ($11.25 in chips) 
Seat 2: HubertusB ($5.17 in chips) 
Seat 3: Rednext ($5.47 in chips) 
Seat 4: Draugsvoll ($6.29 in chips) 
Seat 5: yumeko0001 ($5.38 in chips) 
Seat 6: Mayur96 ($16.30 in chips) 
HubertusB: posts small blind $0.02
Rednext: posts big blind $0.05
*** HOLE CARDS ***
Dealt to HubertusB [Qd Td]
Draugsvoll: folds 
yumeko0001: folds 
Mayur96: folds 
zibertmen: folds 
HubertusB: raises $0.10 to $0.15
Rednext: folds 
Uncalled bet ($0.10) returned to HubertusB
HubertusB collected $0.10 from pot
HubertusB: doesn't show hand 
*** SUMMARY ***
Total pot $0.10 | Rake $0 
Seat 1: zibertmen (button) folded before Flop (didn't bet)
Seat 2: HubertusB (small blind) collected ($0.10)
Seat 3: Rednext (big blind) folded before Flop
Seat 4: Draugsvoll folded before Flop (didn't bet)
Seat 5: yumeko0001 folded before Flop (didn't bet)
Seat 6: Mayur96 folded before Flop (didn't bet)



PokerStars Zoom Hand #186958759187:  Hold'em No Limit ($0.02/$0.05) - 2018/05/28 23:14:47 CCT [2018/05/28 11:14:47 ET]
Table 'Donati' 6-max Seat #1 is the button
Seat 1: krasko123 ($9.70 in chips) 
Seat 2: Bit13i ($14.02 in chips) 
Seat 3: firelex1 ($7.90 in chips) 
Seat 4: HubertusB ($5.22 in chips) 
Seat 5: pashanv8686 ($5.14 in chips) 
Seat 6: 6e3_LLIaHcoB ($5 in chips) 
Bit13i: posts small blind $0.02
firelex1: posts big blind $0.05
*** HOLE CARDS ***
Dealt to HubertusB [Ah Ad]
HubertusB: raises $0.10 to $0.15
pashanv8686: folds 
6e3_LLIaHcoB: folds 
krasko123: calls $0.15
Bit13i: folds 
firelex1: folds 
*** FLOP *** [5s 7c 8d]
HubertusB: bets $0.18
krasko123: calls $0.18
*** TURN *** [5s 7c 8d] [7d]
HubertusB: bets $0.40
krasko123: calls $0.40
*** RIVER *** [5s 7c 8d 7d] [9h]
HubertusB: checks 
krasko123: bets $1.45
HubertusB: calls $1.45
*** SHOW DOWN ***
krasko123: shows [2s 4s] (a pair of Sevens)
HubertusB: shows [Ah Ad] (two pair, Aces and Sevens)
HubertusB collected $4.25 from pot
*** SUMMARY ***
Total pot $4.43 | Rake $0.18 
Board [5s 7c 8d 7d 9h]
Seat 1: krasko123 (button) showed [2s 4s] and lost with a pair of Sevens
Seat 2: Bit13i (small blind) folded before Flop
Seat 3: firelex1 (big blind) folded before Flop
Seat 4: HubertusB showed [Ah Ad] and won ($4.25) with two pair, Aces and Sevens
Seat 5: pashanv8686 folded before Flop (didn't bet)
Seat 6: 6e3_LLIaHcoB folded before Flop (didn't bet)



PokerStars Zoom Hand #186958782051:  Hold'em No Limit ($0.02/$0.05) - 2018/05/28 23:15:38 CCT [2018/05/28 11:15:38 ET]
Table 'Donati' 6-max Seat #1 is the button
Seat 1: HubertusB ($7.29 in chips) 
Seat 2: Tommm_97 ($5.07 in chips) 
Seat 3: safeeway ($5.15 in chips) 
Seat 4: blindfelt21 ($2.80 in chips) 
Seat 5: ReFleXHH ($5.36 in chips) 
Seat 6: Onet1me_pl3 ($11.41 in chips) 
Tommm_97: posts small blind $0.02
safeeway: posts big blind $0.05
*** HOLE CARDS ***
Dealt to HubertusB [3h Td]
blindfelt21: folds 
ReFleXHH: folds 
Onet1me_pl3: folds 
HubertusB: folds 
Tommm_97: folds 
Uncalled bet ($0.03) returned to safeeway
safeeway collected $0.04 from pot
safeeway: doesn't show hand 
*** SUMMARY ***
Total pot $0.04 | Rake $0 
Seat 1: HubertusB (button) folded before Flop (didn't bet)
Seat 2: Tommm_97 (small blind) folded before Flop
Seat 3: safeeway (big blind) collected ($0.04)
Seat 4: blindfelt21 folded before Flop (didn't bet)
Seat 5: ReFleXHH folded before Flop (didn't bet)
Seat 6: Onet1me_pl3 folded before Flop (didn't bet)



PokerStars Zoom Hand #186958786024:  Hold'em No Limit ($0.02/$0.05) - 2018/05/28 23:15:47 CCT [2018/05/28 11:15:47 ET]
Table 'Donati' 6-max Seat #1 is the button
Seat 1: JoelHunt007 ($6.15 in chips) 
Seat 2: ValentjNN ($17.80 in chips) 
Seat 3: david_sara83 ($5 in chips) 
Seat 4: FloatsMyBoat ($5.61 in chips) 
Seat 5: undersize ($11.28 in chips) 
Seat 6: HubertusB ($7.29 in chips) 
ValentjNN: posts small blind $0.02
david_sara83: posts big blind $0.05
*** HOLE CARDS ***
Dealt to HubertusB [Tc 4c]
FloatsMyBoat: folds 
undersize: folds 
HubertusB: raises $0.10 to $0.15
JoelHunt007: raises $0.30 to $0.45
ValentjNN: folds 
david_sara83: folds 
HubertusB: folds 
Uncalled bet ($0.30) returned to JoelHunt007
JoelHunt007 collected $0.37 from pot
JoelHunt007: doesn't show hand 
*** SUMMARY ***
Total pot $0.37 | Rake $0 
Seat 1: JoelHunt007 (button) collected ($0.37)
Seat 2: ValentjNN (small blind) folded before Flop
Seat 3: david_sara83 (big blind) folded before Flop
Seat 4: FloatsMyBoat folded before Flop (didn't bet)
Seat 5: undersize folded before Flop (didn't bet)
Seat 6: HubertusB folded before Flop



PokerStars Zoom Hand #186958798609:  Hold'em No Limit ($0.02/$0.05) - 2018/05/28 23:16:16 CCT [2018/05/28 11:16:16 ET]
Table 'Donati' 6-max Seat #1 is the button
Seat 1: instabio ($5.21 in chips) 
Seat 2: denserk ($6.43 in chips) 
Seat 3: HubertusB ($7.14 in chips) 
Seat 4: Tommm_97 ($7.12 in chips) 
Seat 5: weigela123 ($7.49 in chips) 
Seat 6: Rednext ($5 in chips) 
denserk: posts small blind $0.02
HubertusB: posts big blind $0.05
*** HOLE CARDS ***
Dealt to HubertusB [Qh 3s]
Tommm_97: raises $0.10 to $0.15
weigela123: folds 
Rednext: folds 
instabio: folds 
denserk: folds 
HubertusB: folds 
Uncalled bet ($0.10) returned to Tommm_97
Tommm_97 collected $0.12 from pot
Tommm_97: doesn't show hand 
*** SUMMARY ***
Total pot $0.12 | Rake $0 
Seat 1: instabio (button) folded before Flop (didn't bet)
Seat 2: denserk (small blind) folded before Flop
Seat 3: HubertusB (big blind) folded before Flop
Seat 4: Tommm_97 collected ($0.12)
Seat 5: weigela123 folded before Flop (didn't bet)
Seat 6: Rednext folded before Flop (didn't bet)



PokerStars Zoom Hand #186958804801:  Hold'em No Limit ($0.02/$0.05) - 2018/05/28 23:16:30 CCT [2018/05/28 11:16:30 ET]
Table 'Donati' 6-max Seat #1 is the button
Seat 1: Elalein777 ($9.67 in chips) 
Seat 2: PSqsd ($5.48 in chips) 
Seat 3: overboard3 ($5 in chips) 
Seat 4: ffs_shoked ($12.66 in chips) 
Seat 5: HubertusB ($7.09 in chips) 
Seat 6: georgethemac ($7.80 in chips) 
PSqsd: posts small blind $0.02
overboard3: posts big blind $0.05
*** HOLE CARDS ***
Dealt to HubertusB [7h 3c]
ffs_shoked: raises $0.10 to $0.15
HubertusB: folds 
georgethemac: folds 
Elalein777: folds 
PSqsd: folds 
overboard3: folds 
Uncalled bet ($0.10) returned to ffs_shoked
ffs_shoked collected $0.12 from pot
ffs_shoked: doesn't show hand 
*** SUMMARY ***
Total pot $0.12 | Rake $0 
Seat 1: Elalein777 (button) folded before Flop (didn't bet)
Seat 2: PSqsd (small blind) folded before Flop
Seat 3: overboard3 (big blind) folded before Flop
Seat 4: ffs_shoked collected ($0.12)
Seat 5: HubertusB folded before Flop (didn't bet)
Seat 6: georgethemac folded before Flop (didn't bet)



PokerStars Zoom Hand #186958807346:  Hold'em No Limit ($0.02/$0.05) - 2018/05/28 23:16:36 CCT [2018/05/28 11:16:36 ET]
Table 'Donati' 6-max Seat #1 is the button
Seat 1: haddonjack ($5.07 in chips) 
Seat 2: monojr ($4.93 in chips) 
Seat 3: alexei1902 ($5 in chips) 
Seat 4: HubertusB ($7.09 in chips) 
Seat 5: cholomatsu ($6.84 in chips) 
Seat 6: oll0dun ($5.41 in chips) 
monojr: posts small blind $0.02
alexei1902: posts big blind $0.05
*** HOLE CARDS ***
Dealt to HubertusB [Qs 8s]
HubertusB: raises $0.10 to $0.15
cholomatsu: folds 
oll0dun: folds 
haddonjack: calls $0.15
monojr: folds 
alexei1902: raises $0.47 to $0.62
HubertusB: folds 
haddonjack: folds 
Uncalled bet ($0.47) returned to alexei1902
alexei1902 collected $0.47 from pot
alexei1902: doesn't show hand 
*** SUMMARY ***
Total pot $0.47 | Rake $0 
Seat 1: haddonjack (button) folded before Flop
Seat 2: monojr (small blind) folded before Flop
Seat 3: alexei1902 (big blind) collected ($0.47)
Seat 4: HubertusB folded before Flop
Seat 5: cholomatsu folded before Flop (didn't bet)
Seat 6: oll0dun folded before Flop (didn't bet)



PokerStars Zoom Hand #186958824960:  Hold'em No Limit ($0.02/$0.05) - 2018/05/28 23:17:18 CCT [2018/05/28 11:17:18 ET]
Table 'Donati' 6-max Seat #1 is the button
Seat 1: HubertusB ($6.92 in chips) 
Seat 2: AAAA0731 ($13.89 in chips) 
Seat 3: georgethemac ($7.35 in chips) 
Seat 4: yurimakk ($4.48 in chips) 
Seat 5: -=l Grek l=- ($10.82 in chips) 
Seat 6: NeverCallYou ($5.17 in chips) 
AAAA0731: posts small blind $0.02
georgethemac: posts big blind $0.05
*** HOLE CARDS ***
Dealt to HubertusB [Qh Jd]
yurimakk: raises $0.10 to $0.15
-=l Grek l=-: folds 
NeverCallYou: folds 
HubertusB: folds 
AAAA0731: folds 
georgethemac: folds 
Uncalled bet ($0.10) returned to yurimakk
yurimakk collected $0.12 from pot
yurimakk: doesn't show hand 
*** SUMMARY ***
Total pot $0.12 | Rake $0 
Seat 1: HubertusB (button) folded before Flop (didn't bet)
Seat 2: AAAA0731 (small blind) folded before Flop
Seat 3: georgethemac (big blind) folded before Flop
Seat 4: yurimakk collected ($0.12)
Seat 5: -=l Grek l=- folded before Flop (didn't bet)
Seat 6: NeverCallYou folded before Flop (didn't bet)



PokerStars Zoom Hand #186958822906:  Hold'em No Limit ($0.02/$0.05) - 2018/05/28 23:17:13 CCT [2018/05/28 11:17:13 ET]
Table 'Donati' 6-max Seat #1 is the button
Seat 1: wfghh ($4.93 in chips) 
Seat 2: HubertusB ($6.94 in chips) 
Seat 3: koning504 ($11.59 in chips) 
Seat 4: levathon ($8.30 in chips) 
Seat 5: toned cheif ($11.02 in chips) 
Seat 6: GiFlake ($3.94 in chips) 
HubertusB: posts small blind $0.02
koning504: posts big blind $0.05
*** HOLE CARDS ***
Dealt to HubertusB [8c 3d]
levathon: folds 
toned cheif: folds 
GiFlake: calls $0.05
wfghh: folds 
HubertusB: folds 
koning504: checks 
*** FLOP *** [Qs 8s 9s]
koning504: checks 
GiFlake: checks 
*** TURN *** [Qs 8s 9s] [7d]
koning504: bets $0.10
GiFlake: folds 
Uncalled bet ($0.10) returned to koning504
koning504 collected $0.12 from pot
koning504: doesn't show hand 
*** SUMMARY ***
Total pot $0.12 | Rake $0 
Board [Qs 8s 9s 7d]
Seat 1: wfghh (button) folded before Flop (didn't bet)
Seat 2: HubertusB (small blind) folded before Flop
Seat 3: koning504 (big blind) collected ($0.12)
Seat 4: levathon folded before Flop (didn't bet)
Seat 5: toned cheif folded before Flop (didn't bet)
Seat 6: GiFlake folded on the Turn



PokerStars Zoom Hand #186958834353:  Hold'em No Limit ($0.02/$0.05) - 2018/05/28 23:17:41 CCT [2018/05/28 11:17:41 ET]
Table 'Donati' 6-max Seat #1 is the button
Seat 1: Radomir 26 ($7.02 in chips) 
Seat 2: Glolight ($38.69 in chips) 
Seat 3: wfghh ($4.93 in chips) 
Seat 4: Tommm_97 ($5.02 in chips) 
Seat 5: Clemofahi ($5.25 in chips) 
Seat 6: HubertusB ($6.92 in chips) 
Glolight: posts small blind $0.02
wfghh: posts big blind $0.05
*** HOLE CARDS ***
Dealt to HubertusB [Qc Ts]
Tommm_97: raises $0.10 to $0.15
Clemofahi: folds 
HubertusB: folds 
Radomir 26: folds 
Glolight: folds 
wfghh: folds 
Uncalled bet ($0.10) returned to Tommm_97
Tommm_97 collected $0.12 from pot
Tommm_97: doesn't show hand 
*** SUMMARY ***
Total pot $0.12 | Rake $0 
Seat 1: Radomir 26 (button) folded before Flop (didn't bet)
Seat 2: Glolight (small blind) folded before Flop
Seat 3: wfghh (big blind) folded before Flop
Seat 4: Tommm_97 collected ($0.12)
Seat 5: Clemofahi folded before Flop (didn't bet)
Seat 6: HubertusB folded before Flop (didn't bet)



PokerStars Zoom Hand #186958836742:  Hold'em No Limit ($0.02/$0.05) - 2018/05/28 23:17:47 CCT [2018/05/28 11:17:47 ET]
Table 'Donati' 6-max Seat #1 is the button
Seat 1: Kotron ($5.21 in chips) 
Seat 2: Cooper Huang ($10.14 in chips) 
Seat 3: HubertusB ($6.92 in chips) 
Seat 4: levathon ($13.01 in chips) 
Seat 5: holdmybreath ($5.13 in chips) 
Seat 6: JHWH87 ($7.65 in chips) 
Cooper Huang: posts small blind $0.02
HubertusB: posts big blind $0.05
*** HOLE CARDS ***
Dealt to HubertusB [Jc 7h]
levathon: folds 
holdmybreath: folds 
JHWH87: folds 
Kotron: raises $0.08 to $0.13
Cooper Huang: folds 
HubertusB: folds 
Uncalled bet ($0.08) returned to Kotron
Kotron collected $0.12 from pot
Kotron: doesn't show hand 
*** SUMMARY ***
Total pot $0.12 | Rake $0 
Seat 1: Kotron (button) collected ($0.12)
Seat 2: Cooper Huang (small blind) folded before Flop
Seat 3: HubertusB (big blind) folded before Flop
Seat 4: levathon folded before Flop (didn't bet)
Seat 5: holdmybreath folded before Flop (didn't bet)
Seat 6: JHWH87 folded before Flop (didn't bet)



PokerStars Zoom Hand #186958832326:  Hold'em No Limit ($0.02/$0.05) - 2018/05/28 23:17:36 CCT [2018/05/28 11:17:36 ET]
Table 'Donati' 6-max Seat #1 is the button
Seat 1: Le Sophiste ($6.55 in chips) 
Seat 2: Rednext ($5.59 in chips) 
Seat 3: chipdeposit ($5 in chips) 
Seat 4: blazeitf4g ($5.12 in chips) 
Seat 5: HubertusB ($6.92 in chips) 
Seat 6: F1895 ($7.44 in chips) 
Rednext: posts small blind $0.02
chipdeposit: posts big blind $0.05
*** HOLE CARDS ***
Dealt to HubertusB [6c Tc]
blazeitf4g: folds 
HubertusB: folds 
F1895: folds 
Le Sophiste: raises $0.10 to $0.15
Rednext: raises $0.35 to $0.50
chipdeposit: folds 
Le Sophiste: raises $0.85 to $1.35
Rednext: folds 
Uncalled bet ($0.85) returned to Le Sophiste
Le Sophiste collected $1.05 from pot
Le Sophiste: doesn't show hand 
*** SUMMARY ***
Total pot $1.05 | Rake $0 
Seat 1: Le Sophiste (button) collected ($1.05)
Seat 2: Rednext (small blind) folded before Flop
Seat 3: chipdeposit (big blind) folded before Flop
Seat 4: blazeitf4g folded before Flop (didn't bet)
Seat 5: HubertusB folded before Flop (didn't bet)
Seat 6: F1895 folded before Flop (didn't bet)



PokerStars Zoom Hand #186958845559:  Hold'em No Limit ($0.02/$0.05) - 2018/05/28 23:18:09 CCT [2018/05/28 11:18:09 ET]
Table 'Donati' 6-max Seat #1 is the button
Seat 1: Hr.Berti007 ($10.32 in chips) 
Seat 2: HubertusB ($6.87 in chips) 
Seat 3: holdmybreath ($5.64 in chips) 
Seat 4: koning504 ($11.64 in chips) 
Seat 5: V8S8E8 ($2.21 in chips) 
Seat 6: chill7777777 ($3.75 in chips) 
HubertusB: posts small blind $0.02
holdmybreath: posts big blind $0.05
*** HOLE CARDS ***
Dealt to HubertusB [Ac 6s]
koning504: folds 
V8S8E8: folds 
chill7777777: folds 
Hr.Berti007: folds 
HubertusB: raises $0.10 to $0.15
holdmybreath: folds 
Uncalled bet ($0.10) returned to HubertusB
HubertusB collected $0.10 from pot
HubertusB: doesn't show hand 
*** SUMMARY ***
Total pot $0.10 | Rake $0 
Seat 1: Hr.Berti007 (button) folded before Flop (didn't bet)
Seat 2: HubertusB (small blind) collected ($0.10)
Seat 3: holdmybreath (big blind) folded before Flop
Seat 4: koning504 folded before Flop (didn't bet)
Seat 5: V8S8E8 folded before Flop (didn't bet)
Seat 6: chill7777777 folded before Flop (didn't bet)



PokerStars Zoom Hand #186958841197:  Hold'em No Limit ($0.02/$0.05) - 2018/05/28 23:17:58 CCT [2018/05/28 11:17:58 ET]
Table 'Donati' 6-max Seat #1 is the button
Seat 1: Heteroconger ($5.41 in chips) 
Seat 2: 00-db ($7.47 in chips) 
Seat 3: Draugsvoll ($5.06 in chips) 
Seat 4: HubertusB ($6.87 in chips) 
Seat 5: excellent30 ($3.85 in chips) 
Seat 6: TempeltonPek ($4.84 in chips) 
00-db: posts small blind $0.02
Draugsvoll: posts big blind $0.05
*** HOLE CARDS ***
Dealt to HubertusB [Tc 7h]
HubertusB: folds 
excellent30: folds 
TempeltonPek: folds 
Heteroconger: folds 
00-db: calls $0.03
Draugsvoll: checks 
*** FLOP *** [Ac 6s Qd]
00-db: checks 
Draugsvoll: checks 
*** TURN *** [Ac 6s Qd] [7s]
00-db: checks 
Draugsvoll: bets $0.09
00-db: folds 
Uncalled bet ($0.09) returned to Draugsvoll
Draugsvoll collected $0.10 from pot
Draugsvoll: doesn't show hand 
*** SUMMARY ***
Total pot $0.10 | Rake $0 
Board [Ac 6s Qd 7s]
Seat 1: Heteroconger (button) folded before Flop (didn't bet)
Seat 2: 00-db (small blind) folded on the Turn
Seat 3: Draugsvoll (big blind) collected ($0.10)
Seat 4: HubertusB folded before Flop (didn't bet)
Seat 5: excellent30 folded before Flop (didn't bet)
Seat 6: TempeltonPek folded before Flop (didn't bet)



PokerStars Zoom Hand #186958855025:  Hold'em No Limit ($0.02/$0.05) - 2018/05/28 23:18:33 CCT [2018/05/28 11:18:33 ET]
Table 'Donati' 6-max Seat #1 is the button
Seat 1: Pro100-LLaPb ($5.94 in chips) 
Seat 2: Leopoldia ($1.64 in chips) 
Seat 3: KidMilka ($7.98 in chips) 
Seat 4: TitanX1 ($1.26 in chips) 
Seat 5: HubertusB ($6.92 in chips) 
Seat 6: Radomir 26 ($16.25 in chips) 
Leopoldia: posts small blind $0.02
KidMilka: posts big blind $0.05
*** HOLE CARDS ***
Dealt to HubertusB [2h Qh]
TitanX1: raises $0.10 to $0.15
HubertusB: folds 
Radomir 26: folds 
Pro100-LLaPb: folds 
Leopoldia: calls $0.13
KidMilka: calls $0.10
*** FLOP *** [7d Kd 2d]
Leopoldia: checks 
KidMilka: bets $0.20
TitanX1: raises $0.91 to $1.11 and is all-in
Leopoldia: folds 
KidMilka: calls $0.91
*** TURN *** [7d Kd 2d] [Th]
*** RIVER *** [7d Kd 2d Th] [Qc]
*** SHOW DOWN ***
KidMilka: shows [Tc Jd] (a pair of Tens)
TitanX1: shows [Kc Ah] (a pair of Kings)
TitanX1 collected $2.56 from pot
*** SUMMARY ***
Total pot $2.67 | Rake $0.11 
Board [7d Kd 2d Th Qc]
Seat 1: Pro100-LLaPb (button) folded before Flop (didn't bet)
Seat 2: Leopoldia (small blind) folded on the Flop
Seat 3: KidMilka (big blind) showed [Tc Jd] and lost with a pair of Tens
Seat 4: TitanX1 showed [Kc Ah] and won ($2.56) with a pair of Kings
Seat 5: HubertusB folded before Flop (didn't bet)
Seat 6: Radomir 26 folded before Flop (didn't bet)



PokerStars Zoom Hand #186958856944:  Hold'em No Limit ($0.02/$0.05) - 2018/05/28 23:18:38 CCT [2018/05/28 11:18:38 ET]
Table 'Donati' 6-max Seat #1 is the button
Seat 1: HubertusB ($6.92 in chips) 
Seat 2: MaxWel2307 ($2.20 in chips) 
Seat 3: alioch211 ($7.60 in chips) 
Seat 4: space_jazz ($5.35 in chips) 
Seat 5: mentatat ($5.07 in chips) 
Seat 6: F1911P ($27.91 in chips) 
MaxWel2307: posts small blind $0.02
alioch211: posts big blind $0.05
*** HOLE CARDS ***
Dealt to HubertusB [Jh Qs]
space_jazz: folds 
mentatat: folds 
F1911P: raises $0.07 to $0.12
HubertusB: raises $0.38 to $0.50
MaxWel2307: folds 
alioch211: folds 
F1911P: calls $0.38
*** FLOP *** [3c 8c Jc]
F1911P: bets $0.60
HubertusB: calls $0.60
*** TURN *** [3c 8c Jc] [3s]
F1911P: bets $1.55
HubertusB: folds 
Uncalled bet ($1.55) returned to F1911P
F1911P collected $2.18 from pot
F1911P: doesn't show hand 
*** SUMMARY ***
Total pot $2.27 | Rake $0.09 
Board [3c 8c Jc 3s]
Seat 1: HubertusB (button) folded on the Turn
Seat 2: MaxWel2307 (small blind) folded before Flop
Seat 3: alioch211 (big blind) folded before Flop
Seat 4: space_jazz folded before Flop (didn't bet)
Seat 5: mentatat folded before Flop (didn't bet)
Seat 6: F1911P collected ($2.18)



PokerStars Zoom Hand #186958880043:  Hold'em No Limit ($0.02/$0.05) - 2018/05/28 23:19:39 CCT [2018/05/28 11:19:39 ET]
Table 'Donati' 6-max Seat #1 is the button
Seat 1: Zurdetw ($7.57 in chips) 
Seat 2: CVBA85 ($5.54 in chips) 
Seat 3: HubertusB ($5.82 in chips) 
Seat 4: Leopoldia ($2.93 in chips) 
Seat 5: SskyAngel ($4.25 in chips) 
Seat 6: denserk ($6.07 in chips) 
CVBA85: posts small blind $0.02
HubertusB: posts big blind $0.05
*** HOLE CARDS ***
Dealt to HubertusB [6h As]
Leopoldia: raises $0.10 to $0.15
SskyAngel: folds 
denserk: folds 
Zurdetw: folds 
CVBA85: raises $5.39 to $5.54 and is all-in
HubertusB: folds 
Leopoldia: folds 
Uncalled bet ($5.39) returned to CVBA85
CVBA85 collected $0.35 from pot
CVBA85: doesn't show hand 
*** SUMMARY ***
Total pot $0.35 | Rake $0 
Seat 1: Zurdetw (button) folded before Flop (didn't bet)
Seat 2: CVBA85 (small blind) collected ($0.35)
Seat 3: HubertusB (big blind) folded before Flop
Seat 4: Leopoldia folded before Flop
Seat 5: SskyAngel folded before Flop (didn't bet)
Seat 6: denserk folded before Flop (didn't bet)



PokerStars Zoom Hand #186958886254:  Hold'em No Limit ($0.02/$0.05) - 2018/05/28 23:19:56 CCT [2018/05/28 11:19:56 ET]
Table 'Donati' 6-max Seat #1 is the button
Seat 1: ForestV ($2.80 in chips) 
Seat 2: Anusnimus ($5.08 in chips) 
Seat 3: uction ($5.31 in chips) 
Seat 4: ali3nt0mmy ($10.53 in chips) 
Seat 5: space_jazz ($8.25 in chips) 
Seat 6: HubertusB ($5.77 in chips) 
Anusnimus: posts small blind $0.02
uction: posts big blind $0.05
*** HOLE CARDS ***
Dealt to HubertusB [7d 4h]
ali3nt0mmy: folds 
space_jazz: folds 
HubertusB: folds 
ForestV: folds 
Anusnimus: raises $0.07 to $0.12
uction: folds 
Uncalled bet ($0.07) returned to Anusnimus
Anusnimus collected $0.10 from pot
Anusnimus: doesn't show hand 
*** SUMMARY ***
Total pot $0.10 | Rake $0 
Seat 1: ForestV (button) folded before Flop (didn't bet)
Seat 2: Anusnimus (small blind) collected ($0.10)
Seat 3: uction (big blind) folded before Flop
Seat 4: ali3nt0mmy folded before Flop (didn't bet)
Seat 5: space_jazz folded before Flop (didn't bet)
Seat 6: HubertusB folded before Flop (didn't bet)



PokerStars Zoom Hand #186958888453:  Hold'em No Limit ($0.02/$0.05) - 2018/05/28 23:20:02 CCT [2018/05/28 11:20:02 ET]
Table 'Donati' 6-max Seat #1 is the button
Seat 1: Rednext ($5.11 in chips) 
Seat 2: wfghh ($4.93 in chips) 
Seat 3: Heteroconger ($5.53 in chips) 
Seat 4: HubertusB ($5.77 in chips) 
Seat 5: kingblockus ($6.55 in chips) 
Seat 6: TempeltonPek ($4.60 in chips) 
wfghh: posts small blind $0.02
Heteroconger: posts big blind $0.05
*** HOLE CARDS ***
Dealt to HubertusB [9s Js]
HubertusB: raises $0.10 to $0.15
kingblockus: folds 
TempeltonPek: folds 
Rednext: folds 
wfghh: folds 
Heteroconger: raises $0.45 to $0.60
HubertusB: folds 
Uncalled bet ($0.45) returned to Heteroconger
Heteroconger collected $0.32 from pot
Heteroconger: doesn't show hand 
*** SUMMARY ***
Total pot $0.32 | Rake $0 
Seat 1: Rednext (button) folded before Flop (didn't bet)
Seat 2: wfghh (small blind) folded before Flop
Seat 3: Heteroconger (big blind) collected ($0.32)
Seat 4: HubertusB folded before Flop
Seat 5: kingblockus folded before Flop (didn't bet)
Seat 6: TempeltonPek folded before Flop (didn't bet)



PokerStars Zoom Hand #186958904172:  Hold'em No Limit ($0.02/$0.05) - 2018/05/28 23:20:45 CCT [2018/05/28 11:20:45 ET]
Table 'Donati' 6-max Seat #1 is the button
Seat 1: audi a4352 ($9.53 in chips) 
Seat 2: lauavesi ($4.88 in chips) 
Seat 3: obkormylo ($6.80 in chips) 
Seat 4: HubertusB ($5.62 in chips) 
Seat 5: Antant AA ($2.06 in chips) 
Seat 6: offuca ($5.22 in chips) 
lauavesi: posts small blind $0.02
obkormylo: posts big blind $0.05
*** HOLE CARDS ***
Dealt to HubertusB [Jd 9s]
HubertusB: folds 
Antant AA: folds 
offuca: folds 
audi a4352: folds 
lauavesi: folds 
Uncalled bet ($0.03) returned to obkormylo
obkormylo collected $0.04 from pot
obkormylo: doesn't show hand 
*** SUMMARY ***
Total pot $0.04 | Rake $0 
Seat 1: audi a4352 (button) folded before Flop (didn't bet)
Seat 2: lauavesi (small blind) folded before Flop
Seat 3: obkormylo (big blind) collected ($0.04)
Seat 4: HubertusB folded before Flop (didn't bet)
Seat 5: Antant AA folded before Flop (didn't bet)
Seat 6: offuca folded before Flop (didn't bet)



PokerStars Zoom Hand #186958906765:  Hold'em No Limit ($0.02/$0.05) - 2018/05/28 23:20:52 CCT [2018/05/28 11:20:52 ET]
Table 'Donati' 6-max Seat #1 is the button
Seat 1: Rednext ($5.12 in chips) 
Seat 2: HubertusB ($5.62 in chips) 
Seat 3: mentatat ($5.23 in chips) 
Seat 4: ReFleXHH ($5.10 in chips) 
Seat 5: Marian V. 31 ($5 in chips) 
Seat 6: bubsqueak ($5.01 in chips) 
HubertusB: posts small blind $0.02
mentatat: posts big blind $0.05
*** HOLE CARDS ***
Dealt to HubertusB [8h 5d]
ReFleXHH: folds 
Marian V. 31: folds 
bubsqueak: folds 
Rednext: folds 
HubertusB: folds 
Uncalled bet ($0.03) returned to mentatat
mentatat collected $0.04 from pot
mentatat: doesn't show hand 
*** SUMMARY ***
Total pot $0.04 | Rake $0 
Seat 1: Rednext (button) folded before Flop (didn't bet)
Seat 2: HubertusB (small blind) folded before Flop
Seat 3: mentatat (big blind) collected ($0.04)
Seat 4: ReFleXHH folded before Flop (didn't bet)
Seat 5: Marian V. 31 folded before Flop (didn't bet)
Seat 6: bubsqueak folded before Flop (didn't bet)



PokerStars Zoom Hand #186958901571:  Hold'em No Limit ($0.02/$0.05) - 2018/05/28 23:20:38 CCT [2018/05/28 11:20:38 ET]
Table 'Donati' 6-max Seat #1 is the button
Seat 1: Patojenajlepsi ($5.49 in chips) 
Seat 2: Edmondo007 ($6.92 in chips) 
Seat 3: NeverCallYou ($6.56 in chips) 
Seat 4: falcao991 ($7.05 in chips) 
Seat 5: HubertusB ($5.62 in chips) 
Seat 6: denserk ($6.14 in chips) 
Edmondo007: posts small blind $0.02
NeverCallYou: posts big blind $0.05
*** HOLE CARDS ***
Dealt to HubertusB [6s 4c]
falcao991: folds 
HubertusB: folds 
denserk: raises $0.07 to $0.12
Patojenajlepsi: folds 
Edmondo007: raises $0.18 to $0.30
NeverCallYou: folds 
denserk: calls $0.18
*** FLOP *** [4s 9c 2c]
Edmondo007: bets $0.41
denserk: folds 
Uncalled bet ($0.41) returned to Edmondo007
Edmondo007 collected $0.62 from pot
Edmondo007: doesn't show hand 
*** SUMMARY ***
Total pot $0.65 | Rake $0.03 
Board [4s 9c 2c]
Seat 1: Patojenajlepsi (button) folded before Flop (didn't bet)
Seat 2: Edmondo007 (small blind) collected ($0.62)
Seat 3: NeverCallYou (big blind) folded before Flop
Seat 4: falcao991 folded before Flop (didn't bet)
Seat 5: HubertusB folded before Flop (didn't bet)
Seat 6: denserk folded on the Flop



PokerStars Zoom Hand #186958908980:  Hold'em No Limit ($0.02/$0.05) - 2018/05/28 23:20:58 CCT [2018/05/28 11:20:58 ET]
Table 'Donati' 6-max Seat #1 is the button
Seat 1: HubertusB ($5.60 in chips) 
Seat 2: PlodderBC ($8.98 in chips) 
Seat 3: T4NK.nl ($7.55 in chips) 
Seat 4: NeverCallYou ($5 in chips) 
Seat 5: Ka4ibuk@ ($5.41 in chips) 
Seat 6: holdmybreath ($5.14 in chips) 
PlodderBC: posts small blind $0.02
T4NK.nl: posts big blind $0.05
*** HOLE CARDS ***
Dealt to HubertusB [4s 4c]
NeverCallYou: folds 
Ka4ibuk@: folds 
holdmybreath: folds 
HubertusB: raises $0.10 to $0.15
PlodderBC: calls $0.13
T4NK.nl: calls $0.10
*** FLOP *** [Jh Kc Th]
PlodderBC: checks 
T4NK.nl: checks 
HubertusB: bets $0.25
PlodderBC: folds 
T4NK.nl: folds 
Uncalled bet ($0.25) returned to HubertusB
HubertusB collected $0.43 from pot
HubertusB: doesn't show hand 
*** SUMMARY ***
Total pot $0.45 | Rake $0.02 
Board [Jh Kc Th]
Seat 1: HubertusB (button) collected ($0.43)
Seat 2: PlodderBC (small blind) folded on the Flop
Seat 3: T4NK.nl (big blind) folded on the Flop
Seat 4: NeverCallYou folded before Flop (didn't bet)
Seat 5: Ka4ibuk@ folded before Flop (didn't bet)
Seat 6: holdmybreath folded before Flop (didn't bet)



PokerStars Zoom Hand #186958919020:  Hold'em No Limit ($0.02/$0.05) - 2018/05/28 23:21:26 CCT [2018/05/28 11:21:26 ET]
Table 'Donati' 6-max Seat #1 is the button
Seat 1: MoòSh ($5.07 in chips) 
Seat 2: alexandro156 ($5.65 in chips) 
Seat 3: HubertusB ($5.88 in chips) 
Seat 4: Volverin92 ($4.95 in chips) 
Seat 5: id e6y_1 ($4.87 in chips) 
Seat 6: Wadazet00 ($5 in chips) 
alexandro156: posts small blind $0.02
HubertusB: posts big blind $0.05
*** HOLE CARDS ***
Dealt to HubertusB [Qs 8d]
Volverin92: folds 
id e6y_1: raises $0.10 to $0.15
Wadazet00: folds 
MoòSh: folds 
alexandro156: folds 
HubertusB: folds 
Uncalled bet ($0.10) returned to id e6y_1
id e6y_1 collected $0.12 from pot
id e6y_1: doesn't show hand 
*** SUMMARY ***
Total pot $0.12 | Rake $0 
Seat 1: MoòSh (button) folded before Flop (didn't bet)
Seat 2: alexandro156 (small blind) folded before Flop
Seat 3: HubertusB (big blind) folded before Flop
Seat 4: Volverin92 folded before Flop (didn't bet)
Seat 5: id e6y_1 collected ($0.12)
Seat 6: Wadazet00 folded before Flop (didn't bet)



PokerStars Zoom Hand #186958922267:  Hold'em No Limit ($0.02/$0.05) - 2018/05/28 23:21:35 CCT [2018/05/28 11:21:35 ET]
Table 'Donati' 6-max Seat #1 is the button
Seat 1: ForestV ($2.57 in chips) 
Seat 2: offuca ($6.20 in chips) 
Seat 3: non0no ($8.70 in chips) 
Seat 4: celams ($5.32 in chips) 
Seat 5: blazeitf4g ($5.51 in chips) 
Seat 6: HubertusB ($5.83 in chips) 
offuca: posts small blind $0.02
non0no: posts big blind $0.05
*** HOLE CARDS ***
Dealt to HubertusB [3c 6c]
celams: folds 
blazeitf4g: folds 
HubertusB: folds 
ForestV: folds 
offuca: folds 
Uncalled bet ($0.03) returned to non0no
non0no collected $0.04 from pot
non0no: doesn't show hand 
*** SUMMARY ***
Total pot $0.04 | Rake $0 
Seat 1: ForestV (button) folded before Flop (didn't bet)
Seat 2: offuca (small blind) folded before Flop
Seat 3: non0no (big blind) collected ($0.04)
Seat 4: celams folded before Flop (didn't bet)
Seat 5: blazeitf4g folded before Flop (didn't bet)
Seat 6: HubertusB folded before Flop (didn't bet)



PokerStars Zoom Hand #186958924321:  Hold'em No Limit ($0.02/$0.05) - 2018/05/28 23:21:41 CCT [2018/05/28 11:21:41 ET]
Table 'Donati' 6-max Seat #1 is the button
Seat 1: littlfish_1 ($6.56 in chips) 
Seat 2: haddonjack ($8.70 in chips) 
Seat 3: U_RULIA ($6.75 in chips) 
Seat 4: dadofaca ($5.37 in chips) 
Seat 5: Mzhelka ($3.78 in chips) 
Seat 6: HubertusB ($5.83 in chips) 
haddonjack: posts small blind $0.02
U_RULIA: posts big blind $0.05
*** HOLE CARDS ***
Dealt to HubertusB [8s 8h]
dadofaca: folds 
Mzhelka: raises $3.73 to $3.78 and is all-in
HubertusB: folds 
littlfish_1: folds 
haddonjack: folds 
U_RULIA: folds 
Uncalled bet ($3.73) returned to Mzhelka
Mzhelka collected $0.12 from pot
Mzhelka: doesn't show hand 
*** SUMMARY ***
Total pot $0.12 | Rake $0 
Seat 1: littlfish_1 (button) folded before Flop (didn't bet)
Seat 2: haddonjack (small blind) folded before Flop
Seat 3: U_RULIA (big blind) folded before Flop
Seat 4: dadofaca folded before Flop (didn't bet)
Seat 5: Mzhelka collected ($0.12)
Seat 6: HubertusB folded before Flop (didn't bet)



PokerStars Zoom Hand #186958936030:  Hold'em No Limit ($0.02/$0.05) - 2018/05/28 23:22:14 CCT [2018/05/28 11:22:14 ET]
Table 'Donati' 6-max Seat #1 is the button
Seat 1: HubertusB ($5.81 in chips) 
Seat 2: Xasoin ($10.37 in chips) 
Seat 3: Liberti557 ($6.32 in chips) 
Seat 4: HyJyRH ($3.62 in chips) 
Seat 5: g_anifas ($5.40 in chips) 
Seat 6: alexei1902 ($5.90 in chips) 
Xasoin: posts small blind $0.02
Liberti557: posts big blind $0.05
*** HOLE CARDS ***
Dealt to HubertusB [5c 9c]
HyJyRH: folds 
g_anifas: folds 
alexei1902: folds 
HubertusB: raises $0.10 to $0.15
Xasoin: folds 
Liberti557: folds 
Uncalled bet ($0.10) returned to HubertusB
HubertusB collected $0.12 from pot
HubertusB: doesn't show hand 
*** SUMMARY ***
Total pot $0.12 | Rake $0 
Seat 1: HubertusB (button) collected ($0.12)
Seat 2: Xasoin (small blind) folded before Flop
Seat 3: Liberti557 (big blind) folded before Flop
Seat 4: HyJyRH folded before Flop (didn't bet)
Seat 5: g_anifas folded before Flop (didn't bet)
Seat 6: alexei1902 folded before Flop (didn't bet)



PokerStars Zoom Hand #186958930049:  Hold'em No Limit ($0.02/$0.05) - 2018/05/28 23:21:57 CCT [2018/05/28 11:21:57 ET]
Table 'Donati' 6-max Seat #1 is the button
Seat 1: jandsonpower ($5 in chips) 
Seat 2: HubertusB ($5.83 in chips) 
Seat 3: DreadF0ol ($5 in chips) 
Seat 4: TristrMistr ($7.74 in chips) 
Seat 5: tofsty ($16.20 in chips) 
Seat 6: Rednext ($5.12 in chips) 
HubertusB: posts small blind $0.02
DreadF0ol: posts big blind $0.05
*** HOLE CARDS ***
Dealt to HubertusB [Td Qh]
TristrMistr: folds 
tofsty: folds 
Rednext: raises $0.07 to $0.12
jandsonpower: folds 
HubertusB: folds 
DreadF0ol: calls $0.07
*** FLOP *** [Jc 2h 4h]
DreadF0ol: checks 
Rednext: checks 
*** TURN *** [Jc 2h 4h] [Th]
DreadF0ol: bets $0.13
Rednext: folds 
Uncalled bet ($0.13) returned to DreadF0ol
DreadF0ol collected $0.25 from pot
DreadF0ol: doesn't show hand 
*** SUMMARY ***
Total pot $0.26 | Rake $0.01 
Board [Jc 2h 4h Th]
Seat 1: jandsonpower (button) folded before Flop (didn't bet)
Seat 2: HubertusB (small blind) folded before Flop
Seat 3: DreadF0ol (big blind) collected ($0.25)
Seat 4: TristrMistr folded before Flop (didn't bet)
Seat 5: tofsty folded before Flop (didn't bet)
Seat 6: Rednext folded on the Turn



PokerStars Zoom Hand #186958944144:  Hold'em No Limit ($0.02/$0.05) - 2018/05/28 23:22:37 CCT [2018/05/28 11:22:37 ET]
Table 'Donati' 6-max Seat #1 is the button
Seat 1: bubsqueak ($4.34 in chips) 
Seat 2: JoelHunt007 ($5.13 in chips) 
Seat 3: HubertusB ($5.88 in chips) 
Seat 4: Jmm256 ($5 in chips) 
Seat 5: gilpokergyn ($8.46 in chips) 
Seat 6: bidipro ($7.03 in chips) 
JoelHunt007: posts small blind $0.02
HubertusB: posts big blind $0.05
*** HOLE CARDS ***
Dealt to HubertusB [Jc 6c]
Jmm256: folds 
gilpokergyn: folds 
bidipro: folds 
bubsqueak: folds 
JoelHunt007: raises $0.10 to $0.15
HubertusB: folds 
Uncalled bet ($0.10) returned to JoelHunt007
JoelHunt007 collected $0.10 from pot
JoelHunt007: doesn't show hand 
*** SUMMARY ***
Total pot $0.10 | Rake $0 
Seat 1: bubsqueak (button) folded before Flop (didn't bet)
Seat 2: JoelHunt007 (small blind) collected ($0.10)
Seat 3: HubertusB (big blind) folded before Flop
Seat 4: Jmm256 folded before Flop (didn't bet)
Seat 5: gilpokergyn folded before Flop (didn't bet)
Seat 6: bidipro folded before Flop (didn't bet)



PokerStars Zoom Hand #186958949082:  Hold'em No Limit ($0.02/$0.05) - 2018/05/28 23:22:51 CCT [2018/05/28 11:22:51 ET]
Table 'Donati' 6-max Seat #1 is the button
Seat 1: Tqlkkk-_- ($7.56 in chips) 
Seat 2: koning504 ($5.87 in chips) 
Seat 3: pashaExWeQu ($5.22 in chips) 
Seat 4: ForestV ($2.63 in chips) 
Seat 5: HubertusB ($5.83 in chips) 
Seat 6: fiana1968 ($5.77 in chips) 
koning504: posts small blind $0.02
pashaExWeQu: posts big blind $0.05
*** HOLE CARDS ***
Dealt to HubertusB [5h Ah]
ForestV: folds 
HubertusB: raises $0.10 to $0.15
fiana1968: folds 
Tqlkkk-_-: folds 
koning504: folds 
pashaExWeQu: calls $0.10
*** FLOP *** [2c 3d Js]
pashaExWeQu: checks 
HubertusB: checks 
*** TURN *** [2c 3d Js] [7c]
pashaExWeQu: bets $0.10
HubertusB: raises $0.30 to $0.40
pashaExWeQu: folds 
Uncalled bet ($0.30) returned to HubertusB
HubertusB collected $0.50 from pot
HubertusB: doesn't show hand 
*** SUMMARY ***
Total pot $0.52 | Rake $0.02 
Board [2c 3d Js 7c]
Seat 1: Tqlkkk-_- (button) folded before Flop (didn't bet)
Seat 2: koning504 (small blind) folded before Flop
Seat 3: pashaExWeQu (big blind) folded on the Turn
Seat 4: ForestV folded before Flop (didn't bet)
Seat 5: HubertusB collected ($0.50)
Seat 6: fiana1968 folded before Flop (didn't bet)



PokerStars Zoom Hand #186958964094:  Hold'em No Limit ($0.02/$0.05) - 2018/05/28 23:23:34 CCT [2018/05/28 11:23:34 ET]
Table 'Donati' 6-max Seat #1 is the button
Seat 1: instabio ($8.17 in chips) 
Seat 2: 031968 ($3.96 in chips) 
Seat 3: NeverCallYou ($5.30 in chips) 
Seat 4: HubertusB ($6.08 in chips) 
Seat 5: Tn 939 ($5.46 in chips) 
Seat 6: SerVilliam ($1.97 in chips) 
031968: posts small blind $0.02
NeverCallYou: posts big blind $0.05
*** HOLE CARDS ***
Dealt to HubertusB [Jc Ac]
HubertusB: raises $0.10 to $0.15
Tn 939: folds 
SerVilliam: folds 
instabio: folds 
031968: folds 
NeverCallYou: folds 
Uncalled bet ($0.10) returned to HubertusB
HubertusB collected $0.12 from pot
HubertusB: doesn't show hand 
*** SUMMARY ***
Total pot $0.12 | Rake $0 
Seat 1: instabio (button) folded before Flop (didn't bet)
Seat 2: 031968 (small blind) folded before Flop
Seat 3: NeverCallYou (big blind) folded before Flop
Seat 4: HubertusB collected ($0.12)
Seat 5: Tn 939 folded before Flop (didn't bet)
Seat 6: SerVilliam folded before Flop (didn't bet)



PokerStars Zoom Hand #186958969748:  Hold'em No Limit ($0.02/$0.05) - 2018/05/28 23:23:50 CCT [2018/05/28 11:23:50 ET]
Table 'Donati' 6-max Seat #1 is the button
Seat 1: magunesium ($6.87 in chips) 
Seat 2: mentatat ($15.21 in chips) 
Seat 3: DirtyDeedz1 ($7.56 in chips) 
Seat 4: HubertusB ($6.15 in chips) 
Seat 5: HAZZZZA ($4.38 in chips) 
Seat 6: scotseng ($5.48 in chips) 
mentatat: posts small blind $0.02
DirtyDeedz1: posts big blind $0.05
*** HOLE CARDS ***
Dealt to HubertusB [5s Qh]
HubertusB: folds 
HAZZZZA: folds 
scotseng: folds 
magunesium: folds 
mentatat: raises $0.10 to $0.15
DirtyDeedz1: folds 
Uncalled bet ($0.10) returned to mentatat
mentatat collected $0.10 from pot
mentatat: doesn't show hand 
*** SUMMARY ***
Total pot $0.10 | Rake $0 
Seat 1: magunesium (button) folded before Flop (didn't bet)
Seat 2: mentatat (small blind) collected ($0.10)
Seat 3: DirtyDeedz1 (big blind) folded before Flop
Seat 4: HubertusB folded before Flop (didn't bet)
Seat 5: HAZZZZA folded before Flop (didn't bet)
Seat 6: scotseng folded before Flop (didn't bet)



PokerStars Zoom Hand #186958976118:  Hold'em No Limit ($0.02/$0.05) - 2018/05/28 23:24:08 CCT [2018/05/28 11:24:08 ET]
Table 'Donati' 6-max Seat #1 is the button
Seat 1: gregzila ($3.59 in chips) 
Seat 2: alexbai79 ($8.46 in chips) 
Seat 3: salamandryko ($5.45 in chips) 
Seat 4: MD'forik' ($4.57 in chips) 
Seat 5: 00-db ($7.18 in chips) 
Seat 6: HubertusB ($6.15 in chips) 
alexbai79: posts small blind $0.02
salamandryko: posts big blind $0.05
*** HOLE CARDS ***
Dealt to HubertusB [6h Js]
MD'forik': folds 
00-db: raises $0.10 to $0.15
HubertusB: folds 
gregzila: folds 
alexbai79: folds 
salamandryko: folds 
Uncalled bet ($0.10) returned to 00-db
00-db collected $0.12 from pot
00-db: doesn't show hand 
*** SUMMARY ***
Total pot $0.12 | Rake $0 
Seat 1: gregzila (button) folded before Flop (didn't bet)
Seat 2: alexbai79 (small blind) folded before Flop
Seat 3: salamandryko (big blind) folded before Flop
Seat 4: MD'forik' folded before Flop (didn't bet)
Seat 5: 00-db collected ($0.12)
Seat 6: HubertusB folded before Flop (didn't bet)



PokerStars Zoom Hand #186958978613:  Hold'em No Limit ($0.02/$0.05) - 2018/05/28 23:24:15 CCT [2018/05/28 11:24:15 ET]
Table 'Donati' 6-max Seat #1 is the button
Seat 1: blazeitf4g ($5.30 in chips) 
Seat 2: HubertusB ($6.15 in chips) 
Seat 3: shershen' I ($4.83 in chips) 
Seat 4: YungPop ($13.88 in chips) 
Seat 5: chill7777777 ($3.56 in chips) 
Seat 6: audi a4352 ($8.29 in chips) 
HubertusB: posts small blind $0.02
shershen' I: posts big blind $0.05
*** HOLE CARDS ***
Dealt to HubertusB [Kc Qd]
YungPop: folds 
chill7777777: folds 
audi a4352: folds 
blazeitf4g: folds 
HubertusB: raises $0.10 to $0.15
shershen' I: raises $0.25 to $0.40
HubertusB: folds 
Uncalled bet ($0.25) returned to shershen' I
shershen' I collected $0.30 from pot
shershen' I: doesn't show hand 
*** SUMMARY ***
Total pot $0.30 | Rake $0 
Seat 1: blazeitf4g (button) folded before Flop (didn't bet)
Seat 2: HubertusB (small blind) folded before Flop
Seat 3: shershen' I (big blind) collected ($0.30)
Seat 4: YungPop folded before Flop (didn't bet)
Seat 5: chill7777777 folded before Flop (didn't bet)
Seat 6: audi a4352 folded before Flop (didn't bet)



PokerStars Zoom Hand #186958991200:  Hold'em No Limit ($0.02/$0.05) - 2018/05/28 23:24:51 CCT [2018/05/28 11:24:51 ET]
Table 'Donati' 6-max Seat #1 is the button
Seat 1: HubertusB ($6 in chips) 
Seat 2: olismith23 ($2.81 in chips) 
Seat 3: tsampa ($6.41 in chips) 
Seat 4: p0kerbob ($5.31 in chips) 
Seat 5: kliha888 ($6.81 in chips) 
Seat 6: haddonjack ($5 in chips) 
olismith23: posts small blind $0.02
tsampa: posts big blind $0.05
*** HOLE CARDS ***
Dealt to HubertusB [5c 4c]
p0kerbob: raises $0.10 to $0.15
kliha888: folds 
haddonjack: folds 
HubertusB: folds 
olismith23: calls $0.13
tsampa: folds 
*** FLOP *** [Jh 6s 4d]
olismith23: bets $0.35
p0kerbob: folds 
Uncalled bet ($0.35) returned to olismith23
olismith23 collected $0.34 from pot
olismith23: doesn't show hand 
*** SUMMARY ***
Total pot $0.35 | Rake $0.01 
Board [Jh 6s 4d]
Seat 1: HubertusB (button) folded before Flop (didn't bet)
Seat 2: olismith23 (small blind) collected ($0.34)
Seat 3: tsampa (big blind) folded before Flop
Seat 4: p0kerbob folded on the Flop
Seat 5: kliha888 folded before Flop (didn't bet)
Seat 6: haddonjack folded before Flop (didn't bet)



PokerStars Zoom Hand #186958993987:  Hold'em No Limit ($0.02/$0.05) - 2018/05/28 23:24:59 CCT [2018/05/28 11:24:59 ET]
Table 'Donati' 6-max Seat #1 is the button
Seat 1: grunge&punk ($3.85 in chips) 
Seat 2: 5iftyse7en ($9.40 in chips) 
Seat 3: Radomir 26 ($16.23 in chips) 
Seat 4: barrabalero ($6.10 in chips) 
Seat 5: HubertusB ($6 in chips) 
Seat 6: Se4ilinikogr3 ($8.17 in chips) 
5iftyse7en: posts small blind $0.02
Radomir 26: posts big blind $0.05
*** HOLE CARDS ***
Dealt to HubertusB [4s 6c]
barrabalero: folds 
HubertusB: folds 
Se4ilinikogr3: folds 
grunge&punk: folds 
5iftyse7en: raises $0.10 to $0.15
Radomir 26: raises $0.33 to $0.48
5iftyse7en: calls $0.33
*** FLOP *** [7s 3s 7h]
5iftyse7en: checks 
Radomir 26: bets $0.64
5iftyse7en: calls $0.64
*** TURN *** [7s 3s 7h] [4c]
5iftyse7en: checks 
Radomir 26: bets $1.56
5iftyse7en: calls $1.56
*** RIVER *** [7s 3s 7h 4c] [6d]
5iftyse7en: checks 
Radomir 26: bets $2.96
5iftyse7en: calls $2.96
*** SHOW DOWN ***
Radomir 26: shows [Kd Kh] (two pair, Kings and Sevens)
5iftyse7en: mucks hand 
Radomir 26 collected $10.81 from pot
*** SUMMARY ***
Total pot $11.28 | Rake $0.47 
Board [7s 3s 7h 4c 6d]
Seat 1: grunge&punk (button) folded before Flop (didn't bet)
Seat 2: 5iftyse7en (small blind) mucked [9s 9d]
Seat 3: Radomir 26 (big blind) showed [Kd Kh] and won ($10.81) with two pair, Kings and Sevens
Seat 4: barrabalero folded before Flop (didn't bet)
Seat 5: HubertusB folded before Flop (didn't bet)
Seat 6: Se4ilinikogr3 folded before Flop (didn't bet)



PokerStars Zoom Hand #186958996473:  Hold'em No Limit ($0.02/$0.05) - 2018/05/28 23:25:06 CCT [2018/05/28 11:25:06 ET]
Table 'Donati' 6-max Seat #1 is the button
Seat 1: mamel7777 ($6.46 in chips) 
Seat 2: someep1ck ($5 in chips) 
Seat 3: HubertusB ($6 in chips) 
Seat 4: gilpokergyn ($8.72 in chips) 
Seat 5: soldier87xxx ($4.86 in chips) 
Seat 6: Mayur96 ($5.45 in chips) 
someep1ck: posts small blind $0.02
HubertusB: posts big blind $0.05
*** HOLE CARDS ***
Dealt to HubertusB [Qc Js]
gilpokergyn: folds 
soldier87xxx: folds 
Mayur96: folds 
mamel7777: folds 
someep1ck: raises $0.10 to $0.15
HubertusB: calls $0.10
*** FLOP *** [9d Qh Jh]
someep1ck: bets $0.19
HubertusB: calls $0.19
*** TURN *** [9d Qh Jh] [9h]
someep1ck: bets $0.46
HubertusB: calls $0.46
*** RIVER *** [9d Qh Jh 9h] [7d]
someep1ck: bets $1.35
HubertusB: calls $1.35
*** SHOW DOWN ***
someep1ck: shows [9s 9c] (four of a kind, Nines)
HubertusB: mucks hand 
someep1ck collected $4.12 from pot
*** SUMMARY ***
Total pot $4.30 | Rake $0.18 
Board [9d Qh Jh 9h 7d]
Seat 1: mamel7777 (button) folded before Flop (didn't bet)
Seat 2: someep1ck (small blind) showed [9s 9c] and won ($4.12) with four of a kind, Nines
Seat 3: HubertusB (big blind) mucked [Qc Js]
Seat 4: gilpokergyn folded before Flop (didn't bet)
Seat 5: soldier87xxx folded before Flop (didn't bet)
Seat 6: Mayur96 folded before Flop (didn't bet)



PokerStars Zoom Hand #186959018710:  Hold'em No Limit ($0.02/$0.05) - 2018/05/28 23:26:10 CCT [2018/05/28 11:26:10 ET]
Table 'Donati' 6-max Seat #1 is the button
Seat 1: someep1ck ($6.11 in chips) 
Seat 2: yorimitisyug ($5.02 in chips) 
Seat 3: kakaxx1 ($4.24 in chips) 
Seat 4: HubertusB ($3.85 in chips) 
Seat 5: YungPop ($13.88 in chips) 
Seat 6: space_jazz ($7.59 in chips) 
yorimitisyug: posts small blind $0.02
kakaxx1: posts big blind $0.05
*** HOLE CARDS ***
Dealt to HubertusB [Ah Th]
HubertusB: raises $0.10 to $0.15
YungPop: folds 
space_jazz: raises $0.35 to $0.50
someep1ck: folds 
yorimitisyug: folds 
kakaxx1: calls $0.45
HubertusB: calls $0.35
*** FLOP *** [Qc 8c 7h]
kakaxx1: checks 
HubertusB: checks 
space_jazz: bets $1.46
kakaxx1: folds 
HubertusB: folds 
Uncalled bet ($1.46) returned to space_jazz
space_jazz collected $1.46 from pot
space_jazz: doesn't show hand 
*** SUMMARY ***
Total pot $1.52 | Rake $0.06 
Board [Qc 8c 7h]
Seat 1: someep1ck (button) folded before Flop (didn't bet)
Seat 2: yorimitisyug (small blind) folded before Flop
Seat 3: kakaxx1 (big blind) folded on the Flop
Seat 4: HubertusB folded on the Flop
Seat 5: YungPop folded before Flop (didn't bet)
Seat 6: space_jazz collected ($1.46)



PokerStars Zoom Hand #186959045188:  Hold'em No Limit ($0.02/$0.05) - 2018/05/28 23:27:26 CCT [2018/05/28 11:27:26 ET]
Table 'Donati' 6-max Seat #1 is the button
Seat 1: whipwhipcn ($5 in chips) 
Seat 2: fiana1968 ($5.45 in chips) 
Seat 3: DreadF0ol ($5.15 in chips) 
Seat 4: haddonjack ($5 in chips) 
Seat 5: returnal ($5 in chips) 
Seat 6: HubertusB ($3.33 in chips) 
fiana1968: posts small blind $0.02
DreadF0ol: posts big blind $0.05
*** HOLE CARDS ***
Dealt to HubertusB [8c Qs]
haddonjack: folds 
returnal: raises $0.10 to $0.15
HubertusB: folds 
whipwhipcn: folds 
fiana1968: folds 
DreadF0ol: folds 
Uncalled bet ($0.10) returned to returnal
returnal collected $0.12 from pot
returnal: doesn't show hand 
*** SUMMARY ***
Total pot $0.12 | Rake $0 
Seat 1: whipwhipcn (button) folded before Flop (didn't bet)
Seat 2: fiana1968 (small blind) folded before Flop
Seat 3: DreadF0ol (big blind) folded before Flop
Seat 4: haddonjack folded before Flop (didn't bet)
Seat 5: returnal collected ($0.12)
Seat 6: HubertusB folded before Flop (didn't bet)



PokerStars Zoom Hand #186959046897:  Hold'em No Limit ($0.02/$0.05) - 2018/05/28 23:27:31 CCT [2018/05/28 11:27:31 ET]
Table 'Donati' 6-max Seat #1 is the button
Seat 1: HubertusB ($3.33 in chips) 
Seat 2: U_RULIA ($9.55 in chips) 
Seat 3: SerVilliam ($2.47 in chips) 
Seat 4: heinrich81 ($4.95 in chips) 
Seat 5: Fe4rF4ctor ($8.49 in chips) 
Seat 6: darkmoon311 ($10.70 in chips) 
U_RULIA: posts small blind $0.02
SerVilliam: posts big blind $0.05
*** HOLE CARDS ***
Dealt to HubertusB [Qd 4s]
heinrich81: folds 
Fe4rF4ctor: folds 
darkmoon311: folds 
HubertusB: folds 
U_RULIA: folds 
Uncalled bet ($0.03) returned to SerVilliam
SerVilliam collected $0.04 from pot
SerVilliam: doesn't show hand 
*** SUMMARY ***
Total pot $0.04 | Rake $0 
Seat 1: HubertusB (button) folded before Flop (didn't bet)
Seat 2: U_RULIA (small blind) folded before Flop
Seat 3: SerVilliam (big blind) collected ($0.04)
Seat 4: heinrich81 folded before Flop (didn't bet)
Seat 5: Fe4rF4ctor folded before Flop (didn't bet)
Seat 6: darkmoon311 folded before Flop (didn't bet)



PokerStars Zoom Hand #186959050703:  Hold'em No Limit ($0.02/$0.05) - 2018/05/28 23:27:42 CCT [2018/05/28 11:27:42 ET]
Table 'Donati' 6-max Seat #1 is the button
Seat 1: Snowy1984C ($2.50 in chips) 
Seat 2: TristrMistr ($6.03 in chips) 
Seat 3: HubertusB ($3.33 in chips) 
Seat 4: sepik200 ($5.69 in chips) 
Seat 5: CEMEH_H ($3.38 in chips) 
Seat 6: FloatsMyBoat ($5.99 in chips) 
TristrMistr: posts small blind $0.02
HubertusB: posts big blind $0.05
*** HOLE CARDS ***
Dealt to HubertusB [7s 5h]
sepik200: raises $0.05 to $0.10
CEMEH_H: folds 
FloatsMyBoat: folds 
Snowy1984C: folds 
TristrMistr: folds 
HubertusB: folds 
Uncalled bet ($0.05) returned to sepik200
sepik200 collected $0.12 from pot
sepik200: doesn't show hand 
*** SUMMARY ***
Total pot $0.12 | Rake $0 
Seat 1: Snowy1984C (button) folded before Flop (didn't bet)
Seat 2: TristrMistr (small blind) folded before Flop
Seat 3: HubertusB (big blind) folded before Flop
Seat 4: sepik200 collected ($0.12)
Seat 5: CEMEH_H folded before Flop (didn't bet)
Seat 6: FloatsMyBoat folded before Flop (didn't bet)



PokerStars Zoom Hand #186959063100:  Hold'em No Limit ($0.02/$0.05) - 2018/05/28 23:28:00 CCT [2018/05/28 11:28:00 ET]
Table 'Donati' 6-max Seat #1 is the button
Seat 1: Fe4rF4ctor ($8.47 in chips) 
Seat 2: Snowy1984C ($2.98 in chips) 
Seat 3: SskyAngel ($4.19 in chips) 
Seat 4: Anusnimus ($9.67 in chips) 
Seat 5: almos548 ($1.20 in chips) 
Seat 6: HubertusB ($3.28 in chips) 
Snowy1984C: posts small blind $0.02
SskyAngel: posts big blind $0.05
*** HOLE CARDS ***
Dealt to HubertusB [2c Ac]
Anusnimus: folds 
almos548: folds 
HubertusB: raises $0.10 to $0.15
Fe4rF4ctor: folds 
Snowy1984C: folds 
SskyAngel: folds 
Uncalled bet ($0.10) returned to HubertusB
HubertusB collected $0.12 from pot
HubertusB: doesn't show hand 
*** SUMMARY ***
Total pot $0.12 | Rake $0 
Seat 1: Fe4rF4ctor (button) folded before Flop (didn't bet)
Seat 2: Snowy1984C (small blind) folded before Flop
Seat 3: SskyAngel (big blind) folded before Flop
Seat 4: Anusnimus folded before Flop (didn't bet)
Seat 5: almos548 folded before Flop (didn't bet)
Seat 6: HubertusB collected ($0.12)



PokerStars Zoom Hand #186959041026:  Hold'em No Limit ($0.02/$0.05) - 2018/05/28 23:27:14 CCT [2018/05/28 11:27:14 ET]
Table 'Donati' 6-max Seat #1 is the button
Seat 1: PenTAce ($7.49 in chips) 
Seat 2: HubertusB ($3.35 in chips) 
Seat 3: Pro100-LLaPb ($5.75 in chips) 
Seat 4: shallvovan ($2.04 in chips) 
Seat 5: zibertmen ($9.29 in chips) 
Seat 6: 0seberg ($5.07 in chips) 
HubertusB: posts small blind $0.02
Pro100-LLaPb: posts big blind $0.05
*** HOLE CARDS ***
Dealt to HubertusB [9s Tc]
shallvovan: folds 
zibertmen: raises $0.10 to $0.15
0seberg: folds 
PenTAce: calls $0.15
HubertusB: folds 
Pro100-LLaPb: folds 
*** FLOP *** [Qh 8c Ad]
zibertmen: checks 
PenTAce: bets $0.18
zibertmen: calls $0.18
*** TURN *** [Qh 8c Ad] [2s]
zibertmen: checks 
PenTAce: bets $0.37
zibertmen: calls $0.37
*** RIVER *** [Qh 8c Ad 2s] [Kc]
zibertmen: checks 
PenTAce: bets $0.74
zibertmen: calls $0.74
*** SHOW DOWN ***
PenTAce: shows [Qc Qs] (three of a kind, Queens)
zibertmen: mucks hand 
PenTAce collected $2.83 from pot
*** SUMMARY ***
Total pot $2.95 | Rake $0.12 
Board [Qh 8c Ad 2s Kc]
Seat 1: PenTAce (button) showed [Qc Qs] and won ($2.83) with three of a kind, Queens
Seat 2: HubertusB (small blind) folded before Flop
Seat 3: Pro100-LLaPb (big blind) folded before Flop
Seat 4: shallvovan folded before Flop (didn't bet)
Seat 5: zibertmen mucked [Ac 9c]
Seat 6: 0seberg folded before Flop (didn't bet)



PokerStars Zoom Hand #186959067317:  Hold'em No Limit ($0.02/$0.05) - 2018/05/28 23:28:12 CCT [2018/05/28 11:28:12 ET]
Table 'Donati' 6-max Seat #1 is the button
Seat 1: fr1sson ($5 in chips) 
Seat 2: 4BetForFood ($5.20 in chips) 
Seat 3: Nambert ($5 in chips) 
Seat 4: DreadF0ol ($5.30 in chips) 
Seat 5: HubertusB ($3.35 in chips) 
Seat 6: weigela123 ($7.87 in chips) 
4BetForFood: posts small blind $0.02
Nambert: posts big blind $0.05
*** HOLE CARDS ***
Dealt to HubertusB [4d 5d]
DreadF0ol: folds 
HubertusB: folds 
weigela123: folds 
fr1sson: folds 
4BetForFood: folds 
Uncalled bet ($0.03) returned to Nambert
Nambert collected $0.04 from pot
Nambert: doesn't show hand 
*** SUMMARY ***
Total pot $0.04 | Rake $0 
Seat 1: fr1sson (button) folded before Flop (didn't bet)
Seat 2: 4BetForFood (small blind) folded before Flop
Seat 3: Nambert (big blind) collected ($0.04)
Seat 4: DreadF0ol folded before Flop (didn't bet)
Seat 5: HubertusB folded before Flop (didn't bet)
Seat 6: weigela123 folded before Flop (didn't bet)



PokerStars Zoom Hand #186959048981:  Hold'em No Limit ($0.02/$0.05) - 2018/05/28 23:27:37 CCT [2018/05/28 11:27:37 ET]
Table 'Donati' 6-max Seat #1 is the button
Seat 1: elviesa ($6.71 in chips) 
Seat 2: meibutsu ($5 in chips) 
Seat 3: 031968 ($5.97 in chips) 
Seat 4: ami4-17 ($6.79 in chips) 
Seat 5: HubertusB ($3.33 in chips) 
Seat 6: levathon ($10.65 in chips) 
meibutsu: posts small blind $0.02
031968: posts big blind $0.05
*** HOLE CARDS ***
Dealt to HubertusB [6c 7s]
ami4-17: folds 
HubertusB: folds 
levathon: raises $0.12 to $0.17
elviesa: raises $0.33 to $0.50
meibutsu: folds 
031968: folds 
levathon: calls $0.33
*** FLOP *** [6h 2d As]
levathon: bets $0.60
elviesa: calls $0.60
*** TURN *** [6h 2d As] [Qc]
levathon: checks 
elviesa: checks 
*** RIVER *** [6h 2d As Qc] [Kc]
levathon: checks 
elviesa: checks 
*** SHOW DOWN ***
levathon: shows [Ts 8s] (high card Ace)
elviesa: shows [4h Ah] (a pair of Aces)
elviesa collected $2.18 from pot
*** SUMMARY ***
Total pot $2.27 | Rake $0.09 
Board [6h 2d As Qc Kc]
Seat 1: elviesa (button) showed [4h Ah] and won ($2.18) with a pair of Aces
Seat 2: meibutsu (small blind) folded before Flop
Seat 3: 031968 (big blind) folded before Flop
Seat 4: ami4-17 folded before Flop (didn't bet)
Seat 5: HubertusB folded before Flop (didn't bet)
Seat 6: levathon showed [Ts 8s] and lost with high card Ace



PokerStars Zoom Hand #186959070056:  Hold'em No Limit ($0.02/$0.05) - 2018/05/28 23:28:20 CCT [2018/05/28 11:28:20 ET]
Table 'Donati' 6-max Seat #1 is the button
Seat 1: 0seberg ($5.44 in chips) 
Seat 2: HubertusB ($3.35 in chips) 
Seat 3: almos548 ($1.18 in chips) 
Seat 4: monojr ($5 in chips) 
Seat 5: 031968 ($5.90 in chips) 
Seat 6: kliha888 ($6.52 in chips) 
HubertusB: posts small blind $0.02
almos548: posts big blind $0.05
*** HOLE CARDS ***
Dealt to HubertusB [Jh Js]
monojr: folds 
031968: folds 
kliha888: folds 
0seberg: folds 
HubertusB: raises $0.10 to $0.15
almos548: folds 
Uncalled bet ($0.10) returned to HubertusB
HubertusB collected $0.10 from pot
HubertusB: doesn't show hand 
*** SUMMARY ***
Total pot $0.10 | Rake $0 
Seat 1: 0seberg (button) folded before Flop (didn't bet)
Seat 2: HubertusB (small blind) collected ($0.10)
Seat 3: almos548 (big blind) folded before Flop
Seat 4: monojr folded before Flop (didn't bet)
Seat 5: 031968 folded before Flop (didn't bet)
Seat 6: kliha888 folded before Flop (didn't bet)



PokerStars Zoom Hand #186959078087:  Hold'em No Limit ($0.02/$0.05) - 2018/05/28 23:28:43 CCT [2018/05/28 11:28:43 ET]
Table 'Donati' 6-max Seat #1 is the button
Seat 1: HubertusB ($3.40 in chips) 
Seat 2: Heteroconger ($5 in chips) 
Seat 3: Reket8 ($2.16 in chips) 
Seat 4: blazeitf4g ($6.38 in chips) 
Seat 5: darkmoon311 ($10.48 in chips) 
Seat 6: haddonjack ($5 in chips) 
Heteroconger: posts small blind $0.02
Reket8: posts big blind $0.05
*** HOLE CARDS ***
Dealt to HubertusB [7s Qh]
blazeitf4g: folds 
darkmoon311: folds 
haddonjack: folds 
HubertusB: folds 
Heteroconger: folds 
Uncalled bet ($0.03) returned to Reket8
Reket8 collected $0.04 from pot
Reket8: doesn't show hand 
*** SUMMARY ***
Total pot $0.04 | Rake $0 
Seat 1: HubertusB (button) folded before Flop (didn't bet)
Seat 2: Heteroconger (small blind) folded before Flop
Seat 3: Reket8 (big blind) collected ($0.04)
Seat 4: blazeitf4g folded before Flop (didn't bet)
Seat 5: darkmoon311 folded before Flop (didn't bet)
Seat 6: haddonjack folded before Flop (didn't bet)



PokerStars Zoom Hand #186959081508:  Hold'em No Limit ($0.02/$0.05) - 2018/05/28 23:28:53 CCT [2018/05/28 11:28:53 ET]
Table 'Donati' 6-max Seat #1 is the button
Seat 1: epejoo ($5.07 in chips) 
Seat 2: morph-x78 ($6.39 in chips) 
Seat 3: hongta100 ($1.93 in chips) 
Seat 4: HubertusB ($3.40 in chips) 
Seat 5: Tn 939 ($5 in chips) 
Seat 6: fr1sson ($5 in chips) 
morph-x78: posts small blind $0.02
hongta100: posts big blind $0.05
*** HOLE CARDS ***
Dealt to HubertusB [Ac 9h]
HubertusB: folds 
Tn 939: folds 
fr1sson: raises $0.07 to $0.12
epejoo: folds 
morph-x78: folds 
hongta100: folds 
Uncalled bet ($0.07) returned to fr1sson
fr1sson collected $0.12 from pot
fr1sson: doesn't show hand 
*** SUMMARY ***
Total pot $0.12 | Rake $0 
Seat 1: epejoo (button) folded before Flop (didn't bet)
Seat 2: morph-x78 (small blind) folded before Flop
Seat 3: hongta100 (big blind) folded before Flop
Seat 4: HubertusB folded before Flop (didn't bet)
Seat 5: Tn 939 folded before Flop (didn't bet)
Seat 6: fr1sson collected ($0.12)



PokerStars Zoom Hand #186959083606:  Hold'em No Limit ($0.02/$0.05) - 2018/05/28 23:28:59 CCT [2018/05/28 11:28:59 ET]
Table 'Donati' 6-max Seat #1 is the button
Seat 1: pingWINaLLin ($5 in chips) 
Seat 2: Snowy1984C ($2.56 in chips) 
Seat 3: GiFlake ($2.69 in chips) 
Seat 4: grunge&punk ($5.50 in chips) 
Seat 5: HubertusB ($3.40 in chips) 
Seat 6: 4BetForFood ($5.79 in chips) 
Snowy1984C: posts small blind $0.02
GiFlake: posts big blind $0.05
*** HOLE CARDS ***
Dealt to HubertusB [4h 5h]
grunge&punk: folds 
HubertusB: folds 
4BetForFood: folds 
pingWINaLLin: raises $0.07 to $0.12
Snowy1984C: folds 
GiFlake: folds 
Uncalled bet ($0.07) returned to pingWINaLLin
pingWINaLLin collected $0.12 from pot
pingWINaLLin: doesn't show hand 
*** SUMMARY ***
Total pot $0.12 | Rake $0 
Seat 1: pingWINaLLin (button) collected ($0.12)
Seat 2: Snowy1984C (small blind) folded before Flop
Seat 3: GiFlake (big blind) folded before Flop
Seat 4: grunge&punk folded before Flop (didn't bet)
Seat 5: HubertusB folded before Flop (didn't bet)
Seat 6: 4BetForFood folded before Flop (didn't bet)



PokerStars Zoom Hand #186959085624:  Hold'em No Limit ($0.02/$0.05) - 2018/05/28 23:29:05 CCT [2018/05/28 11:29:05 ET]
Table 'Donati' 6-max Seat #1 is the button
Seat 1: alexandro156 ($5.24 in chips) 
Seat 2: SoryGuy ($2.47 in chips) 
Seat 3: HubertusB ($3.40 in chips) 
Seat 4: eltorinio ($5.02 in chips) 
Seat 5: Russkiy499 ($2.49 in chips) 
Seat 6: Danjmor ($3.86 in chips) 
SoryGuy: posts small blind $0.02
HubertusB: posts big blind $0.05
*** HOLE CARDS ***
Dealt to HubertusB [Ac 3s]
eltorinio: folds 
Russkiy499: folds 
Danjmor: raises $0.05 to $0.10
alexandro156: folds 
SoryGuy: folds 
HubertusB: folds 
Uncalled bet ($0.05) returned to Danjmor
Danjmor collected $0.12 from pot
Danjmor: doesn't show hand 
*** SUMMARY ***
Total pot $0.12 | Rake $0 
Seat 1: alexandro156 (button) folded before Flop (didn't bet)
Seat 2: SoryGuy (small blind) folded before Flop
Seat 3: HubertusB (big blind) folded before Flop
Seat 4: eltorinio folded before Flop (didn't bet)
Seat 5: Russkiy499 folded before Flop (didn't bet)
Seat 6: Danjmor collected ($0.12)



PokerStars Zoom Hand #186959088777:  Hold'em No Limit ($0.02/$0.05) - 2018/05/28 23:29:14 CCT [2018/05/28 11:29:14 ET]
Table 'Donati' 6-max Seat #1 is the button
Seat 1: georgethemac ($6.85 in chips) 
Seat 2: pszhshark ($4.83 in chips) 
Seat 3: FloatsMyBoat ($6.41 in chips) 
Seat 4: HubertusB ($3.35 in chips) 
Seat 5: I3engo ($4.85 in chips) 
Seat 6: shallvovan ($1.06 in chips) 
pszhshark: posts small blind $0.02
FloatsMyBoat: posts big blind $0.05
*** HOLE CARDS ***
Dealt to HubertusB [Jd Kd]
HubertusB: raises $0.10 to $0.15
I3engo: calls $0.15
shallvovan: raises $0.91 to $1.06 and is all-in
georgethemac: folds 
pszhshark: folds 
FloatsMyBoat: folds 
HubertusB: raises $2.29 to $3.35 and is all-in
I3engo: calls $3.20
*** FLOP *** [4d 2h Kh]
*** TURN *** [4d 2h Kh] [8h]
*** RIVER *** [4d 2h Kh 8h] [5c]
*** SHOW DOWN ***
HubertusB: shows [Jd Kd] (a pair of Kings)
I3engo: shows [Ad Td] (high card Ace)
HubertusB collected $4.39 from side pot
shallvovan: shows [Qc Ah] (high card Ace)
HubertusB collected $3.12 from main pot
*** SUMMARY ***
Total pot $7.83 Main pot $3.12. Side pot $4.39. | Rake $0.32 
Board [4d 2h Kh 8h 5c]
Seat 1: georgethemac (button) folded before Flop (didn't bet)
Seat 2: pszhshark (small blind) folded before Flop
Seat 3: FloatsMyBoat (big blind) folded before Flop
Seat 4: HubertusB showed [Jd Kd] and won ($7.51) with a pair of Kings
Seat 5: I3engo showed [Ad Td] and lost with high card Ace
Seat 6: shallvovan showed [Qc Ah] and lost with high card Ace



PokerStars Zoom Hand #186959104668:  Hold'em No Limit ($0.02/$0.05) - 2018/05/28 23:30:00 CCT [2018/05/28 11:30:00 ET]
Table 'Donati' 6-max Seat #1 is the button
Seat 1: obkormylo ($9.78 in chips) 
Seat 2: HubertusB ($7.51 in chips) 
Seat 3: grzywekkk ($5.20 in chips) 
Seat 4: MoòSh ($10.43 in chips) 
Seat 5: Liberti557 ($10.64 in chips) 
Seat 6: smudge120681 ($5 in chips) 
HubertusB: posts small blind $0.02
grzywekkk: posts big blind $0.05
*** HOLE CARDS ***
Dealt to HubertusB [6d Jc]
MoòSh: folds 
Liberti557: raises $0.05 to $0.10
smudge120681: folds 
obkormylo: folds 
HubertusB: folds 
grzywekkk: folds 
Uncalled bet ($0.05) returned to Liberti557
Liberti557 collected $0.12 from pot
Liberti557: doesn't show hand 
*** SUMMARY ***
Total pot $0.12 | Rake $0 
Seat 1: obkormylo (button) folded before Flop (didn't bet)
Seat 2: HubertusB (small blind) folded before Flop
Seat 3: grzywekkk (big blind) folded before Flop
Seat 4: MoòSh folded before Flop (didn't bet)
Seat 5: Liberti557 collected ($0.12)
Seat 6: smudge120681 folded before Flop (didn't bet)



PokerStars Zoom Hand #186959112887:  Hold'em No Limit ($0.02/$0.05) - 2018/05/28 23:30:23 CCT [2018/05/28 11:30:23 ET]
Table 'Donati' 6-max Seat #1 is the button
Seat 1: HubertusB ($7.49 in chips) 
Seat 2: pszhshark ($5 in chips) 
Seat 3: axilleas33 ($5.39 in chips) 
Seat 4: vAzAkh ($5 in chips) 
Seat 5: Dimasik275 ($4.86 in chips) 
Seat 6: BAAMBUR ($3.36 in chips) 
pszhshark: posts small blind $0.02
axilleas33: posts big blind $0.05
*** HOLE CARDS ***
Dealt to HubertusB [7s 8h]
vAzAkh: folds 
Dimasik275: raises $0.05 to $0.10
BAAMBUR: folds 
HubertusB: folds 
pszhshark: folds 
axilleas33: folds 
Uncalled bet ($0.05) returned to Dimasik275
Dimasik275 collected $0.12 from pot
Dimasik275: doesn't show hand 
*** SUMMARY ***
Total pot $0.12 | Rake $0 
Seat 1: HubertusB (button) folded before Flop (didn't bet)
Seat 2: pszhshark (small blind) folded before Flop
Seat 3: axilleas33 (big blind) folded before Flop
Seat 4: vAzAkh folded before Flop (didn't bet)
Seat 5: Dimasik275 collected ($0.12)
Seat 6: BAAMBUR folded before Flop (didn't bet)



PokerStars Zoom Hand #186959123364:  Hold'em No Limit ($0.02/$0.05) - 2018/05/28 23:30:53 CCT [2018/05/28 11:30:53 ET]
Table 'Donati' 6-max Seat #1 is the button
Seat 1: CEMEH_H ($3.06 in chips) 
Seat 2: darkmoon311 ($7.50 in chips) 
Seat 3: HubertusB ($7.49 in chips) 
Seat 4: lauavesi ($5.23 in chips) 
Seat 5: wfghh ($3.13 in chips) 
Seat 6: Koomar4eg ($4.24 in chips) 
darkmoon311: posts small blind $0.02
HubertusB: posts big blind $0.05
*** HOLE CARDS ***
Dealt to HubertusB [7c 8c]
lauavesi: raises $0.15 to $0.20
wfghh: folds 
Koomar4eg: folds 
CEMEH_H: folds 
darkmoon311: folds 
HubertusB: folds 
Uncalled bet ($0.15) returned to lauavesi
lauavesi collected $0.12 from pot
lauavesi: doesn't show hand 
*** SUMMARY ***
Total pot $0.12 | Rake $0 
Seat 1: CEMEH_H (button) folded before Flop (didn't bet)
Seat 2: darkmoon311 (small blind) folded before Flop
Seat 3: HubertusB (big blind) folded before Flop
Seat 4: lauavesi collected ($0.12)
Seat 5: wfghh folded before Flop (didn't bet)
Seat 6: Koomar4eg folded before Flop (didn't bet)



PokerStars Zoom Hand #186959119496:  Hold'em No Limit ($0.02/$0.05) - 2018/05/28 23:30:42 CCT [2018/05/28 11:30:42 ET]
Table 'Donati' 6-max Seat #1 is the button
Seat 1: Tommm_97 ($5.53 in chips) 
Seat 2: NeverCallYou ($10.64 in chips) 
Seat 3: alexei1902 ($6.50 in chips) 
Seat 4: Anusnimus ($4.86 in chips) 
Seat 5: F.Valdemar. ($5.34 in chips) 
Seat 6: HubertusB ($7.49 in chips) 
NeverCallYou: posts small blind $0.02
alexei1902: posts big blind $0.05
*** HOLE CARDS ***
Dealt to HubertusB [7s Kc]
Anusnimus: folds 
F.Valdemar.: calls $0.05
HubertusB: folds 
Tommm_97: folds 
NeverCallYou: folds 
alexei1902: checks 
*** FLOP *** [Ks 5s 6h]
alexei1902: checks 
F.Valdemar.: bets $0.05
alexei1902: folds 
Uncalled bet ($0.05) returned to F.Valdemar.
F.Valdemar. collected $0.12 from pot
F.Valdemar.: doesn't show hand 
*** SUMMARY ***
Total pot $0.12 | Rake $0 
Board [Ks 5s 6h]
Seat 1: Tommm_97 (button) folded before Flop (didn't bet)
Seat 2: NeverCallYou (small blind) folded before Flop
Seat 3: alexei1902 (big blind) folded on the Flop
Seat 4: Anusnimus folded before Flop (didn't bet)
Seat 5: F.Valdemar. collected ($0.12)
Seat 6: HubertusB folded before Flop (didn't bet)



PokerStars Zoom Hand #186959127242:  Hold'em No Limit ($0.02/$0.05) - 2018/05/28 23:31:04 CCT [2018/05/28 11:31:04 ET]
Table 'Donati' 6-max Seat #1 is the button
Seat 1: mazuk-mihail ($4.63 in chips) 
Seat 2: IrenVasya ($6.33 in chips) 
Seat 3: epejoo ($5.07 in chips) 
Seat 4: HubertusB ($7.44 in chips) 
Seat 5: delo6991 ($2.72 in chips) 
Seat 6: eurko6 ($9.68 in chips) 
IrenVasya: posts small blind $0.02
epejoo: posts big blind $0.05
*** HOLE CARDS ***
Dealt to HubertusB [5c 5h]
HubertusB: raises $0.10 to $0.15
delo6991: folds 
eurko6: folds 
mazuk-mihail: folds 
IrenVasya: folds 
epejoo: calls $0.10
*** FLOP *** [As Ks 6d]
epejoo: checks 
HubertusB: bets $0.16
epejoo: folds 
Uncalled bet ($0.16) returned to HubertusB
HubertusB collected $0.31 from pot
HubertusB: doesn't show hand 
*** SUMMARY ***
Total pot $0.32 | Rake $0.01 
Board [As Ks 6d]
Seat 1: mazuk-mihail (button) folded before Flop (didn't bet)
Seat 2: IrenVasya (small blind) folded before Flop
Seat 3: epejoo (big blind) folded on the Flop
Seat 4: HubertusB collected ($0.31)
Seat 5: delo6991 folded before Flop (didn't bet)
Seat 6: eurko6 folded before Flop (didn't bet)



PokerStars Zoom Hand #186959141310:  Hold'em No Limit ($0.02/$0.05) - 2018/05/28 23:31:44 CCT [2018/05/28 11:31:44 ET]
Table 'Donati' 6-max Seat #1 is the button
Seat 1: holdmybreath ($7.52 in chips) 
Seat 2: Tissen1972 ($5.31 in chips) 
Seat 3: Glolight ($10.12 in chips) 
Seat 4: g_anifas ($4.06 in chips) 
Seat 5: Bragaa93 ($13.61 in chips) 
Seat 6: HubertusB ($7.60 in chips) 
Tissen1972: posts small blind $0.02
Glolight: posts big blind $0.05
*** HOLE CARDS ***
Dealt to HubertusB [Qc 7h]
g_anifas: folds 
Bragaa93: folds 
HubertusB: folds 
holdmybreath: folds 
Tissen1972: folds 
Uncalled bet ($0.03) returned to Glolight
Glolight collected $0.04 from pot
Glolight: doesn't show hand 
*** SUMMARY ***
Total pot $0.04 | Rake $0 
Seat 1: holdmybreath (button) folded before Flop (didn't bet)
Seat 2: Tissen1972 (small blind) folded before Flop
Seat 3: Glolight (big blind) collected ($0.04)
Seat 4: g_anifas folded before Flop (didn't bet)
Seat 5: Bragaa93 folded before Flop (didn't bet)
Seat 6: HubertusB folded before Flop (didn't bet)



PokerStars Zoom Hand #186959145894:  Hold'em No Limit ($0.02/$0.05) - 2018/05/28 23:31:57 CCT [2018/05/28 11:31:57 ET]
Table 'Donati' 6-max Seat #1 is the button
Seat 1: Diman55555 ($4.86 in chips) 
Seat 2: HubertusB ($7.60 in chips) 
Seat 3: celams ($5.97 in chips) 
Seat 4: Tommm_97 ($11.59 in chips) 
Seat 5: 5iftyse7en ($5.61 in chips) 
Seat 6: eurko6 ($8.63 in chips) 
HubertusB: posts small blind $0.02
celams: posts big blind $0.05
*** HOLE CARDS ***
Dealt to HubertusB [3h 5h]
Tommm_97: folds 
5iftyse7en: raises $0.07 to $0.12
eurko6: folds 
Diman55555: folds 
HubertusB: folds 
celams: folds 
Uncalled bet ($0.07) returned to 5iftyse7en
5iftyse7en collected $0.12 from pot
5iftyse7en: doesn't show hand 
*** SUMMARY ***
Total pot $0.12 | Rake $0 
Seat 1: Diman55555 (button) folded before Flop (didn't bet)
Seat 2: HubertusB (small blind) folded before Flop
Seat 3: celams (big blind) folded before Flop
Seat 4: Tommm_97 folded before Flop (didn't bet)
Seat 5: 5iftyse7en collected ($0.12)
Seat 6: eurko6 folded before Flop (didn't bet)



PokerStars Zoom Hand #186959152222:  Hold'em No Limit ($0.02/$0.05) - 2018/05/28 23:32:15 CCT [2018/05/28 11:32:15 ET]
Table 'Donati' 6-max Seat #1 is the button
Seat 1: HubertusB ($7.58 in chips) 
Seat 2: 3 SHERIF 3 ($3.60 in chips) 
Seat 3: FieluFlag ($5.12 in chips) 
Seat 4: Anusnimus ($9.50 in chips) 
Seat 5: TR4E ($3.80 in chips) 
Seat 6: Le Sophiste ($5 in chips) 
3 SHERIF 3: posts small blind $0.02
FieluFlag: posts big blind $0.05
*** HOLE CARDS ***
Dealt to HubertusB [5s 3c]
Anusnimus: folds 
TR4E: folds 
Le Sophiste: folds 
HubertusB: folds 
3 SHERIF 3: folds 
Uncalled bet ($0.03) returned to FieluFlag
FieluFlag collected $0.04 from pot
FieluFlag: doesn't show hand 
*** SUMMARY ***
Total pot $0.04 | Rake $0 
Seat 1: HubertusB (button) folded before Flop (didn't bet)
Seat 2: 3 SHERIF 3 (small blind) folded before Flop
Seat 3: FieluFlag (big blind) collected ($0.04)
Seat 4: Anusnimus folded before Flop (didn't bet)
Seat 5: TR4E folded before Flop (didn't bet)
Seat 6: Le Sophiste folded before Flop (didn't bet)



PokerStars Zoom Hand #186959156871:  Hold'em No Limit ($0.02/$0.05) - 2018/05/28 23:32:28 CCT [2018/05/28 11:32:28 ET]
Table 'Donati' 6-max Seat #1 is the button
Seat 1: Bragaa93 ($5.07 in chips) 
Seat 2: holdmybreath ($6.05 in chips) 
Seat 3: Maksbill1 ($6.62 in chips) 
Seat 4: g_anifas ($4.60 in chips) 
Seat 5: HubertusB ($7.58 in chips) 
Seat 6: ronson1976 ($5.74 in chips) 
holdmybreath: posts small blind $0.02
Maksbill1: posts big blind $0.05
*** HOLE CARDS ***
Dealt to HubertusB [9d 7h]
g_anifas: folds 
HubertusB: folds 
ronson1976: folds 
Bragaa93: folds 
holdmybreath: folds 
Uncalled bet ($0.03) returned to Maksbill1
Maksbill1 collected $0.04 from pot
Maksbill1: doesn't show hand 
*** SUMMARY ***
Total pot $0.04 | Rake $0 
Seat 1: Bragaa93 (button) folded before Flop (didn't bet)
Seat 2: holdmybreath (small blind) folded before Flop
Seat 3: Maksbill1 (big blind) collected ($0.04)
Seat 4: g_anifas folded before Flop (didn't bet)
Seat 5: HubertusB folded before Flop (didn't bet)
Seat 6: ronson1976 folded before Flop (didn't bet)



PokerStars Zoom Hand #186959161037:  Hold'em No Limit ($0.02/$0.05) - 2018/05/28 23:32:40 CCT [2018/05/28 11:32:40 ET]
Table 'Donati' 6-max Seat #1 is the button
Seat 1: space_jazz ($9.55 in chips) 
Seat 2: Fe4rF4ctor ($12.99 in chips) 
Seat 3: linda957 ($4.45 in chips) 
Seat 4: GiFlake ($2.76 in chips) 
Seat 5: Nambert ($5 in chips) 
Seat 6: HubertusB ($7.58 in chips) 
Fe4rF4ctor: posts small blind $0.02
linda957: posts big blind $0.05
*** HOLE CARDS ***
Dealt to HubertusB [Tc 2h]
GiFlake: folds 
Nambert: raises $0.10 to $0.15
HubertusB: folds 
space_jazz: folds 
Fe4rF4ctor: folds 
linda957: folds 
Uncalled bet ($0.10) returned to Nambert
Nambert collected $0.12 from pot
Nambert: doesn't show hand 
*** SUMMARY ***
Total pot $0.12 | Rake $0 
Seat 1: space_jazz (button) folded before Flop (didn't bet)
Seat 2: Fe4rF4ctor (small blind) folded before Flop
Seat 3: linda957 (big blind) folded before Flop
Seat 4: GiFlake folded before Flop (didn't bet)
Seat 5: Nambert collected ($0.12)
Seat 6: HubertusB folded before Flop (didn't bet)



PokerStars Zoom Hand #186959164139:  Hold'em No Limit ($0.02/$0.05) - 2018/05/28 23:32:49 CCT [2018/05/28 11:32:49 ET]
Table 'Donati' 6-max Seat #1 is the button
Seat 1: SWARM439 ($4.31 in chips) 
Seat 2: Dias Jr ($4.85 in chips) 
Seat 3: HubertusB ($7.58 in chips) 
Seat 4: zaporozhko ($5.21 in chips) 
Seat 5: barrabalero ($5.67 in chips) 
Seat 6: champ8812 ($4.41 in chips) 
Dias Jr: posts small blind $0.02
HubertusB: posts big blind $0.05
*** HOLE CARDS ***
Dealt to HubertusB [3c Ks]
zaporozhko: raises $0.05 to $0.10
barrabalero: folds 
champ8812: raises $0.05 to $0.15
SWARM439: folds 
Dias Jr: folds 
HubertusB: folds 
zaporozhko: calls $0.05
*** FLOP *** [9s 2c As]
zaporozhko: checks 
champ8812: bets $0.35
zaporozhko: folds 
Uncalled bet ($0.35) returned to champ8812
champ8812 collected $0.35 from pot
champ8812: doesn't show hand 
*** SUMMARY ***
Total pot $0.37 | Rake $0.02 
Board [9s 2c As]
Seat 1: SWARM439 (button) folded before Flop (didn't bet)
Seat 2: Dias Jr (small blind) folded before Flop
Seat 3: HubertusB (big blind) folded before Flop
Seat 4: zaporozhko folded on the Flop
Seat 5: barrabalero folded before Flop (didn't bet)
Seat 6: champ8812 collected ($0.35)



PokerStars Zoom Hand #186959166961:  Hold'em No Limit ($0.02/$0.05) - 2018/05/28 23:32:57 CCT [2018/05/28 11:32:57 ET]
Table 'Donati' 6-max Seat #1 is the button
Seat 1: zibertmen ($13.31 in chips) 
Seat 2: HubertusB ($7.53 in chips) 
Seat 3: centilong ($6.28 in chips) 
Seat 4: Le Sophiste ($12.16 in chips) 
Seat 5: CVBA85 ($9.32 in chips) 
Seat 6: ars7171 ($5.19 in chips) 
HubertusB: posts small blind $0.02
centilong: posts big blind $0.05
*** HOLE CARDS ***
Dealt to HubertusB [Jc 8d]
Le Sophiste: folds 
CVBA85 has timed out
CVBA85: folds 
ars7171: folds 
zibertmen: folds 
HubertusB: raises $0.10 to $0.15
centilong: raises $0.30 to $0.45
HubertusB: folds 
Uncalled bet ($0.30) returned to centilong
centilong collected $0.30 from pot
centilong: doesn't show hand 
*** SUMMARY ***
Total pot $0.30 | Rake $0 
Seat 1: zibertmen (button) folded before Flop (didn't bet)
Seat 2: HubertusB (small blind) folded before Flop
Seat 3: centilong (big blind) collected ($0.30)
Seat 4: Le Sophiste folded before Flop (didn't bet)
Seat 5: CVBA85 folded before Flop (didn't bet)
Seat 6: ars7171 folded before Flop (didn't bet)



PokerStars Zoom Hand #186959179332:  Hold'em No Limit ($0.02/$0.05) - 2018/05/28 23:33:32 CCT [2018/05/28 11:33:32 ET]
Table 'Donati' 6-max Seat #1 is the button
Seat 1: eltorinio ($5 in chips) 
Seat 2: axilleas33 ($5.92 in chips) 
Seat 3: jandsonpower ($5.88 in chips) 
Seat 4: MamaMaruca ($5.90 in chips) 
Seat 5: HubertusB ($7.38 in chips) 
Seat 6: HyJyRH ($6.75 in chips) 
axilleas33: posts small blind $0.02
jandsonpower: posts big blind $0.05
*** HOLE CARDS ***
Dealt to HubertusB [3s 9d]
MamaMaruca: raises $0.10 to $0.15
HubertusB: folds 
HyJyRH: folds 
eltorinio: folds 
axilleas33: folds 
jandsonpower: raises $0.33 to $0.48
MamaMaruca: calls $0.33
*** FLOP *** [6s 6c 2c]
jandsonpower: bets $0.38
MamaMaruca: folds 
Uncalled bet ($0.38) returned to jandsonpower
jandsonpower collected $0.94 from pot
jandsonpower: doesn't show hand 
*** SUMMARY ***
Total pot $0.98 | Rake $0.04 
Board [6s 6c 2c]
Seat 1: eltorinio (button) folded before Flop (didn't bet)
Seat 2: axilleas33 (small blind) folded before Flop
Seat 3: jandsonpower (big blind) collected ($0.94)
Seat 4: MamaMaruca folded on the Flop
Seat 5: HubertusB folded before Flop (didn't bet)
Seat 6: HyJyRH folded before Flop (didn't bet)



PokerStars Zoom Hand #186959181116:  Hold'em No Limit ($0.02/$0.05) - 2018/05/28 23:33:37 CCT [2018/05/28 11:33:37 ET]
Table 'Donati' 6-max Seat #1 is the button
Seat 1: aibolit66677 ($5.52 in chips) 
Seat 2: space_jazz ($9.43 in chips) 
Seat 3: Ykyklele ($11.10 in chips) 
Seat 4: HubertusB ($7.38 in chips) 
Seat 5: bubsqueak ($3.69 in chips) 
Seat 6: booms1000s ($6.04 in chips) 
space_jazz: posts small blind $0.02
Ykyklele: posts big blind $0.05
*** HOLE CARDS ***
Dealt to HubertusB [9c 9d]
HubertusB: raises $0.10 to $0.15
bubsqueak: folds 
booms1000s: calls $0.15
aibolit66677: folds 
space_jazz: raises $0.55 to $0.70
Ykyklele: folds 
HubertusB: folds 
booms1000s: folds 
Uncalled bet ($0.55) returned to space_jazz
space_jazz collected $0.50 from pot
space_jazz: doesn't show hand 
*** SUMMARY ***
Total pot $0.50 | Rake $0 
Seat 1: aibolit66677 (button) folded before Flop (didn't bet)
Seat 2: space_jazz (small blind) collected ($0.50)
Seat 3: Ykyklele (big blind) folded before Flop
Seat 4: HubertusB folded before Flop
Seat 5: bubsqueak folded before Flop (didn't bet)
Seat 6: booms1000s folded before Flop



PokerStars Zoom Hand #186959196456:  Hold'em No Limit ($0.02/$0.05) - 2018/05/28 23:34:20 CCT [2018/05/28 11:34:20 ET]
Table 'Donati' 6-max Seat #1 is the button
Seat 1: HubertusB ($7.23 in chips) 
Seat 2: 95NoLimit ($1.79 in chips) 
Seat 3: Leopoldia ($2.69 in chips) 
Seat 4: overboard3 ($8.32 in chips) 
Seat 5: L.Lucete ($5.66 in chips) 
Seat 6: CVBA85 ($9.31 in chips) 
95NoLimit: posts small blind $0.02
Leopoldia: posts big blind $0.05
*** HOLE CARDS ***
Dealt to HubertusB [Jc 6c]
overboard3: folds 
L.Lucete: folds 
CVBA85: folds 
HubertusB: raises $0.10 to $0.15
95NoLimit: raises $1.64 to $1.79 and is all-in
Leopoldia: folds 
HubertusB: folds 
Uncalled bet ($1.64) returned to 95NoLimit
95NoLimit collected $0.35 from pot
95NoLimit: doesn't show hand 
*** SUMMARY ***
Total pot $0.35 | Rake $0 
Seat 1: HubertusB (button) folded before Flop
Seat 2: 95NoLimit (small blind) collected ($0.35)
Seat 3: Leopoldia (big blind) folded before Flop
Seat 4: overboard3 folded before Flop (didn't bet)
Seat 5: L.Lucete folded before Flop (didn't bet)
Seat 6: CVBA85 folded before Flop (didn't bet)



PokerStars Zoom Hand #186959204264:  Hold'em No Limit ($0.02/$0.05) - 2018/05/28 23:34:42 CCT [2018/05/28 11:34:42 ET]
Table 'Donati' 6-max Seat #1 is the button
Seat 1: Glolight ($22.94 in chips) 
Seat 2: Rednext ($5.53 in chips) 
Seat 3: GypsyBaronX ($3.51 in chips) 
Seat 4: TiagoShow23 ($4.80 in chips) 
Seat 5: Baratrum777 ($5.62 in chips) 
Seat 6: HubertusB ($7.08 in chips) 
Rednext: posts small blind $0.02
GypsyBaronX: posts big blind $0.05
*** HOLE CARDS ***
Dealt to HubertusB [5d 3h]
TiagoShow23: folds 
Baratrum777: folds 
HubertusB: folds 
Glolight: folds 
Rednext: folds 
Uncalled bet ($0.03) returned to GypsyBaronX
GypsyBaronX collected $0.04 from pot
GypsyBaronX: doesn't show hand 
*** SUMMARY ***
Total pot $0.04 | Rake $0 
Seat 1: Glolight (button) folded before Flop (didn't bet)
Seat 2: Rednext (small blind) folded before Flop
Seat 3: GypsyBaronX (big blind) collected ($0.04)
Seat 4: TiagoShow23 folded before Flop (didn't bet)
Seat 5: Baratrum777 folded before Flop (didn't bet)
Seat 6: HubertusB folded before Flop (didn't bet)



PokerStars Zoom Hand #186959212529:  Hold'em No Limit ($0.02/$0.05) - 2018/05/28 23:35:05 CCT [2018/05/28 11:35:05 ET]
Table 'Donati' 6-max Seat #1 is the button
Seat 1: Anusnimus ($5.83 in chips) 
Seat 2: Quadrazar ($5.49 in chips) 
Seat 3: HubertusB ($7.08 in chips) 
Seat 4: BOHEMIAN8849 ($9.95 in chips) 
Seat 5: -=l Grek l=- ($5.76 in chips) 
Seat 6: Onet1me_pl3 ($5.04 in chips) 
Quadrazar: posts small blind $0.02
HubertusB: posts big blind $0.05
*** HOLE CARDS ***
Dealt to HubertusB [3d 5c]
BOHEMIAN8849: folds 
-=l Grek l=-: folds 
Onet1me_pl3: folds 
Anusnimus: folds 
Quadrazar: folds 
Uncalled bet ($0.03) returned to HubertusB
HubertusB collected $0.04 from pot
HubertusB: doesn't show hand 
*** SUMMARY ***
Total pot $0.04 | Rake $0 
Seat 1: Anusnimus (button) folded before Flop (didn't bet)
Seat 2: Quadrazar (small blind) folded before Flop
Seat 3: HubertusB (big blind) collected ($0.04)
Seat 4: BOHEMIAN8849 folded before Flop (didn't bet)
Seat 5: -=l Grek l=- folded before Flop (didn't bet)
Seat 6: Onet1me_pl3 folded before Flop (didn't bet)



PokerStars Zoom Hand #186959217584:  Hold'em No Limit ($0.02/$0.05) - 2018/05/28 23:35:19 CCT [2018/05/28 11:35:19 ET]
Table 'Donati' 6-max Seat #1 is the button
Seat 1: lz3500 ($12.08 in chips) 
Seat 2: HubertusB ($7.10 in chips) 
Seat 3: karlnapf111 ($6.92 in chips) 
Seat 4: zibertmen ($12.71 in chips) 
Seat 5: tigra537 ($4.72 in chips) 
Seat 6: vAzAkh ($5 in chips) 
HubertusB: posts small blind $0.02
karlnapf111: posts big blind $0.05
*** HOLE CARDS ***
Dealt to HubertusB [6s 4h]
zibertmen: folds 
tigra537: folds 
vAzAkh: folds 
lz3500: folds 
HubertusB: folds 
Uncalled bet ($0.03) returned to karlnapf111
karlnapf111 collected $0.04 from pot
karlnapf111: doesn't show hand 
*** SUMMARY ***
Total pot $0.04 | Rake $0 
Seat 1: lz3500 (button) folded before Flop (didn't bet)
Seat 2: HubertusB (small blind) folded before Flop
Seat 3: karlnapf111 (big blind) collected ($0.04)
Seat 4: zibertmen folded before Flop (didn't bet)
Seat 5: tigra537 folded before Flop (didn't bet)
Seat 6: vAzAkh folded before Flop (didn't bet)



PokerStars Zoom Hand #186959219339:  Hold'em No Limit ($0.02/$0.05) - 2018/05/28 23:35:24 CCT [2018/05/28 11:35:24 ET]
Table 'Donati' 6-max Seat #1 is the button
Seat 1: denserk ($6.62 in chips) 
Seat 2: Tn 939 ($5.09 in chips) 
Seat 3: T4NK.nl ($7.92 in chips) 
Seat 4: Bit13i ($13.44 in chips) 
Seat 5: HubertusB ($7.08 in chips) 
Seat 6: g_anifas ($5.02 in chips) 
Tn 939: posts small blind $0.02
T4NK.nl: posts big blind $0.05
*** HOLE CARDS ***
Dealt to HubertusB [5h Kh]
Bit13i: folds 
HubertusB: raises $0.10 to $0.15
g_anifas: calls $0.15
denserk: folds 
Tn 939: folds 
T4NK.nl: folds 
*** FLOP *** [Js Jd 4h]
HubertusB: bets $0.18
g_anifas: folds 
Uncalled bet ($0.18) returned to HubertusB
HubertusB collected $0.35 from pot
HubertusB: doesn't show hand 
*** SUMMARY ***
Total pot $0.37 | Rake $0.02 
Board [Js Jd 4h]
Seat 1: denserk (button) folded before Flop (didn't bet)
Seat 2: Tn 939 (small blind) folded before Flop
Seat 3: T4NK.nl (big blind) folded before Flop
Seat 4: Bit13i folded before Flop (didn't bet)
Seat 5: HubertusB collected ($0.35)
Seat 6: g_anifas folded on the Flop



PokerStars Zoom Hand #186959232238:  Hold'em No Limit ($0.02/$0.05) - 2018/05/28 23:36:00 CCT [2018/05/28 11:36:00 ET]
Table 'Donati' 6-max Seat #1 is the button
Seat 1: HubertusB ($7.28 in chips) 
Seat 2: Se4ilinikogr3 ($5.67 in chips) 
Seat 3: smudge120681 ($11.26 in chips) 
Seat 4: Glolight ($10.34 in chips) 
Seat 5: ValentjNN ($5.05 in chips) 
Seat 6: kakaxx1 ($4.95 in chips) 
Se4ilinikogr3: posts small blind $0.02
smudge120681: posts big blind $0.05
*** HOLE CARDS ***
Dealt to HubertusB [6s 4s]
Glolight: folds 
ValentjNN: raises $0.07 to $0.12
kakaxx1: folds 
HubertusB: folds 
Se4ilinikogr3: folds 
smudge120681: raises $0.63 to $0.75
ValentjNN: folds 
Uncalled bet ($0.63) returned to smudge120681
smudge120681 collected $0.26 from pot
smudge120681: doesn't show hand 
*** SUMMARY ***
Total pot $0.26 | Rake $0 
Seat 1: HubertusB (button) folded before Flop (didn't bet)
Seat 2: Se4ilinikogr3 (small blind) folded before Flop
Seat 3: smudge120681 (big blind) collected ($0.26)
Seat 4: Glolight folded before Flop (didn't bet)
Seat 5: ValentjNN folded before Flop
Seat 6: kakaxx1 folded before Flop (didn't bet)



PokerStars Zoom Hand #186959235773:  Hold'em No Limit ($0.02/$0.05) - 2018/05/28 23:36:10 CCT [2018/05/28 11:36:10 ET]
Table 'Donati' 6-max Seat #1 is the button
Seat 1: pingWINaLLin ($5 in chips) 
Seat 2: fiana1968 ($4.65 in chips) 
Seat 3: hongta100 ($4.21 in chips) 
Seat 4: CEMEH_H ($2.33 in chips) 
Seat 5: Bragaa93 ($6.70 in chips) 
Seat 6: HubertusB ($7.28 in chips) 
fiana1968: posts small blind $0.02
hongta100: posts big blind $0.05
*** HOLE CARDS ***
Dealt to HubertusB [Td Ac]
CEMEH_H: folds 
Bragaa93: raises $0.10 to $0.15
HubertusB has timed out
HubertusB: folds 
pingWINaLLin: folds 
fiana1968: folds 
hongta100: folds 
Uncalled bet ($0.10) returned to Bragaa93
Bragaa93 collected $0.12 from pot
Bragaa93: doesn't show hand 
*** SUMMARY ***
Total pot $0.12 | Rake $0 
Seat 1: pingWINaLLin (button) folded before Flop (didn't bet)
Seat 2: fiana1968 (small blind) folded before Flop
Seat 3: hongta100 (big blind) folded before Flop
Seat 4: CEMEH_H folded before Flop (didn't bet)
Seat 5: Bragaa93 collected ($0.12)
Seat 6: HubertusB folded before Flop (didn't bet)



PokerStars Zoom Hand #186959247890:  Hold'em No Limit ($0.02/$0.05) - 2018/05/28 23:36:44 CCT [2018/05/28 11:36:44 ET]
Table 'Donati' 6-max Seat #1 is the button
Seat 1: mamel7777 ($5 in chips) 
Seat 2: SskyAngel ($4.04 in chips) 
Seat 3: alexandro156 ($6.39 in chips) 
Seat 4: HubertusB ($7.28 in chips) 
Seat 5: Anusnimus ($5.54 in chips) 
Seat 6: Alumnixd ($6.06 in chips) 
SskyAngel: posts small blind $0.02
alexandro156: posts big blind $0.05
*** HOLE CARDS ***
Dealt to HubertusB [9s Kc]
HubertusB: folds 
Anusnimus: folds 
Alumnixd: folds 
mamel7777: folds 
SskyAngel: folds 
Uncalled bet ($0.03) returned to alexandro156
alexandro156 collected $0.04 from pot
alexandro156: doesn't show hand 
*** SUMMARY ***
Total pot $0.04 | Rake $0 
Seat 1: mamel7777 (button) folded before Flop (didn't bet)
Seat 2: SskyAngel (small blind) folded before Flop
Seat 3: alexandro156 (big blind) collected ($0.04)
Seat 4: HubertusB folded before Flop (didn't bet)
Seat 5: Anusnimus folded before Flop (didn't bet)
Seat 6: Alumnixd folded before Flop (didn't bet)



PokerStars Zoom Hand #186959250393:  Hold'em No Limit ($0.02/$0.05) - 2018/05/28 23:36:51 CCT [2018/05/28 11:36:51 ET]
Table 'Donati' 6-max Seat #1 is the button
Seat 1: CelofaniS ($3.50 in chips) 
Seat 2: zibertmen ($5.25 in chips) 
Seat 3: champ8812 ($8.76 in chips) 
Seat 4: HubertusB ($7.28 in chips) 
Seat 5: Cnaty91 ($5 in chips) 
Seat 6: Rednext ($5.59 in chips) 
zibertmen: posts small blind $0.02
champ8812: posts big blind $0.05
*** HOLE CARDS ***
Dealt to HubertusB [As 7c]
HubertusB: folds 
Cnaty91: folds 
Rednext: folds 
CelofaniS: folds 
zibertmen: folds 
Uncalled bet ($0.03) returned to champ8812
champ8812 collected $0.04 from pot
champ8812: doesn't show hand 
*** SUMMARY ***
Total pot $0.04 | Rake $0 
Seat 1: CelofaniS (button) folded before Flop (didn't bet)
Seat 2: zibertmen (small blind) folded before Flop
Seat 3: champ8812 (big blind) collected ($0.04)
Seat 4: HubertusB folded before Flop (didn't bet)
Seat 5: Cnaty91 folded before Flop (didn't bet)
Seat 6: Rednext folded before Flop (didn't bet)



PokerStars Zoom Hand #186959253226:  Hold'em No Limit ($0.02/$0.05) - 2018/05/28 23:36:59 CCT [2018/05/28 11:36:59 ET]
Table 'Donati' 6-max Seat #1 is the button
Seat 1: eltorinio ($5 in chips) 
Seat 2: Crazytiger7 ($5.31 in chips) 
Seat 3: HubertusB ($7.28 in chips) 
Seat 4: MD'forik' ($2.34 in chips) 
Seat 5: BOHEMIAN8849 ($16.38 in chips) 
Seat 6: vAzAkh ($4.88 in chips) 
Crazytiger7: posts small blind $0.02
HubertusB: posts big blind $0.05
*** HOLE CARDS ***
Dealt to HubertusB [2c 9c]
MD'forik': folds 
BOHEMIAN8849: raises $0.10 to $0.15
vAzAkh has timed out while disconnected
vAzAkh: folds 
eltorinio: folds 
Crazytiger7: folds 
HubertusB: folds 
Uncalled bet ($0.10) returned to BOHEMIAN8849
BOHEMIAN8849 collected $0.12 from pot
BOHEMIAN8849: doesn't show hand 
*** SUMMARY ***
Total pot $0.12 | Rake $0 
Seat 1: eltorinio (button) folded before Flop (didn't bet)
Seat 2: Crazytiger7 (small blind) folded before Flop
Seat 3: HubertusB (big blind) folded before Flop
Seat 4: MD'forik' folded before Flop (didn't bet)
Seat 5: BOHEMIAN8849 collected ($0.12)
Seat 6: vAzAkh folded before Flop (didn't bet)



PokerStars Zoom Hand #186959263552:  Hold'em No Limit ($0.02/$0.05) - 2018/05/28 23:37:28 CCT [2018/05/28 11:37:28 ET]
Table 'Donati' 6-max Seat #1 is the button
Seat 1: SWARM439 ($4.77 in chips) 
Seat 2: HubertusB ($7.23 in chips) 
Seat 3: Tajesitus ($5.68 in chips) 
Seat 4: Hr.Berti007 ($10.17 in chips) 
Seat 5: facun34 ($5 in chips) 
Seat 6: holdmybreath ($9.08 in chips) 
HubertusB: posts small blind $0.02
Tajesitus: posts big blind $0.05
*** HOLE CARDS ***
Dealt to HubertusB [Js 3d]
Hr.Berti007: raises $0.12 to $0.17
facun34: folds 
holdmybreath: folds 
SWARM439: folds 
HubertusB: folds 
Tajesitus: folds 
Uncalled bet ($0.12) returned to Hr.Berti007
Hr.Berti007 collected $0.12 from pot
Hr.Berti007: doesn't show hand 
*** SUMMARY ***
Total pot $0.12 | Rake $0 
Seat 1: SWARM439 (button) folded before Flop (didn't bet)
Seat 2: HubertusB (small blind) folded before Flop
Seat 3: Tajesitus (big blind) folded before Flop
Seat 4: Hr.Berti007 collected ($0.12)
Seat 5: facun34 folded before Flop (didn't bet)
Seat 6: holdmybreath folded before Flop (didn't bet)



PokerStars Zoom Hand #186959270030:  Hold'em No Limit ($0.02/$0.05) - 2018/05/28 23:37:46 CCT [2018/05/28 11:37:46 ET]
Table 'Donati' 6-max Seat #1 is the button
Seat 1: HubertusB ($7.21 in chips) 
Seat 2: PhilEV53 ($5.08 in chips) 
Seat 3: space_jazz ($5.12 in chips) 
Seat 4: Crazytiger7 ($12.76 in chips) 
Seat 5: whipwhipcn ($5 in chips) 
Seat 6: Tqlkkk-_- ($7.86 in chips) 
PhilEV53: posts small blind $0.02
space_jazz: posts big blind $0.05
*** HOLE CARDS ***
Dealt to HubertusB [Kh 8c]
Crazytiger7: folds 
whipwhipcn: folds 
Tqlkkk-_-: folds 
HubertusB: folds 
PhilEV53: folds 
Uncalled bet ($0.03) returned to space_jazz
space_jazz collected $0.04 from pot
space_jazz: doesn't show hand 
*** SUMMARY ***
Total pot $0.04 | Rake $0 
Seat 1: HubertusB (button) folded before Flop (didn't bet)
Seat 2: PhilEV53 (small blind) folded before Flop
Seat 3: space_jazz (big blind) collected ($0.04)
Seat 4: Crazytiger7 folded before Flop (didn't bet)
Seat 5: whipwhipcn folded before Flop (didn't bet)
Seat 6: Tqlkkk-_- folded before Flop (didn't bet)



PokerStars Zoom Hand #186959267528:  Hold'em No Limit ($0.02/$0.05) - 2018/05/28 23:37:39 CCT [2018/05/28 11:37:39 ET]
Table 'Donati' 6-max Seat #1 is the button
Seat 1: kliha888 ($6.79 in chips) 
Seat 2: BoSs00 ($9.49 in chips) 
Seat 3: ckmtl5 ($4.76 in chips) 
Seat 4: Sneds9 ($5 in chips) 
Seat 5: someep1ck ($5.41 in chips) 
Seat 6: HubertusB ($7.21 in chips) 
BoSs00: posts small blind $0.02
ckmtl5: posts big blind $0.05
*** HOLE CARDS ***
Dealt to HubertusB [7d Ks]
Sneds9: raises $0.10 to $0.15
someep1ck: folds 
HubertusB: folds 
kliha888: folds 
BoSs00: folds 
ckmtl5: folds 
Uncalled bet ($0.10) returned to Sneds9
Sneds9 collected $0.12 from pot
Sneds9: doesn't show hand 
*** SUMMARY ***
Total pot $0.12 | Rake $0 
Seat 1: kliha888 (button) folded before Flop (didn't bet)
Seat 2: BoSs00 (small blind) folded before Flop
Seat 3: ckmtl5 (big blind) folded before Flop
Seat 4: Sneds9 collected ($0.12)
Seat 5: someep1ck folded before Flop (didn't bet)
Seat 6: HubertusB folded before Flop (didn't bet)



PokerStars Zoom Hand #186959272186:  Hold'em No Limit ($0.02/$0.05) - 2018/05/28 23:37:52 CCT [2018/05/28 11:37:52 ET]
Table 'Donati' 6-max Seat #1 is the button
Seat 1: grunge&punk ($6.62 in chips) 
Seat 2: ADNWOGD ($4.33 in chips) 
Seat 3: Lacky_DNK ($1.57 in chips) 
Seat 4: anarxist29 ($5 in chips) 
Seat 5: HubertusB ($7.21 in chips) 
Seat 6: [Dark]-Kin25 ($5.05 in chips) 
ADNWOGD: posts small blind $0.02
Lacky_DNK: posts big blind $0.05
*** HOLE CARDS ***
Dealt to HubertusB [4h 3c]
anarxist29: folds 
HubertusB: folds 
[Dark]-Kin25: folds 
grunge&punk: folds 
ADNWOGD: raises $0.10 to $0.15
Lacky_DNK: folds 
Uncalled bet ($0.10) returned to ADNWOGD
ADNWOGD collected $0.10 from pot
ADNWOGD: doesn't show hand 
*** SUMMARY ***
Total pot $0.10 | Rake $0 
Seat 1: grunge&punk (button) folded before Flop (didn't bet)
Seat 2: ADNWOGD (small blind) collected ($0.10)
Seat 3: Lacky_DNK (big blind) folded before Flop
Seat 4: anarxist29 folded before Flop (didn't bet)
Seat 5: HubertusB folded before Flop (didn't bet)
Seat 6: [Dark]-Kin25 folded before Flop (didn't bet)



PokerStars Zoom Hand #186959273987:  Hold'em No Limit ($0.02/$0.05) - 2018/05/28 23:37:57 CCT [2018/05/28 11:37:57 ET]
Table 'Donati' 6-max Seat #1 is the button
Seat 1: Hummer_61rus ($6.41 in chips) 
Seat 2: Radomir 26 ($19.06 in chips) 
Seat 3: facun34 ($5.06 in chips) 
Seat 4: HubertusB ($7.21 in chips) 
Seat 5: baslim62 ($5.27 in chips) 
Seat 6: darkmoon311 ($6.58 in chips) 
Radomir 26: posts small blind $0.02
facun34: posts big blind $0.05
*** HOLE CARDS ***
Dealt to HubertusB [Qs 5s]
HubertusB: folds 
baslim62: folds 
darkmoon311: folds 
Hummer_61rus: folds 
Radomir 26: raises $0.07 to $0.12
facun34: folds 
Uncalled bet ($0.07) returned to Radomir 26
Radomir 26 collected $0.10 from pot
Radomir 26: doesn't show hand 
*** SUMMARY ***
Total pot $0.10 | Rake $0 
Seat 1: Hummer_61rus (button) folded before Flop (didn't bet)
Seat 2: Radomir 26 (small blind) collected ($0.10)
Seat 3: facun34 (big blind) folded before Flop
Seat 4: HubertusB folded before Flop (didn't bet)
Seat 5: baslim62 folded before Flop (didn't bet)
Seat 6: darkmoon311 folded before Flop (didn't bet)



PokerStars Zoom Hand #186959276921:  Hold'em No Limit ($0.02/$0.05) - 2018/05/28 23:38:05 CCT [2018/05/28 11:38:05 ET]
Table 'Donati' 6-max Seat #1 is the button
Seat 1: SirSavagery ($5.25 in chips) 
Seat 2: dedgasik ($6.38 in chips) 
Seat 3: HubertusB ($7.21 in chips) 
Seat 4: larothe ($5.09 in chips) 
Seat 5: audi a4352 ($5.08 in chips) 
Seat 6: zibertmen ($12.92 in chips) 
dedgasik: posts small blind $0.02
HubertusB: posts big blind $0.05
*** HOLE CARDS ***
Dealt to HubertusB [5c 7h]
larothe: raises $0.07 to $0.12
audi a4352: folds 
zibertmen: folds 
SirSavagery: folds 
dedgasik: folds 
HubertusB: folds 
Uncalled bet ($0.07) returned to larothe
larothe collected $0.12 from pot
larothe: doesn't show hand 
*** SUMMARY ***
Total pot $0.12 | Rake $0 
Seat 1: SirSavagery (button) folded before Flop (didn't bet)
Seat 2: dedgasik (small blind) folded before Flop
Seat 3: HubertusB (big blind) folded before Flop
Seat 4: larothe collected ($0.12)
Seat 5: audi a4352 folded before Flop (didn't bet)
Seat 6: zibertmen folded before Flop (didn't bet)



PokerStars Zoom Hand #186959283032:  Hold'em No Limit ($0.02/$0.05) - 2018/05/28 23:38:22 CCT [2018/05/28 11:38:22 ET]
Table 'Donati' 6-max Seat #1 is the button
Seat 1: unessaid ($5.27 in chips) 
Seat 2: HubertusB ($7.16 in chips) 
Seat 3: YungPop ($15.98 in chips) 
Seat 4: Callboyy ($5 in chips) 
Seat 5: steffi63 ($4.57 in chips) 
Seat 6: ozz0101 ($7.79 in chips) 
HubertusB: posts small blind $0.02
YungPop: posts big blind $0.05
*** HOLE CARDS ***
Dealt to HubertusB [5s Ks]
Callboyy: folds 
steffi63: folds 
ozz0101: folds 
unessaid: calls $0.05
HubertusB: calls $0.03
YungPop: checks 
*** FLOP *** [Kh Qc 7d]
HubertusB: bets $0.07
YungPop: folds 
unessaid: folds 
Uncalled bet ($0.07) returned to HubertusB
HubertusB collected $0.14 from pot
HubertusB: doesn't show hand 
*** SUMMARY ***
Total pot $0.15 | Rake $0.01 
Board [Kh Qc 7d]
Seat 1: unessaid (button) folded on the Flop
Seat 2: HubertusB (small blind) collected ($0.14)
Seat 3: YungPop (big blind) folded on the Flop
Seat 4: Callboyy folded before Flop (didn't bet)
Seat 5: steffi63 folded before Flop (didn't bet)
Seat 6: ozz0101 folded before Flop (didn't bet)



PokerStars Zoom Hand #186959300198:  Hold'em No Limit ($0.02/$0.05) - 2018/05/28 23:39:10 CCT [2018/05/28 11:39:10 ET]
Table 'Donati' 6-max Seat #1 is the button
Seat 1: larothe ($5.68 in chips) 
Seat 2: psychopathko ($5.70 in chips) 
Seat 3: 1mawisky ($4.84 in chips) 
Seat 4: ValentjNN ($11.89 in chips) 
Seat 5: HubertusB ($7.25 in chips) 
Seat 6: kavvviiii1 ($4.75 in chips) 
psychopathko: posts small blind $0.02
1mawisky: posts big blind $0.05
*** HOLE CARDS ***
Dealt to HubertusB [5c 5d]
ValentjNN: raises $0.07 to $0.12
HubertusB: calls $0.12
kavvviiii1: folds 
larothe: folds 
psychopathko: folds 
1mawisky: folds 
*** FLOP *** [6s Ah Kh]
ValentjNN: checks 
HubertusB: checks 
*** TURN *** [6s Ah Kh] [Jd]
ValentjNN: checks 
HubertusB: checks 
*** RIVER *** [6s Ah Kh Jd] [2s]
ValentjNN: checks 
HubertusB: checks 
*** SHOW DOWN ***
ValentjNN: shows [9s 9d] (a pair of Nines)
HubertusB: mucks hand 
ValentjNN collected $0.30 from pot
*** SUMMARY ***
Total pot $0.31 | Rake $0.01 
Board [6s Ah Kh Jd 2s]
Seat 1: larothe (button) folded before Flop (didn't bet)
Seat 2: psychopathko (small blind) folded before Flop
Seat 3: 1mawisky (big blind) folded before Flop
Seat 4: ValentjNN showed [9s 9d] and won ($0.30) with a pair of Nines
Seat 5: HubertusB mucked [5c 5d]
Seat 6: kavvviiii1 folded before Flop (didn't bet)



PokerStars Zoom Hand #186959322035:  Hold'em No Limit ($0.02/$0.05) - 2018/05/28 23:40:10 CCT [2018/05/28 11:40:10 ET]
Table 'Donati' 6-max Seat #1 is the button
Seat 1: HubertusB ($7.13 in chips) 
Seat 2: gregoryk369 ($4.97 in chips) 
Seat 3: Leopoldia ($2.64 in chips) 
Seat 4: Cnaty91 ($5.55 in chips) 
Seat 5: InfideliX ($3.92 in chips) 
Seat 6: Tajesitus ($8.88 in chips) 
gregoryk369: posts small blind $0.02
Leopoldia: posts big blind $0.05
*** HOLE CARDS ***
Dealt to HubertusB [7h 5h]
Cnaty91: raises $0.10 to $0.15
InfideliX: folds 
Tajesitus: folds 
HubertusB: folds 
gregoryk369: folds 
Leopoldia: folds 
Uncalled bet ($0.10) returned to Cnaty91
Cnaty91 collected $0.12 from pot
Cnaty91: doesn't show hand 
*** SUMMARY ***
Total pot $0.12 | Rake $0 
Seat 1: HubertusB (button) folded before Flop (didn't bet)
Seat 2: gregoryk369 (small blind) folded before Flop
Seat 3: Leopoldia (big blind) folded before Flop
Seat 4: Cnaty91 collected ($0.12)
Seat 5: InfideliX folded before Flop (didn't bet)
Seat 6: Tajesitus folded before Flop (didn't bet)



PokerStars Zoom Hand #186959324570:  Hold'em No Limit ($0.02/$0.05) - 2018/05/28 23:40:17 CCT [2018/05/28 11:40:17 ET]
Table 'Donati' 6-max Seat #1 is the button
Seat 1: kranovoy22 ($5.13 in chips) 
Seat 2: Onet1me_pl3 ($5.82 in chips) 
Seat 3: Anusnimus ($4.93 in chips) 
Seat 4: HubertusB ($7.13 in chips) 
Seat 5: Ykyklele ($10.73 in chips) 
Seat 6: LavrikSanta ($5 in chips) 
Onet1me_pl3: posts small blind $0.02
Anusnimus: posts big blind $0.05
*** HOLE CARDS ***
Dealt to HubertusB [4d As]
HubertusB: folds 
Ykyklele: folds 
LavrikSanta: raises $0.10 to $0.15
kranovoy22: folds 
Onet1me_pl3: folds 
Anusnimus: folds 
Uncalled bet ($0.10) returned to LavrikSanta
LavrikSanta collected $0.12 from pot
LavrikSanta: doesn't show hand 
*** SUMMARY ***
Total pot $0.12 | Rake $0 
Seat 1: kranovoy22 (button) folded before Flop (didn't bet)
Seat 2: Onet1me_pl3 (small blind) folded before Flop
Seat 3: Anusnimus (big blind) folded before Flop
Seat 4: HubertusB folded before Flop (didn't bet)
Seat 5: Ykyklele folded before Flop (didn't bet)
Seat 6: LavrikSanta collected ($0.12)



PokerStars Zoom Hand #186959328561:  Hold'em No Limit ($0.02/$0.05) - 2018/05/28 23:40:28 CCT [2018/05/28 11:40:28 ET]
Table 'Donati' 6-max Seat #1 is the button
Seat 1: BOHEMIAN8849 ($9.54 in chips) 
Seat 2: HubertusB ($7.13 in chips) 
Seat 3: giigaac1 ($5.81 in chips) 
Seat 4: Bujan 07 ($8.35 in chips) 
Seat 5: littlfish_1 ($4.90 in chips) 
Seat 6: CasaFIN ($2.20 in chips) 
HubertusB: posts small blind $0.02
giigaac1: posts big blind $0.05
*** HOLE CARDS ***
Dealt to HubertusB [Ac As]
Bujan 07: folds 
littlfish_1: raises $0.10 to $0.15
CasaFIN: folds 
BOHEMIAN8849: folds 
HubertusB: raises $0.35 to $0.50
giigaac1: folds 
littlfish_1: folds 
Uncalled bet ($0.35) returned to HubertusB
HubertusB collected $0.35 from pot
HubertusB: doesn't show hand 
*** SUMMARY ***
Total pot $0.35 | Rake $0 
Seat 1: BOHEMIAN8849 (button) folded before Flop (didn't bet)
Seat 2: HubertusB (small blind) collected ($0.35)
Seat 3: giigaac1 (big blind) folded before Flop
Seat 4: Bujan 07 folded before Flop (didn't bet)
Seat 5: littlfish_1 folded before Flop
Seat 6: CasaFIN folded before Flop (didn't bet)



PokerStars Zoom Hand #186959340982:  Hold'em No Limit ($0.02/$0.05) - 2018/05/28 23:41:02 CCT [2018/05/28 11:41:02 ET]
Table 'Donati' 6-max Seat #1 is the button
Seat 1: CVBA85 ($12.10 in chips) 
Seat 2: GORA-VAS ($1.34 in chips) 
Seat 3: HubertusB ($7.33 in chips) 
Seat 4: Hanart ($5.87 in chips) 
Seat 5: olismith23 ($4.87 in chips) 
Seat 6: [Dark]-Kin25 ($5.28 in chips) 
GORA-VAS: posts small blind $0.02
HubertusB: posts big blind $0.05
*** HOLE CARDS ***
Dealt to HubertusB [As 8d]
Hanart: raises $0.10 to $0.15
olismith23: folds 
[Dark]-Kin25: folds 
CVBA85: folds 
GORA-VAS: folds 
HubertusB: folds 
Uncalled bet ($0.10) returned to Hanart
Hanart collected $0.12 from pot
Hanart: doesn't show hand 
*** SUMMARY ***
Total pot $0.12 | Rake $0 
Seat 1: CVBA85 (button) folded before Flop (didn't bet)
Seat 2: GORA-VAS (small blind) folded before Flop
Seat 3: HubertusB (big blind) folded before Flop
Seat 4: Hanart collected ($0.12)
Seat 5: olismith23 folded before Flop (didn't bet)
Seat 6: [Dark]-Kin25 folded before Flop (didn't bet)



