PokerStars Zoom Hand #186005248476:  Hold'em No Limit ($0.05/$0.10) - 2018/05/04 21:27:05 CCT [2018/05/04 9:27:05 ET]
Table 'Aludra' 6-max Seat #1 is the button
Seat 1: Bendaaa ($12.90 in chips) 
Seat 2: botano ($5.05 in chips) 
Seat 3: nitzed12 ($10 in chips) 
Seat 4: HubertusB ($10 in chips) 
Seat 5: oldfish347 ($10.33 in chips) 
Seat 6: AndiFröhlich95 ($21.06 in chips) 
botano: posts small blind $0.05
nitzed12: posts big blind $0.10
*** HOLE CARDS ***
Dealt to HubertusB [9s 9c]
HubertusB: raises $0.10 to $0.20
oldfish347: folds 
AndiFröhlich95: calls $0.20
Bendaaa: calls $0.20
botano: folds 
nitzed12: folds 
*** FLOP *** [6c 2s 4s]
HubertusB: bets $0.40
AndiFröhlich95: raises $0.40 to $0.80
Bendaaa: calls $0.80
HubertusB: calls $0.40
*** TURN *** [6c 2s 4s] [4d]
HubertusB: checks 
AndiFröhlich95: bets $1.20
Bendaaa: calls $1.20
HubertusB: folds 
*** RIVER *** [6c 2s 4s 4d] [3s]
AndiFröhlich95: checks 
Bendaaa: bets $4
AndiFröhlich95: folds 
Uncalled bet ($4) returned to Bendaaa
Bendaaa collected $5.30 from pot
Bendaaa: doesn't show hand 
*** SUMMARY ***
Total pot $5.55 | Rake $0.25 
Board [6c 2s 4s 4d 3s]
Seat 1: Bendaaa (button) collected ($5.30)
Seat 2: botano (small blind) folded before Flop
Seat 3: nitzed12 (big blind) folded before Flop
Seat 4: HubertusB folded on the Turn
Seat 5: oldfish347 folded before Flop (didn't bet)
Seat 6: AndiFröhlich95 folded on the River



PokerStars Zoom Hand #186005290424:  Hold'em No Limit ($0.05/$0.10) - 2018/05/04 21:28:32 CCT [2018/05/04 9:28:32 ET]
Table 'Aludra' 6-max Seat #1 is the button
Seat 1: Draugsvoll ($11.22 in chips) 
Seat 2: ruza99 ($18.13 in chips) 
Seat 3: HubertusB ($9 in chips) 
Seat 4: Akmz ($13.03 in chips) 
Seat 5: kmi163163 ($18.16 in chips) 
Seat 6: g.hitech ($10 in chips) 
ruza99: posts small blind $0.05
HubertusB: posts big blind $0.10
*** HOLE CARDS ***
Dealt to HubertusB [Kh Qd]
Akmz: folds 
kmi163163: calls $0.10
g.hitech: folds 
Draugsvoll: folds 
ruza99: folds 
HubertusB: raises $0.30 to $0.40
kmi163163: calls $0.30
*** FLOP *** [9c 5c 3h]
HubertusB: bets $0.40
kmi163163: raises $0.40 to $0.80
HubertusB: folds 
Uncalled bet ($0.40) returned to kmi163163
kmi163163 collected $1.58 from pot
kmi163163: doesn't show hand 
*** SUMMARY ***
Total pot $1.65 | Rake $0.07 
Board [9c 5c 3h]
Seat 1: Draugsvoll (button) folded before Flop (didn't bet)
Seat 2: ruza99 (small blind) folded before Flop
Seat 3: HubertusB (big blind) folded on the Flop
Seat 4: Akmz folded before Flop (didn't bet)
Seat 5: kmi163163 collected ($1.58)
Seat 6: g.hitech folded before Flop (didn't bet)



PokerStars Zoom Hand #186005313613:  Hold'em No Limit ($0.05/$0.10) - 2018/05/04 21:29:20 CCT [2018/05/04 9:29:20 ET]
Table 'Aludra' 6-max Seat #1 is the button
Seat 1: HubertusB ($8.15 in chips) 
Seat 2: AndiFröhlich95 ($24.67 in chips) 
Seat 3: kls1952 ($2.51 in chips) 
Seat 4: BERFT ($10.12 in chips) 
Seat 5: SLAYERRRR666 ($9.75 in chips) 
Seat 6: Zio000 ($10 in chips) 
AndiFröhlich95: posts small blind $0.05
kls1952: posts big blind $0.10
*** HOLE CARDS ***
Dealt to HubertusB [7c 2h]
BERFT: folds 
SLAYERRRR666: folds 
Zio000: folds 
HubertusB: folds 
AndiFröhlich95: raises $0.10 to $0.20
kls1952: folds 
Uncalled bet ($0.10) returned to AndiFröhlich95
AndiFröhlich95 collected $0.20 from pot
AndiFröhlich95: doesn't show hand 
*** SUMMARY ***
Total pot $0.20 | Rake $0 
Seat 1: HubertusB (button) folded before Flop (didn't bet)
Seat 2: AndiFröhlich95 (small blind) collected ($0.20)
Seat 3: kls1952 (big blind) folded before Flop
Seat 4: BERFT folded before Flop (didn't bet)
Seat 5: SLAYERRRR666 folded before Flop (didn't bet)
Seat 6: Zio000 folded before Flop (didn't bet)



PokerStars Zoom Hand #186005310690:  Hold'em No Limit ($0.05/$0.10) - 2018/05/04 21:29:14 CCT [2018/05/04 9:29:14 ET]
Table 'Aludra' 6-max Seat #1 is the button
Seat 1: i!iLLi!i ($10 in chips) 
Seat 2: HubertusB ($8.20 in chips) 
Seat 3: Kruutial ($33.87 in chips) 
Seat 4: WhiteDAGLeki ($13.02 in chips) 
Seat 5: lt_poker_id ($10.28 in chips) 
Seat 6: HERRFLICK2 ($9.94 in chips) 
HubertusB: posts small blind $0.05
Kruutial: posts big blind $0.10
*** HOLE CARDS ***
Dealt to HubertusB [As 5c]
WhiteDAGLeki: raises $0.20 to $0.30
lt_poker_id: folds 
HERRFLICK2: folds 
i!iLLi!i: folds 
HubertusB: folds 
Kruutial: folds 
Uncalled bet ($0.20) returned to WhiteDAGLeki
WhiteDAGLeki collected $0.25 from pot
WhiteDAGLeki: doesn't show hand 
*** SUMMARY ***
Total pot $0.25 | Rake $0 
Seat 1: i!iLLi!i (button) folded before Flop (didn't bet)
Seat 2: HubertusB (small blind) folded before Flop
Seat 3: Kruutial (big blind) folded before Flop
Seat 4: WhiteDAGLeki collected ($0.25)
Seat 5: lt_poker_id folded before Flop (didn't bet)
Seat 6: HERRFLICK2 folded before Flop (didn't bet)



PokerStars Zoom Hand #186005318423:  Hold'em No Limit ($0.05/$0.10) - 2018/05/04 21:29:30 CCT [2018/05/04 9:29:30 ET]
Table 'Aludra' 6-max Seat #1 is the button
Seat 1: Draugsvoll ($11.22 in chips) 
Seat 2: speedzg ($12.27 in chips) 
Seat 3: HubertusB ($8.15 in chips) 
Seat 4: Brammer73 ($10.30 in chips) 
Seat 5: Kruutial ($14.22 in chips) 
Seat 6: naoya1929 ($10.28 in chips) 
speedzg: posts small blind $0.05
HubertusB: posts big blind $0.10
*** HOLE CARDS ***
Dealt to HubertusB [Tc 9d]
Brammer73: folds 
Kruutial: raises $0.20 to $0.30
naoya1929: folds 
Draugsvoll: folds 
speedzg: folds 
HubertusB: folds 
Uncalled bet ($0.20) returned to Kruutial
Kruutial collected $0.25 from pot
Kruutial: doesn't show hand 
*** SUMMARY ***
Total pot $0.25 | Rake $0 
Seat 1: Draugsvoll (button) folded before Flop (didn't bet)
Seat 2: speedzg (small blind) folded before Flop
Seat 3: HubertusB (big blind) folded before Flop
Seat 4: Brammer73 folded before Flop (didn't bet)
Seat 5: Kruutial collected ($0.25)
Seat 6: naoya1929 folded before Flop (didn't bet)



PokerStars Zoom Hand #186005315991:  Hold'em No Limit ($0.05/$0.10) - 2018/05/04 21:29:25 CCT [2018/05/04 9:29:25 ET]
Table 'Aludra' 6-max Seat #1 is the button
Seat 1: Dan1eInferno ($10 in chips) 
Seat 2: Haaagen ($15.31 in chips) 
Seat 3: Vander Shot ($6.32 in chips) 
Seat 4: HubertusB ($8.15 in chips) 
Seat 5: BadCompany J ($9.55 in chips) 
Seat 6: i!iLLi!i ($10 in chips) 
Haaagen: posts small blind $0.05
Vander Shot: posts big blind $0.10
*** HOLE CARDS ***
Dealt to HubertusB [7h Kh]
HubertusB: folds 
BadCompany J: folds 
i!iLLi!i: folds 
Dan1eInferno: raises $0.15 to $0.25
Haaagen: folds 
Vander Shot: calls $0.15
*** FLOP *** [Ts Jc 4d]
Vander Shot: checks 
Dan1eInferno: bets $0.24
Vander Shot: calls $0.24
*** TURN *** [Ts Jc 4d] [Td]
Vander Shot: checks 
Dan1eInferno: bets $0.74
Vander Shot: calls $0.74
*** RIVER *** [Ts Jc 4d Td] [As]
Vander Shot: checks 
Dan1eInferno: checks 
*** SHOW DOWN ***
Vander Shot: shows [8d 7c] (a pair of Tens)
Dan1eInferno: mucks hand 
Vander Shot collected $2.40 from pot
*** SUMMARY ***
Total pot $2.51 | Rake $0.11 
Board [Ts Jc 4d Td As]
Seat 1: Dan1eInferno (button) mucked [5d 7d]
Seat 2: Haaagen (small blind) folded before Flop
Seat 3: Vander Shot (big blind) showed [8d 7c] and won ($2.40) with a pair of Tens
Seat 4: HubertusB folded before Flop (didn't bet)
Seat 5: BadCompany J folded before Flop (didn't bet)
Seat 6: i!iLLi!i folded before Flop (didn't bet)



PokerStars Zoom Hand #186005322266:  Hold'em No Limit ($0.05/$0.10) - 2018/05/04 21:29:38 CCT [2018/05/04 9:29:38 ET]
Table 'Aludra' 6-max Seat #1 is the button
Seat 1: zdaz1 ($10 in chips) 
Seat 2: RobeSan139 ($10.22 in chips) 
Seat 3: budda1971 ($31.94 in chips) 
Seat 4: Juniiiiorrrr ($9.29 in chips) 
Seat 5: VAHRAMASHEN ($10.05 in chips) 
Seat 6: HubertusB ($8.05 in chips) 
RobeSan139: posts small blind $0.05
budda1971: posts big blind $0.10
*** HOLE CARDS ***
Dealt to HubertusB [Ah 7h]
Juniiiiorrrr: folds 
VAHRAMASHEN: folds 
HubertusB: raises $0.10 to $0.20
zdaz1: folds 
RobeSan139: raises $0.70 to $0.90
budda1971: folds 
HubertusB: folds 
Uncalled bet ($0.70) returned to RobeSan139
RobeSan139 collected $0.50 from pot
RobeSan139: doesn't show hand 
*** SUMMARY ***
Total pot $0.50 | Rake $0 
Seat 1: zdaz1 (button) folded before Flop (didn't bet)
Seat 2: RobeSan139 (small blind) collected ($0.50)
Seat 3: budda1971 (big blind) folded before Flop
Seat 4: Juniiiiorrrr folded before Flop (didn't bet)
Seat 5: VAHRAMASHEN folded before Flop (didn't bet)
Seat 6: HubertusB folded before Flop



PokerStars Zoom Hand #186005332431:  Hold'em No Limit ($0.05/$0.10) - 2018/05/04 21:29:59 CCT [2018/05/04 9:29:59 ET]
Table 'Aludra' 6-max Seat #1 is the button
Seat 1: depotapo ($12.09 in chips) 
Seat 2: HubertusB ($7.85 in chips) 
Seat 3: Mette272 ($19.62 in chips) 
Seat 4: Jondays ($25.57 in chips) 
Seat 5: nitzed12 ($10 in chips) 
Seat 6: anikolaev54 ($12.14 in chips) 
HubertusB: posts small blind $0.05
Mette272: posts big blind $0.10
*** HOLE CARDS ***
Dealt to HubertusB [5c 4c]
Jondays: folds 
nitzed12: folds 
anikolaev54: folds 
depotapo: folds 
HubertusB: folds 
Uncalled bet ($0.05) returned to Mette272
Mette272 collected $0.10 from pot
Mette272: doesn't show hand 
*** SUMMARY ***
Total pot $0.10 | Rake $0 
Seat 1: depotapo (button) folded before Flop (didn't bet)
Seat 2: HubertusB (small blind) folded before Flop
Seat 3: Mette272 (big blind) collected ($0.10)
Seat 4: Jondays folded before Flop (didn't bet)
Seat 5: nitzed12 folded before Flop (didn't bet)
Seat 6: anikolaev54 folded before Flop (didn't bet)



PokerStars Zoom Hand #186005335812:  Hold'em No Limit ($0.05/$0.10) - 2018/05/04 21:30:06 CCT [2018/05/04 9:30:06 ET]
Table 'Aludra' 6-max Seat #1 is the button
Seat 1: HubertusB ($7.80 in chips) 
Seat 2: gjsqjqrkddml ($10.96 in chips) 
Seat 3: nitzed12 ($10 in chips) 
Seat 4: ancqPRO ($14.34 in chips) 
Seat 5: WhiteDAGLeki ($13.12 in chips) 
Seat 6: AfishA247 ($10.60 in chips) 
gjsqjqrkddml: posts small blind $0.05
nitzed12: posts big blind $0.10
*** HOLE CARDS ***
Dealt to HubertusB [3d Qd]
ancqPRO: folds 
WhiteDAGLeki: folds 
AfishA247: folds 
HubertusB: folds 
gjsqjqrkddml: folds 
Uncalled bet ($0.05) returned to nitzed12
nitzed12 collected $0.10 from pot
nitzed12: doesn't show hand 
*** SUMMARY ***
Total pot $0.10 | Rake $0 
Seat 1: HubertusB (button) folded before Flop (didn't bet)
Seat 2: gjsqjqrkddml (small blind) folded before Flop
Seat 3: nitzed12 (big blind) collected ($0.10)
Seat 4: ancqPRO folded before Flop (didn't bet)
Seat 5: WhiteDAGLeki folded before Flop (didn't bet)
Seat 6: AfishA247 folded before Flop (didn't bet)



PokerStars Zoom Hand #186005352654:  Hold'em No Limit ($0.05/$0.10) - 2018/05/04 21:30:43 CCT [2018/05/04 9:30:43 ET]
Table 'Aludra' 6-max Seat #1 is the button
Seat 1: ZFP1 ($8.22 in chips) 
Seat 2: 1hebetoraise ($13.81 in chips) 
Seat 3: saleriver ($14.33 in chips) 
Seat 4: DudinAndrey ($20.94 in chips) 
Seat 5: HubertusB ($7.70 in chips) 
Seat 6: Black*ack ($10 in chips) 
1hebetoraise: posts small blind $0.05
saleriver: posts big blind $0.10
*** HOLE CARDS ***
Dealt to HubertusB [3s Ah]
DudinAndrey: folds 
HubertusB: folds 
Black*ack: folds 
ZFP1: folds 
1hebetoraise: folds 
Uncalled bet ($0.05) returned to saleriver
saleriver collected $0.10 from pot
saleriver: doesn't show hand 
*** SUMMARY ***
Total pot $0.10 | Rake $0 
Seat 1: ZFP1 (button) folded before Flop (didn't bet)
Seat 2: 1hebetoraise (small blind) folded before Flop
Seat 3: saleriver (big blind) collected ($0.10)
Seat 4: DudinAndrey folded before Flop (didn't bet)
Seat 5: HubertusB folded before Flop (didn't bet)
Seat 6: Black*ack folded before Flop (didn't bet)



PokerStars Zoom Hand #186005349163:  Hold'em No Limit ($0.05/$0.10) - 2018/05/04 21:30:36 CCT [2018/05/04 9:30:36 ET]
Table 'Aludra' 6-max Seat #1 is the button
Seat 1: MaNok23 ($19 in chips) 
Seat 2: Pl4me7 ($10 in chips) 
Seat 3: labrador9100 ($9.75 in chips) 
Seat 4: TryingWinner ($10.32 in chips) 
Seat 5: HubertusB ($7.70 in chips) 
Seat 6: 19EL_Tito81 ($10 in chips) 
Pl4me7: posts small blind $0.05
labrador9100: posts big blind $0.10
*** HOLE CARDS ***
Dealt to HubertusB [3h Js]
TryingWinner: folds 
HubertusB: folds 
19EL_Tito81: raises $0.20 to $0.30
MaNok23: folds 
Pl4me7: folds 
labrador9100: folds 
Uncalled bet ($0.20) returned to 19EL_Tito81
19EL_Tito81 collected $0.25 from pot
19EL_Tito81: doesn't show hand 
*** SUMMARY ***
Total pot $0.25 | Rake $0 
Seat 1: MaNok23 (button) folded before Flop (didn't bet)
Seat 2: Pl4me7 (small blind) folded before Flop
Seat 3: labrador9100 (big blind) folded before Flop
Seat 4: TryingWinner folded before Flop (didn't bet)
Seat 5: HubertusB folded before Flop (didn't bet)
Seat 6: 19EL_Tito81 collected ($0.25)



PokerStars Zoom Hand #186005344312:  Hold'em No Limit ($0.05/$0.10) - 2018/05/04 21:30:25 CCT [2018/05/04 9:30:25 ET]
Table 'Aludra' 6-max Seat #1 is the button
Seat 1: rolling81 ($35.92 in chips) 
Seat 2: laguna v6 ($9.51 in chips) 
Seat 3: HubertusB ($7.80 in chips) 
Seat 4: Vamu The Great ($28.90 in chips) 
Seat 5: dai2173 ($33.93 in chips) 
Seat 6: fede 7ñl ($20.35 in chips) 
laguna v6: posts small blind $0.05
HubertusB: posts big blind $0.10
*** HOLE CARDS ***
Dealt to HubertusB [7h Ad]
Vamu The Great: raises $0.15 to $0.25
dai2173: folds 
fede 7ñl: folds 
rolling81: raises $0.55 to $0.80
laguna v6: folds 
HubertusB: folds 
Vamu The Great: folds 
Uncalled bet ($0.55) returned to rolling81
rolling81 collected $0.65 from pot
rolling81: doesn't show hand 
*** SUMMARY ***
Total pot $0.65 | Rake $0 
Seat 1: rolling81 (button) collected ($0.65)
Seat 2: laguna v6 (small blind) folded before Flop
Seat 3: HubertusB (big blind) folded before Flop
Seat 4: Vamu The Great folded before Flop
Seat 5: dai2173 folded before Flop (didn't bet)
Seat 6: fede 7ñl folded before Flop (didn't bet)



PokerStars Zoom Hand #186005342005:  Hold'em No Limit ($0.05/$0.10) - 2018/05/04 21:30:20 CCT [2018/05/04 9:30:20 ET]
Table 'Aludra' 6-max Seat #1 is the button
Seat 1: VAHRAMASHEN ($10 in chips) 
Seat 2: scolly123 ($20.22 in chips) 
Seat 3: BERFT ($10.18 in chips) 
Seat 4: Vamu The Great ($28.90 in chips) 
Seat 5: lesims555 ($11.59 in chips) 
Seat 6: HubertusB ($7.80 in chips) 
scolly123: posts small blind $0.05
BERFT: posts big blind $0.10
*** HOLE CARDS ***
Dealt to HubertusB [Qc 3s]
Vamu The Great: folds 
lesims555: folds 
HubertusB: folds 
VAHRAMASHEN: raises $0.10 to $0.20
scolly123: folds 
BERFT: raises $0.60 to $0.80
VAHRAMASHEN: raises $1.20 to $2
BERFT: calls $1.20
*** FLOP *** [Ad 6d Qs]
BERFT: checks 
VAHRAMASHEN: bets $1.94
BERFT: folds 
Uncalled bet ($1.94) returned to VAHRAMASHEN
VAHRAMASHEN collected $3.87 from pot
VAHRAMASHEN: doesn't show hand 
*** SUMMARY ***
Total pot $4.05 | Rake $0.18 
Board [Ad 6d Qs]
Seat 1: VAHRAMASHEN (button) collected ($3.87)
Seat 2: scolly123 (small blind) folded before Flop
Seat 3: BERFT (big blind) folded on the Flop
Seat 4: Vamu The Great folded before Flop (didn't bet)
Seat 5: lesims555 folded before Flop (didn't bet)
Seat 6: HubertusB folded before Flop (didn't bet)



PokerStars Zoom Hand #186005354765:  Hold'em No Limit ($0.05/$0.10) - 2018/05/04 21:30:47 CCT [2018/05/04 9:30:47 ET]
Table 'Aludra' 6-max Seat #1 is the button
Seat 1: Tosch85 ($12.67 in chips) 
Seat 2: HubertusB ($7.70 in chips) 
Seat 3: aivojuht ($22.40 in chips) 
Seat 4: Kinderrr1322 ($10.06 in chips) 
Seat 5: Okkultist1888 ($10.42 in chips) 
Seat 6: antiPa31 ($15.73 in chips) 
HubertusB: posts small blind $0.05
aivojuht: posts big blind $0.10
*** HOLE CARDS ***
Dealt to HubertusB [5s Jd]
Kinderrr1322: folds 
Okkultist1888: folds 
antiPa31: folds 
Tosch85: folds 
HubertusB: folds 
Uncalled bet ($0.05) returned to aivojuht
aivojuht collected $0.10 from pot
aivojuht: doesn't show hand 
*** SUMMARY ***
Total pot $0.10 | Rake $0 
Seat 1: Tosch85 (button) folded before Flop (didn't bet)
Seat 2: HubertusB (small blind) folded before Flop
Seat 3: aivojuht (big blind) collected ($0.10)
Seat 4: Kinderrr1322 folded before Flop (didn't bet)
Seat 5: Okkultist1888 folded before Flop (didn't bet)
Seat 6: antiPa31 folded before Flop (didn't bet)



PokerStars Zoom Hand #186005359291:  Hold'em No Limit ($0.05/$0.10) - 2018/05/04 21:30:57 CCT [2018/05/04 9:30:57 ET]
Table 'Aludra' 6-max Seat #1 is the button
Seat 1: HubertusB ($7.65 in chips) 
Seat 2: djekson34 ($9.90 in chips) 
Seat 3: Haaagen ($11.92 in chips) 
Seat 4: kawase1 ($10 in chips) 
Seat 5: ponnata ($6.85 in chips) 
Seat 6: Yilisha ($10.58 in chips) 
djekson34: posts small blind $0.05
Haaagen: posts big blind $0.10
*** HOLE CARDS ***
Dealt to HubertusB [5d Ac]
kawase1: folds 
ponnata: raises $0.20 to $0.30
Yilisha: folds 
HubertusB: folds 
djekson34: folds 
Haaagen: folds 
Uncalled bet ($0.20) returned to ponnata
ponnata collected $0.25 from pot
ponnata: doesn't show hand 
*** SUMMARY ***
Total pot $0.25 | Rake $0 
Seat 1: HubertusB (button) folded before Flop (didn't bet)
Seat 2: djekson34 (small blind) folded before Flop
Seat 3: Haaagen (big blind) folded before Flop
Seat 4: kawase1 folded before Flop (didn't bet)
Seat 5: ponnata collected ($0.25)
Seat 6: Yilisha folded before Flop (didn't bet)



PokerStars Zoom Hand #186005364293:  Hold'em No Limit ($0.05/$0.10) - 2018/05/04 21:31:07 CCT [2018/05/04 9:31:07 ET]
Table 'Aludra' 6-max Seat #1 is the button
Seat 1: lesnov.M87 ($6.93 in chips) 
Seat 2: laguna v6 ($9.31 in chips) 
Seat 3: Yilisha ($11.12 in chips) 
Seat 4: Arun1108 ($40.39 in chips) 
Seat 5: Fearless949 ($13.87 in chips) 
Seat 6: HubertusB ($7.65 in chips) 
laguna v6: posts small blind $0.05
Yilisha: posts big blind $0.10
*** HOLE CARDS ***
Dealt to HubertusB [9h 5c]
Arun1108: folds 
Fearless949: folds 
HubertusB: folds 
lesnov.M87: folds 
laguna v6: folds 
Uncalled bet ($0.05) returned to Yilisha
Yilisha collected $0.10 from pot
Yilisha: doesn't show hand 
*** SUMMARY ***
Total pot $0.10 | Rake $0 
Seat 1: lesnov.M87 (button) folded before Flop (didn't bet)
Seat 2: laguna v6 (small blind) folded before Flop
Seat 3: Yilisha (big blind) collected ($0.10)
Seat 4: Arun1108 folded before Flop (didn't bet)
Seat 5: Fearless949 folded before Flop (didn't bet)
Seat 6: HubertusB folded before Flop (didn't bet)



PokerStars Zoom Hand #186005369107:  Hold'em No Limit ($0.05/$0.10) - 2018/05/04 21:31:17 CCT [2018/05/04 9:31:17 ET]
Table 'Aludra' 6-max Seat #1 is the button
Seat 1: myself10 ($10 in chips) 
Seat 2: Fred34oz ($6.24 in chips) 
Seat 3: otin.t ($2.55 in chips) 
Seat 4: HubertusB ($7.65 in chips) 
Seat 5: stdk730 ($19.88 in chips) 
Seat 6: fatherconmee ($7.79 in chips) 
Fred34oz: posts small blind $0.05
otin.t: posts big blind $0.10
*** HOLE CARDS ***
Dealt to HubertusB [8d 7s]
HubertusB: folds 
stdk730: folds 
fatherconmee: folds 
myself10: folds 
Fred34oz: folds 
Uncalled bet ($0.05) returned to otin.t
otin.t collected $0.10 from pot
otin.t: doesn't show hand 
*** SUMMARY ***
Total pot $0.10 | Rake $0 
Seat 1: myself10 (button) folded before Flop (didn't bet)
Seat 2: Fred34oz (small blind) folded before Flop
Seat 3: otin.t (big blind) collected ($0.10)
Seat 4: HubertusB folded before Flop (didn't bet)
Seat 5: stdk730 folded before Flop (didn't bet)
Seat 6: fatherconmee folded before Flop (didn't bet)



PokerStars Zoom Hand #186005347444:  Hold'em No Limit ($0.05/$0.10) - 2018/05/04 21:30:32 CCT [2018/05/04 9:30:32 ET]
Table 'Aludra' 6-max Seat #1 is the button
Seat 1: Arschibalt ($4.98 in chips) 
Seat 2: atekatrina ($11.46 in chips) 
Seat 3: ryo-12369874 ($10 in chips) 
Seat 4: nitzed12 ($10 in chips) 
Seat 5: HubertusB ($7.70 in chips) 
Seat 6: depotapo ($12.19 in chips) 
atekatrina: posts small blind $0.05
ryo-12369874: posts big blind $0.10
*** HOLE CARDS ***
Dealt to HubertusB [8d 3s]
nitzed12: calls $0.10
HubertusB: folds 
depotapo: raises $0.15 to $0.25
Arschibalt: calls $0.25
atekatrina: folds 
ryo-12369874: folds 
nitzed12: raises $0.95 to $1.20
depotapo: folds 
Arschibalt: calls $0.95
*** FLOP *** [3h 5h 4s]
nitzed12: bets $0.67
Arschibalt: calls $0.67
*** TURN *** [3h 5h 4s] [Ks]
nitzed12: bets $5.06
Arschibalt: calls $3.11 and is all-in
Uncalled bet ($1.95) returned to nitzed12
*** RIVER *** [3h 5h 4s Ks] [Ts]
*** SHOW DOWN ***
nitzed12: shows [6s 5s] (a flush, King high)
Arschibalt: shows [8h 8s] (a pair of Eights)
nitzed12 collected $9.89 from pot
*** SUMMARY ***
Total pot $10.36 | Rake $0.47 
Board [3h 5h 4s Ks Ts]
Seat 1: Arschibalt (button) showed [8h 8s] and lost with a pair of Eights
Seat 2: atekatrina (small blind) folded before Flop
Seat 3: ryo-12369874 (big blind) folded before Flop
Seat 4: nitzed12 showed [6s 5s] and won ($9.89) with a flush, King high
Seat 5: HubertusB folded before Flop (didn't bet)
Seat 6: depotapo folded before Flop



PokerStars Zoom Hand #186005377992:  Hold'em No Limit ($0.05/$0.10) - 2018/05/04 21:31:36 CCT [2018/05/04 9:31:36 ET]
Table 'Aludra' 6-max Seat #1 is the button
Seat 1: Yilisha ($27.63 in chips) 
Seat 2: HubertusB ($7.65 in chips) 
Seat 3: sevenovici ($8.45 in chips) 
Seat 4: Marlboro561 ($10.55 in chips) 
Seat 5: Rubbernicks ($19.25 in chips) 
Seat 6: Kruutial ($26.85 in chips) 
HubertusB: posts small blind $0.05
sevenovici: posts big blind $0.10
*** HOLE CARDS ***
Dealt to HubertusB [Ad Qs]
Marlboro561: raises $0.20 to $0.30
Rubbernicks: folds 
Kruutial: folds 
Yilisha: folds 
HubertusB: calls $0.25
sevenovici: folds 
*** FLOP *** [6d 4c 9s]
HubertusB: checks 
Marlboro561: checks 
*** TURN *** [6d 4c 9s] [7h]
HubertusB: bets $0.40
Marlboro561: calls $0.40
*** RIVER *** [6d 4c 9s 7h] [Th]
HubertusB: bets $1
Marlboro561: raises $2 to $3
HubertusB: folds 
Uncalled bet ($2) returned to Marlboro561
Marlboro561 collected $3.34 from pot
Marlboro561: doesn't show hand 
*** SUMMARY ***
Total pot $3.50 | Rake $0.16 
Board [6d 4c 9s 7h Th]
Seat 1: Yilisha (button) folded before Flop (didn't bet)
Seat 2: HubertusB (small blind) folded on the River
Seat 3: sevenovici (big blind) folded before Flop
Seat 4: Marlboro561 collected ($3.34)
Seat 5: Rubbernicks folded before Flop (didn't bet)
Seat 6: Kruutial folded before Flop (didn't bet)



PokerStars Zoom Hand #186005403943:  Hold'em No Limit ($0.05/$0.10) - 2018/05/04 21:32:30 CCT [2018/05/04 9:32:30 ET]
Table 'Aludra' 6-max Seat #1 is the button
Seat 1: OPTEKC ($3.45 in chips) 
Seat 2: speedzg ($12.15 in chips) 
Seat 3: mordwin03 ($10 in chips) 
Seat 4: HubertusB ($5.95 in chips) 
Seat 5: AVRD ($10.95 in chips) 
Seat 6: johancrypton ($9.30 in chips) 
speedzg: posts small blind $0.05
mordwin03: posts big blind $0.10
*** HOLE CARDS ***
Dealt to HubertusB [Qh 7s]
HubertusB: folds 
AVRD: folds 
johancrypton: folds 
OPTEKC: folds 
speedzg: folds 
Uncalled bet ($0.05) returned to mordwin03
mordwin03 collected $0.10 from pot
mordwin03: doesn't show hand 
*** SUMMARY ***
Total pot $0.10 | Rake $0 
Seat 1: OPTEKC (button) folded before Flop (didn't bet)
Seat 2: speedzg (small blind) folded before Flop
Seat 3: mordwin03 (big blind) collected ($0.10)
Seat 4: HubertusB folded before Flop (didn't bet)
Seat 5: AVRD folded before Flop (didn't bet)
Seat 6: johancrypton folded before Flop (didn't bet)



PokerStars Zoom Hand #186005406910:  Hold'em No Limit ($0.05/$0.10) - 2018/05/04 21:32:36 CCT [2018/05/04 9:32:36 ET]
Table 'Aludra' 6-max Seat #1 is the button
Seat 1: SLAYERRRR666 ($14.63 in chips) 
Seat 2: botano ($3.54 in chips) 
Seat 3: HubertusB ($5.95 in chips) 
Seat 4: Vamu The Great ($25.85 in chips) 
Seat 5: xafaki13 ($10.05 in chips) 
Seat 6: gcards91 ($10.37 in chips) 
botano: posts small blind $0.05
HubertusB: posts big blind $0.10
*** HOLE CARDS ***
Dealt to HubertusB [3h 8s]
Vamu The Great: raises $0.15 to $0.25
xafaki13: folds 
gcards91: folds 
SLAYERRRR666: calls $0.25
botano: folds 
HubertusB: folds 
*** FLOP *** [Jc 7d Jd]
Vamu The Great: checks 
SLAYERRRR666: checks 
*** TURN *** [Jc 7d Jd] [5s]
Vamu The Great: bets $0.40
SLAYERRRR666: folds 
Uncalled bet ($0.40) returned to Vamu The Great
Vamu The Great collected $0.62 from pot
Vamu The Great: doesn't show hand 
*** SUMMARY ***
Total pot $0.65 | Rake $0.03 
Board [Jc 7d Jd 5s]
Seat 1: SLAYERRRR666 (button) folded on the Turn
Seat 2: botano (small blind) folded before Flop
Seat 3: HubertusB (big blind) folded before Flop
Seat 4: Vamu The Great collected ($0.62)
Seat 5: xafaki13 folded before Flop (didn't bet)
Seat 6: gcards91 folded before Flop (didn't bet)



PokerStars Zoom Hand #186005409247:  Hold'em No Limit ($0.05/$0.10) - 2018/05/04 21:32:41 CCT [2018/05/04 9:32:41 ET]
Table 'Aludra' 6-max Seat #1 is the button
Seat 1: HubertusB ($5.85 in chips) 
Seat 2: pado2507 ($9.21 in chips) 
Seat 3: MiHCeLL ($3.93 in chips) 
Seat 4: rolling81 ($35.45 in chips) 
Seat 5: tosia69 ($10.57 in chips) 
Seat 6: Kinderrr1322 ($13.55 in chips) 
pado2507: posts small blind $0.05
MiHCeLL: posts big blind $0.10
*** HOLE CARDS ***
Dealt to HubertusB [Ad 9h]
rolling81: folds 
tosia69: raises $0.15 to $0.25
Kinderrr1322: folds 
HubertusB: raises $0.45 to $0.70
pado2507: folds 
MiHCeLL: folds 
tosia69: raises $9.87 to $10.57 and is all-in
HubertusB: folds 
Uncalled bet ($9.87) returned to tosia69
tosia69 collected $1.55 from pot
tosia69: doesn't show hand 
*** SUMMARY ***
Total pot $1.55 | Rake $0 
Seat 1: HubertusB (button) folded before Flop
Seat 2: pado2507 (small blind) folded before Flop
Seat 3: MiHCeLL (big blind) folded before Flop
Seat 4: rolling81 folded before Flop (didn't bet)
Seat 5: tosia69 collected ($1.55)
Seat 6: Kinderrr1322 folded before Flop (didn't bet)



PokerStars Zoom Hand #186005425230:  Hold'em No Limit ($0.05/$0.10) - 2018/05/04 21:33:14 CCT [2018/05/04 9:33:14 ET]
Table 'Aludra' 6-max Seat #1 is the button
Seat 1: MaNok23 ($20.36 in chips) 
Seat 2: CasinoCassia ($11.89 in chips) 
Seat 3: BYDallas ($9.85 in chips) 
Seat 4: HubertusB ($5.15 in chips) 
Seat 5: Vasily75 ($14.82 in chips) 
Seat 6: InsaneCJRV ($10.32 in chips) 
CasinoCassia: posts small blind $0.05
BYDallas: posts big blind $0.10
*** HOLE CARDS ***
Dealt to HubertusB [7d 9s]
HubertusB: folds 
Vasily75: folds 
InsaneCJRV: folds 
MaNok23: folds 
CasinoCassia: folds 
Uncalled bet ($0.05) returned to BYDallas
BYDallas collected $0.10 from pot
BYDallas: doesn't show hand 
*** SUMMARY ***
Total pot $0.10 | Rake $0 
Seat 1: MaNok23 (button) folded before Flop (didn't bet)
Seat 2: CasinoCassia (small blind) folded before Flop
Seat 3: BYDallas (big blind) collected ($0.10)
Seat 4: HubertusB folded before Flop (didn't bet)
Seat 5: Vasily75 folded before Flop (didn't bet)
Seat 6: InsaneCJRV folded before Flop (didn't bet)



PokerStars Zoom Hand #186005427616:  Hold'em No Limit ($0.05/$0.10) - 2018/05/04 21:33:19 CCT [2018/05/04 9:33:19 ET]
Table 'Aludra' 6-max Seat #1 is the button
Seat 1: Duck26ru ($17.30 in chips) 
Seat 2: Mette272 ($24.63 in chips) 
Seat 3: myself10 ($10.59 in chips) 
Seat 4: b00ger999 ($10.38 in chips) 
Seat 5: HubertusB ($5.15 in chips) 
Seat 6: MrOT1 ($11.04 in chips) 
Mette272: posts small blind $0.05
myself10: posts big blind $0.10
*** HOLE CARDS ***
Dealt to HubertusB [Kc 2s]
b00ger999: folds 
HubertusB: folds 
MrOT1: raises $0.15 to $0.25
Duck26ru: folds 
Mette272: folds 
myself10: folds 
Uncalled bet ($0.15) returned to MrOT1
MrOT1 collected $0.25 from pot
MrOT1: doesn't show hand 
*** SUMMARY ***
Total pot $0.25 | Rake $0 
Seat 1: Duck26ru (button) folded before Flop (didn't bet)
Seat 2: Mette272 (small blind) folded before Flop
Seat 3: myself10 (big blind) folded before Flop
Seat 4: b00ger999 folded before Flop (didn't bet)
Seat 5: HubertusB folded before Flop (didn't bet)
Seat 6: MrOT1 collected ($0.25)



PokerStars Zoom Hand #186005430994:  Hold'em No Limit ($0.05/$0.10) - 2018/05/04 21:33:26 CCT [2018/05/04 9:33:26 ET]
Table 'Aludra' 6-max Seat #1 is the button
Seat 1: OIegan™ ($15.02 in chips) 
Seat 2: kunkurush ($7.44 in chips) 
Seat 3: HubertusB ($5.15 in chips) 
Seat 4: 19EL_Tito81 ($15.65 in chips) 
Seat 5: CoconutGuy13 ($16.37 in chips) 
Seat 6: bakygan ($3.46 in chips) 
kunkurush: posts small blind $0.05
HubertusB: posts big blind $0.10
*** HOLE CARDS ***
Dealt to HubertusB [4c Qs]
19EL_Tito81: folds 
CoconutGuy13: folds 
bakygan: raises $0.25 to $0.35
OIegan™: folds 
kunkurush: calls $0.30
HubertusB: folds 
*** FLOP *** [Qh Ks 4d]
kunkurush: bets $0.76
bakygan: folds 
Uncalled bet ($0.76) returned to kunkurush
kunkurush collected $0.76 from pot
kunkurush: doesn't show hand 
*** SUMMARY ***
Total pot $0.80 | Rake $0.04 
Board [Qh Ks 4d]
Seat 1: OIegan™ (button) folded before Flop (didn't bet)
Seat 2: kunkurush (small blind) collected ($0.76)
Seat 3: HubertusB (big blind) folded before Flop
Seat 4: 19EL_Tito81 folded before Flop (didn't bet)
Seat 5: CoconutGuy13 folded before Flop (didn't bet)
Seat 6: bakygan folded on the Flop



PokerStars Zoom Hand #186005439824:  Hold'em No Limit ($0.05/$0.10) - 2018/05/04 21:33:44 CCT [2018/05/04 9:33:44 ET]
Table 'Aludra' 6-max Seat #1 is the button
Seat 1: HubertusB ($5 in chips) 
Seat 2: SLAYERRRR666 ($23.38 in chips) 
Seat 3: Kinderrr1322 ($13.55 in chips) 
Seat 4: Okkultist1888 ($10.05 in chips) 
Seat 5: Zio000 ($10.07 in chips) 
Seat 6: Draugsvoll ($10.15 in chips) 
SLAYERRRR666: posts small blind $0.05
Kinderrr1322: posts big blind $0.10
*** HOLE CARDS ***
Dealt to HubertusB [5d 2c]
Okkultist1888: folds 
Zio000: folds 
Draugsvoll: folds 
HubertusB: folds 
SLAYERRRR666: raises $0.20 to $0.30
Kinderrr1322: folds 
Uncalled bet ($0.20) returned to SLAYERRRR666
SLAYERRRR666 collected $0.20 from pot
SLAYERRRR666: doesn't show hand 
*** SUMMARY ***
Total pot $0.20 | Rake $0 
Seat 1: HubertusB (button) folded before Flop (didn't bet)
Seat 2: SLAYERRRR666 (small blind) collected ($0.20)
Seat 3: Kinderrr1322 (big blind) folded before Flop
Seat 4: Okkultist1888 folded before Flop (didn't bet)
Seat 5: Zio000 folded before Flop (didn't bet)
Seat 6: Draugsvoll folded before Flop (didn't bet)



PokerStars Zoom Hand #186005444694:  Hold'em No Limit ($0.05/$0.10) - 2018/05/04 21:33:54 CCT [2018/05/04 9:33:54 ET]
Table 'Aludra' 6-max Seat #1 is the button
Seat 1: justMaestro ($12.26 in chips) 
Seat 2: BYLEE8 ($15.08 in chips) 
Seat 3: sumichon0917 ($16.58 in chips) 
Seat 4: smet181 ($8.38 in chips) 
Seat 5: sm404 ($10.32 in chips) 
Seat 6: HubertusB ($5 in chips) 
BYLEE8: posts small blind $0.05
sumichon0917: posts big blind $0.10
*** HOLE CARDS ***
Dealt to HubertusB [4h 6h]
smet181: raises $0.10 to $0.20
sm404: folds 
HubertusB: folds 
justMaestro: folds 
BYLEE8: folds 
sumichon0917: folds 
Uncalled bet ($0.10) returned to smet181
smet181 collected $0.25 from pot
smet181: doesn't show hand 
*** SUMMARY ***
Total pot $0.25 | Rake $0 
Seat 1: justMaestro (button) folded before Flop (didn't bet)
Seat 2: BYLEE8 (small blind) folded before Flop
Seat 3: sumichon0917 (big blind) folded before Flop
Seat 4: smet181 collected ($0.25)
Seat 5: sm404 folded before Flop (didn't bet)
Seat 6: HubertusB folded before Flop (didn't bet)



PokerStars Zoom Hand #186005434447:  Hold'em No Limit ($0.05/$0.10) - 2018/05/04 21:33:33 CCT [2018/05/04 9:33:33 ET]
Table 'Aludra' 6-max Seat #1 is the button
Seat 1: AHTuKuJIJIEP ($9.47 in chips) 
Seat 2: Pl4me7 ($10 in chips) 
Seat 3: kawase1 ($13.24 in chips) 
Seat 4: 4r4chn1d ($12.83 in chips) 
Seat 5: Arun1108 ($38.08 in chips) 
Seat 6: HubertusB ($5.05 in chips) 
Pl4me7: posts small blind $0.05
kawase1: posts big blind $0.10
*** HOLE CARDS ***
Dealt to HubertusB [6s 4h]
4r4chn1d: raises $0.20 to $0.30
Arun1108: folds 
HubertusB: folds 
AHTuKuJIJIEP: folds 
Pl4me7: folds 
kawase1: calls $0.20
*** FLOP *** [Jh 8s 9d]
kawase1: checks 
4r4chn1d: bets $0.30
kawase1: calls $0.30
*** TURN *** [Jh 8s 9d] [Ah]
kawase1: checks 
4r4chn1d: checks 
*** RIVER *** [Jh 8s 9d Ah] [Ad]
kawase1: checks 
4r4chn1d: checks 
*** SHOW DOWN ***
kawase1: shows [Jd Kd] (two pair, Aces and Jacks)
4r4chn1d: mucks hand 
kawase1 collected $1.19 from pot
*** SUMMARY ***
Total pot $1.25 | Rake $0.06 
Board [Jh 8s 9d Ah Ad]
Seat 1: AHTuKuJIJIEP (button) folded before Flop (didn't bet)
Seat 2: Pl4me7 (small blind) folded before Flop
Seat 3: kawase1 (big blind) showed [Jd Kd] and won ($1.19) with two pair, Aces and Jacks
Seat 4: 4r4chn1d mucked [9s Js]
Seat 5: Arun1108 folded before Flop (didn't bet)
Seat 6: HubertusB folded before Flop (didn't bet)



PokerStars Zoom Hand #186005448148:  Hold'em No Limit ($0.05/$0.10) - 2018/05/04 21:34:01 CCT [2018/05/04 9:34:01 ET]
Table 'Aludra' 6-max Seat #1 is the button
Seat 1: tasty25 ($22.48 in chips) 
Seat 2: pompom333 ($8.06 in chips) 
Seat 3: HubertusB ($5 in chips) 
Seat 4: gcards91 ($10.22 in chips) 
Seat 5: 19EL_Tito81 ($27.24 in chips) 
Seat 6: speedzg ($10 in chips) 
pompom333: posts small blind $0.05
HubertusB: posts big blind $0.10
*** HOLE CARDS ***
Dealt to HubertusB [3s 2h]
gcards91: folds 
19EL_Tito81: folds 
speedzg: raises $0.15 to $0.25
tasty25: raises $0.55 to $0.80
pompom333: folds 
HubertusB: folds 
speedzg: folds 
Uncalled bet ($0.55) returned to tasty25
tasty25 collected $0.65 from pot
tasty25: doesn't show hand 
*** SUMMARY ***
Total pot $0.65 | Rake $0 
Seat 1: tasty25 (button) collected ($0.65)
Seat 2: pompom333 (small blind) folded before Flop
Seat 3: HubertusB (big blind) folded before Flop
Seat 4: gcards91 folded before Flop (didn't bet)
Seat 5: 19EL_Tito81 folded before Flop (didn't bet)
Seat 6: speedzg folded before Flop



PokerStars Zoom Hand #186005451969:  Hold'em No Limit ($0.05/$0.10) - 2018/05/04 21:34:09 CCT [2018/05/04 9:34:09 ET]
Table 'Aludra' 6-max Seat #1 is the button
Seat 1: myself10 ($14.21 in chips) 
Seat 2: aivojuht ($49.38 in chips) 
Seat 3: Brammer73 ($10.61 in chips) 
Seat 4: HubertusB ($4.90 in chips) 
Seat 5: DudinAndrey ($24.94 in chips) 
Seat 6: kawase1 ($10.49 in chips) 
aivojuht: posts small blind $0.05
Brammer73: posts big blind $0.10
*** HOLE CARDS ***
Dealt to HubertusB [8c 4h]
HubertusB: folds 
DudinAndrey: folds 
kawase1: folds 
myself10: folds 
aivojuht: folds 
Uncalled bet ($0.05) returned to Brammer73
Brammer73 collected $0.10 from pot
Brammer73: doesn't show hand 
*** SUMMARY ***
Total pot $0.10 | Rake $0 
Seat 1: myself10 (button) folded before Flop (didn't bet)
Seat 2: aivojuht (small blind) folded before Flop
Seat 3: Brammer73 (big blind) collected ($0.10)
Seat 4: HubertusB folded before Flop (didn't bet)
Seat 5: DudinAndrey folded before Flop (didn't bet)
Seat 6: kawase1 folded before Flop (didn't bet)



PokerStars Zoom Hand #186005442307:  Hold'em No Limit ($0.05/$0.10) - 2018/05/04 21:33:49 CCT [2018/05/04 9:33:49 ET]
Table 'Aludra' 6-max Seat #1 is the button
Seat 1: gcards91 ($10.22 in chips) 
Seat 2: sevenovici ($8.95 in chips) 
Seat 3: jensi3105 ($10.68 in chips) 
Seat 4: HubertusB ($5 in chips) 
Seat 5: 187zz ($3.69 in chips) 
Seat 6: mordwin03 ($10 in chips) 
sevenovici: posts small blind $0.05
jensi3105: posts big blind $0.10
*** HOLE CARDS ***
Dealt to HubertusB [3d 6d]
HubertusB: folds 
187zz: calls $0.10
mordwin03: folds 
gcards91: folds 
sevenovici: folds 
jensi3105: checks 
*** FLOP *** [Tc Kh 4d]
jensi3105: checks 
187zz: checks 
*** TURN *** [Tc Kh 4d] [7h]
jensi3105: bets $0.24
187zz: calls $0.24
*** RIVER *** [Tc Kh 4d 7h] [4s]
jensi3105: bets $0.70
187zz: calls $0.70
*** SHOW DOWN ***
jensi3105: shows [Kd Qs] (two pair, Kings and Fours)
187zz: shows [7d 9c] (two pair, Sevens and Fours)
jensi3105 collected $2.03 from pot
*** SUMMARY ***
Total pot $2.13 | Rake $0.10 
Board [Tc Kh 4d 7h 4s]
Seat 1: gcards91 (button) folded before Flop (didn't bet)
Seat 2: sevenovici (small blind) folded before Flop
Seat 3: jensi3105 (big blind) showed [Kd Qs] and won ($2.03) with two pair, Kings and Fours
Seat 4: HubertusB folded before Flop (didn't bet)
Seat 5: 187zz showed [7d 9c] and lost with two pair, Sevens and Fours
Seat 6: mordwin03 folded before Flop (didn't bet)



PokerStars Zoom Hand #186005457381:  Hold'em No Limit ($0.05/$0.10) - 2018/05/04 21:34:20 CCT [2018/05/04 9:34:20 ET]
Table 'Aludra' 6-max Seat #1 is the button
Seat 1: daisuke0928 ($9.42 in chips) 
Seat 2: Brammer73 ($10.66 in chips) 
Seat 3: fkota ($12.58 in chips) 
Seat 4: tasty25 ($20.58 in chips) 
Seat 5: HubertusB ($4.85 in chips) 
Seat 6: CoconutGuy13 ($10 in chips) 
Brammer73: posts small blind $0.05
fkota: posts big blind $0.10
*** HOLE CARDS ***
Dealt to HubertusB [5d 6d]
tasty25: raises $0.20 to $0.30
HubertusB: folds 
CoconutGuy13: folds 
daisuke0928: folds 
Brammer73: folds 
fkota: folds 
Uncalled bet ($0.20) returned to tasty25
tasty25 collected $0.25 from pot
tasty25: doesn't show hand 
*** SUMMARY ***
Total pot $0.25 | Rake $0 
Seat 1: daisuke0928 (button) folded before Flop (didn't bet)
Seat 2: Brammer73 (small blind) folded before Flop
Seat 3: fkota (big blind) folded before Flop
Seat 4: tasty25 collected ($0.25)
Seat 5: HubertusB folded before Flop (didn't bet)
Seat 6: CoconutGuy13 folded before Flop (didn't bet)



PokerStars Zoom Hand #186005463133:  Hold'em No Limit ($0.05/$0.10) - 2018/05/04 21:34:32 CCT [2018/05/04 9:34:32 ET]
Table 'Aludra' 6-max Seat #1 is the button
Seat 1: justMaestro ($10 in chips) 
Seat 2: HubertusB ($4.85 in chips) 
Seat 3: Bushido32 ($10.53 in chips) 
Seat 4: doriplayer ($10.25 in chips) 
Seat 5: Kinderrr1322 ($10.30 in chips) 
Seat 6: Fearless949 ($10.44 in chips) 
HubertusB: posts small blind $0.05
Bushido32: posts big blind $0.10
*** HOLE CARDS ***
Dealt to HubertusB [7h 4c]
doriplayer: folds 
Kinderrr1322: raises $0.20 to $0.30
Fearless949: folds 
justMaestro: folds 
HubertusB: folds 
Bushido32: folds 
Uncalled bet ($0.20) returned to Kinderrr1322
Kinderrr1322 collected $0.25 from pot
Kinderrr1322: doesn't show hand 
*** SUMMARY ***
Total pot $0.25 | Rake $0 
Seat 1: justMaestro (button) folded before Flop (didn't bet)
Seat 2: HubertusB (small blind) folded before Flop
Seat 3: Bushido32 (big blind) folded before Flop
Seat 4: doriplayer folded before Flop (didn't bet)
Seat 5: Kinderrr1322 collected ($0.25)
Seat 6: Fearless949 folded before Flop (didn't bet)



PokerStars Zoom Hand #186005454908:  Hold'em No Limit ($0.05/$0.10) - 2018/05/04 21:34:15 CCT [2018/05/04 9:34:15 ET]
Table 'Aludra' 6-max Seat #1 is the button
Seat 1: SLAYERRRR666 ($9.50 in chips) 
Seat 2: HubertusB ($4.90 in chips) 
Seat 3: kawase1 ($18.34 in chips) 
Seat 4: bassdewd ($13.20 in chips) 
Seat 5: MrOT1 ($11.49 in chips) 
Seat 6: rottermont26T ($8.22 in chips) 
HubertusB: posts small blind $0.05
kawase1: posts big blind $0.10
*** HOLE CARDS ***
Dealt to HubertusB [7c 4s]
bassdewd: folds 
MrOT1: raises $0.20 to $0.30
rottermont26T: calls $0.30
SLAYERRRR666: folds 
HubertusB: folds 
kawase1: folds 
*** FLOP *** [2s 8d 5c]
MrOT1: checks 
rottermont26T: bets $0.72
MrOT1: folds 
Uncalled bet ($0.72) returned to rottermont26T
rottermont26T collected $0.72 from pot
rottermont26T: doesn't show hand 
*** SUMMARY ***
Total pot $0.75 | Rake $0.03 
Board [2s 8d 5c]
Seat 1: SLAYERRRR666 (button) folded before Flop (didn't bet)
Seat 2: HubertusB (small blind) folded before Flop
Seat 3: kawase1 (big blind) folded before Flop
Seat 4: bassdewd folded before Flop (didn't bet)
Seat 5: MrOT1 folded on the Flop
Seat 6: rottermont26T collected ($0.72)



PokerStars Zoom Hand #186005436878:  Hold'em No Limit ($0.05/$0.10) - 2018/05/04 21:33:38 CCT [2018/05/04 9:33:38 ET]
Table 'Aludra' 6-max Seat #1 is the button
Seat 1: $wanswan ($19.63 in chips) 
Seat 2: HubertusB ($5.05 in chips) 
Seat 3: rufromua ($5 in chips) 
Seat 4: MrOT1 ($14.11 in chips) 
Seat 5: OIegan™ ($15.02 in chips) 
Seat 6: novyan87 ($49.86 in chips) 
HubertusB: posts small blind $0.05
rufromua: posts big blind $0.10
*** HOLE CARDS ***
Dealt to HubertusB [5d 2h]
MrOT1: raises $0.20 to $0.30
OIegan™: folds 
novyan87: raises $0.75 to $1.05
$wanswan: folds 
HubertusB: folds 
rufromua: folds 
MrOT1: calls $0.75
*** FLOP *** [9s 6h Jh]
MrOT1: checks 
novyan87: checks 
*** TURN *** [9s 6h Jh] [8h]
MrOT1: bets $1.05
novyan87: calls $1.05
*** RIVER *** [9s 6h Jh 8h] [8d]
MrOT1: checks 
novyan87: bets $1.50
MrOT1: calls $1.50
*** SHOW DOWN ***
novyan87: shows [Jc Jd] (a full house, Jacks full of Eights)
MrOT1: mucks hand 
novyan87 collected $7.02 from pot
*** SUMMARY ***
Total pot $7.35 | Rake $0.33 
Board [9s 6h Jh 8h 8d]
Seat 1: $wanswan (button) folded before Flop (didn't bet)
Seat 2: HubertusB (small blind) folded before Flop
Seat 3: rufromua (big blind) folded before Flop
Seat 4: MrOT1 mucked [Kh Kc]
Seat 5: OIegan™ folded before Flop (didn't bet)
Seat 6: novyan87 showed [Jc Jd] and won ($7.02) with a full house, Jacks full of Eights



PokerStars Zoom Hand #186005460754:  Hold'em No Limit ($0.05/$0.10) - 2018/05/04 21:34:27 CCT [2018/05/04 9:34:27 ET]
Table 'Aludra' 6-max Seat #1 is the button
Seat 1: zdaz1 ($26.57 in chips) 
Seat 2: -PÁVEL- ($11.32 in chips) 
Seat 3: BYDallas ($11.62 in chips) 
Seat 4: HubertusB ($4.85 in chips) 
Seat 5: Akmz ($25.16 in chips) 
Seat 6: tasty25 ($22.93 in chips) 
-PÁVEL-: posts small blind $0.05
BYDallas: posts big blind $0.10
*** HOLE CARDS ***
Dealt to HubertusB [6c 5s]
HubertusB: folds 
Akmz: folds 
tasty25: raises $0.20 to $0.30
zdaz1: folds 
-PÁVEL-: folds 
BYDallas: raises $0.65 to $0.95
tasty25: calls $0.65
*** FLOP *** [7d 3s 4d]
BYDallas: bets $0.93
tasty25: calls $0.93
*** TURN *** [7d 3s 4d] [9c]
BYDallas: bets $1.82
tasty25: folds 
Uncalled bet ($1.82) returned to BYDallas
BYDallas collected $3.64 from pot
BYDallas: doesn't show hand 
*** SUMMARY ***
Total pot $3.81 | Rake $0.17 
Board [7d 3s 4d 9c]
Seat 1: zdaz1 (button) folded before Flop (didn't bet)
Seat 2: -PÁVEL- (small blind) folded before Flop
Seat 3: BYDallas (big blind) collected ($3.64)
Seat 4: HubertusB folded before Flop (didn't bet)
Seat 5: Akmz folded before Flop (didn't bet)
Seat 6: tasty25 folded on the Turn



PokerStars Zoom Hand #186005465642:  Hold'em No Limit ($0.05/$0.10) - 2018/05/04 21:34:37 CCT [2018/05/04 9:34:37 ET]
Table 'Aludra' 6-max Seat #1 is the button
Seat 1: HubertusB ($4.80 in chips) 
Seat 2: Velliton87 ($10.15 in chips) 
Seat 3: oldfish347 ($10.68 in chips) 
Seat 4: xafaki13 ($10 in chips) 
Seat 5: aivojuht ($49.48 in chips) 
Seat 6: Kruutial ($13.52 in chips) 
Velliton87: posts small blind $0.05
oldfish347: posts big blind $0.10
*** HOLE CARDS ***
Dealt to HubertusB [5s 4d]
xafaki13: folds 
aivojuht: folds 
Kruutial: folds 
HubertusB: raises $0.10 to $0.20
Velliton87: calls $0.15
oldfish347: folds 
*** FLOP *** [Th 8c 3h]
Velliton87: checks 
HubertusB: bets $0.30
Velliton87: raises $0.92 to $1.22
HubertusB: folds 
Uncalled bet ($0.92) returned to Velliton87
Velliton87 collected $1.05 from pot
Velliton87: doesn't show hand 
*** SUMMARY ***
Total pot $1.10 | Rake $0.05 
Board [Th 8c 3h]
Seat 1: HubertusB (button) folded on the Flop
Seat 2: Velliton87 (small blind) collected ($1.05)
Seat 3: oldfish347 (big blind) folded before Flop
Seat 4: xafaki13 folded before Flop (didn't bet)
Seat 5: aivojuht folded before Flop (didn't bet)
Seat 6: Kruutial folded before Flop (didn't bet)



PokerStars Zoom Hand #186005479474:  Hold'em No Limit ($0.05/$0.10) - 2018/05/04 21:35:06 CCT [2018/05/04 9:35:06 ET]
Table 'Aludra' 6-max Seat #1 is the button
Seat 1: tosia69 ($11.52 in chips) 
Seat 2: myself10 ($14.06 in chips) 
Seat 3: HubertusB ($4.30 in chips) 
Seat 4: tasty25 ($21.05 in chips) 
Seat 5: Arun1108 ($37.63 in chips) 
Seat 6: Akmz ($25.01 in chips) 
myself10: posts small blind $0.05
HubertusB: posts big blind $0.10
*** HOLE CARDS ***
Dealt to HubertusB [4d Kh]
tasty25: folds 
Arun1108: folds 
Akmz: folds 
tosia69: folds 
myself10: raises $0.20 to $0.30
HubertusB: folds 
Uncalled bet ($0.20) returned to myself10
myself10 collected $0.20 from pot
myself10: doesn't show hand 
*** SUMMARY ***
Total pot $0.20 | Rake $0 
Seat 1: tosia69 (button) folded before Flop (didn't bet)
Seat 2: myself10 (small blind) collected ($0.20)
Seat 3: HubertusB (big blind) folded before Flop
Seat 4: tasty25 folded before Flop (didn't bet)
Seat 5: Arun1108 folded before Flop (didn't bet)
Seat 6: Akmz folded before Flop (didn't bet)



PokerStars Zoom Hand #186005484076:  Hold'em No Limit ($0.05/$0.10) - 2018/05/04 21:35:16 CCT [2018/05/04 9:35:16 ET]
Table 'Aludra' 6-max Seat #1 is the button
Seat 1: Bur1k ($11.65 in chips) 
Seat 2: TsitukDR ($11.06 in chips) 
Seat 3: justMaestro ($10 in chips) 
Seat 4: Kruutial ($13.37 in chips) 
Seat 5: gcards91 ($42.13 in chips) 
Seat 6: HubertusB ($4.20 in chips) 
TsitukDR: posts small blind $0.05
justMaestro: posts big blind $0.10
*** HOLE CARDS ***
Dealt to HubertusB [Js 2c]
Kruutial: folds 
gcards91: folds 
HubertusB: folds 
Bur1k: folds 
TsitukDR: folds 
Uncalled bet ($0.05) returned to justMaestro
justMaestro collected $0.10 from pot
justMaestro: doesn't show hand 
*** SUMMARY ***
Total pot $0.10 | Rake $0 
Seat 1: Bur1k (button) folded before Flop (didn't bet)
Seat 2: TsitukDR (small blind) folded before Flop
Seat 3: justMaestro (big blind) collected ($0.10)
Seat 4: Kruutial folded before Flop (didn't bet)
Seat 5: gcards91 folded before Flop (didn't bet)
Seat 6: HubertusB folded before Flop (didn't bet)



PokerStars Zoom Hand #186005488587:  Hold'em No Limit ($0.05/$0.10) - 2018/05/04 21:35:26 CCT [2018/05/04 9:35:26 ET]
Table 'Aludra' 6-max Seat #1 is the button
Seat 1: shedboy96 ($10.15 in chips) 
Seat 2: Draugsvoll ($10.33 in chips) 
Seat 3: pa3lon ($15.04 in chips) 
Seat 4: Velliton87 ($11.23 in chips) 
Seat 5: HubertusB ($4.20 in chips) 
Seat 6: speedzg ($12.46 in chips) 
Draugsvoll: posts small blind $0.05
pa3lon: posts big blind $0.10
*** HOLE CARDS ***
Dealt to HubertusB [9h Qc]
Velliton87: folds 
HubertusB: folds 
speedzg: raises $0.15 to $0.25
shedboy96: folds 
Draugsvoll: folds 
pa3lon: folds 
Uncalled bet ($0.15) returned to speedzg
speedzg collected $0.25 from pot
speedzg: doesn't show hand 
*** SUMMARY ***
Total pot $0.25 | Rake $0 
Seat 1: shedboy96 (button) folded before Flop (didn't bet)
Seat 2: Draugsvoll (small blind) folded before Flop
Seat 3: pa3lon (big blind) folded before Flop
Seat 4: Velliton87 folded before Flop (didn't bet)
Seat 5: HubertusB folded before Flop (didn't bet)
Seat 6: speedzg collected ($0.25)



PokerStars Zoom Hand #186005486335:  Hold'em No Limit ($0.05/$0.10) - 2018/05/04 21:35:21 CCT [2018/05/04 9:35:21 ET]
Table 'Aludra' 6-max Seat #1 is the button
Seat 1: HubertusB ($4.20 in chips) 
Seat 2: SLAYERRRR666 ($23.38 in chips) 
Seat 3: Dan1eInferno ($13.10 in chips) 
Seat 4: Kruutial ($26.10 in chips) 
Seat 5: Haaagen ($11.46 in chips) 
Seat 6: HERRFLICK2 ($5.46 in chips) 
SLAYERRRR666: posts small blind $0.05
Dan1eInferno: posts big blind $0.10
*** HOLE CARDS ***
Dealt to HubertusB [Kh 4d]
Kruutial: folds 
Haaagen: folds 
HERRFLICK2: raises $0.18 to $0.28
HubertusB: folds 
SLAYERRRR666: folds 
Dan1eInferno: folds 
Uncalled bet ($0.18) returned to HERRFLICK2
HERRFLICK2 collected $0.25 from pot
HERRFLICK2: doesn't show hand 
*** SUMMARY ***
Total pot $0.25 | Rake $0 
Seat 1: HubertusB (button) folded before Flop (didn't bet)
Seat 2: SLAYERRRR666 (small blind) folded before Flop
Seat 3: Dan1eInferno (big blind) folded before Flop
Seat 4: Kruutial folded before Flop (didn't bet)
Seat 5: Haaagen folded before Flop (didn't bet)
Seat 6: HERRFLICK2 collected ($0.25)



PokerStars Zoom Hand #186005490794:  Hold'em No Limit ($0.05/$0.10) - 2018/05/04 21:35:31 CCT [2018/05/04 9:35:31 ET]
Table 'Aludra' 6-max Seat #1 is the button
Seat 1: Jondays ($16.48 in chips) 
Seat 2: rolling81 ($12.34 in chips) 
Seat 3: bcmcn ($26.65 in chips) 
Seat 4: justMaestro ($10 in chips) 
Seat 5: CoconutGuy13 ($10 in chips) 
Seat 6: HubertusB ($4.20 in chips) 
rolling81: posts small blind $0.05
bcmcn: posts big blind $0.10
*** HOLE CARDS ***
Dealt to HubertusB [8c As]
justMaestro: folds 
CoconutGuy13: folds 
HubertusB: raises $0.10 to $0.20
Jondays: folds 
rolling81: folds 
bcmcn: calls $0.10
*** FLOP *** [4d 6s 5c]
bcmcn: checks 
HubertusB: bets $0.30
bcmcn: folds 
Uncalled bet ($0.30) returned to HubertusB
HubertusB collected $0.43 from pot
HubertusB: doesn't show hand 
*** SUMMARY ***
Total pot $0.45 | Rake $0.02 
Board [4d 6s 5c]
Seat 1: Jondays (button) folded before Flop (didn't bet)
Seat 2: rolling81 (small blind) folded before Flop
Seat 3: bcmcn (big blind) folded on the Flop
Seat 4: justMaestro folded before Flop (didn't bet)
Seat 5: CoconutGuy13 folded before Flop (didn't bet)
Seat 6: HubertusB collected ($0.43)



PokerStars Zoom Hand #186005504855:  Hold'em No Limit ($0.05/$0.10) - 2018/05/04 21:36:01 CCT [2018/05/04 9:36:01 ET]
Table 'Aludra' 6-max Seat #1 is the button
Seat 1: Pl4me7 ($10.67 in chips) 
Seat 2: rolling81 ($35.47 in chips) 
Seat 3: HubertusB ($4.43 in chips) 
Seat 4: KAKTYS1592 ($2.09 in chips) 
Seat 5: b00ff ($13.85 in chips) 
Seat 6: Brammer73 ($10.97 in chips) 
rolling81: posts small blind $0.05
HubertusB: posts big blind $0.10
*** HOLE CARDS ***
Dealt to HubertusB [Jd 9s]
KAKTYS1592: folds 
b00ff: folds 
Brammer73: folds 
Pl4me7: raises $0.10 to $0.20
rolling81: folds 
HubertusB: calls $0.10
*** FLOP *** [6c Td 4c]
HubertusB: checks 
Pl4me7: checks 
*** TURN *** [6c Td 4c] [5d]
HubertusB: bets $0.31
Pl4me7: folds 
Uncalled bet ($0.31) returned to HubertusB
HubertusB collected $0.43 from pot
HubertusB: doesn't show hand 
*** SUMMARY ***
Total pot $0.45 | Rake $0.02 
Board [6c Td 4c 5d]
Seat 1: Pl4me7 (button) folded on the Turn
Seat 2: rolling81 (small blind) folded before Flop
Seat 3: HubertusB (big blind) collected ($0.43)
Seat 4: KAKTYS1592 folded before Flop (didn't bet)
Seat 5: b00ff folded before Flop (didn't bet)
Seat 6: Brammer73 folded before Flop (didn't bet)



PokerStars Zoom Hand #186005519477:  Hold'em No Limit ($0.05/$0.10) - 2018/05/04 21:36:31 CCT [2018/05/04 9:36:31 ET]
Table 'Aludra' 6-max Seat #1 is the button
Seat 1: Akmz ($23.96 in chips) 
Seat 2: HubertusB ($4.66 in chips) 
Seat 3: rolling81 ($35.42 in chips) 
Seat 4: kranovoy22 ($10.15 in chips) 
Seat 5: Restorm1 ($11.02 in chips) 
Seat 6: Misif ($3.78 in chips) 
HubertusB: posts small blind $0.05
rolling81: posts big blind $0.10
*** HOLE CARDS ***
Dealt to HubertusB [2s 6s]
kranovoy22: folds 
Restorm1: folds 
Misif: folds 
Akmz: raises $0.15 to $0.25
HubertusB: folds 
rolling81: folds 
Uncalled bet ($0.15) returned to Akmz
Akmz collected $0.25 from pot
Akmz: doesn't show hand 
*** SUMMARY ***
Total pot $0.25 | Rake $0 
Seat 1: Akmz (button) collected ($0.25)
Seat 2: HubertusB (small blind) folded before Flop
Seat 3: rolling81 (big blind) folded before Flop
Seat 4: kranovoy22 folded before Flop (didn't bet)
Seat 5: Restorm1 folded before Flop (didn't bet)
Seat 6: Misif folded before Flop (didn't bet)



PokerStars Zoom Hand #186005516989:  Hold'em No Limit ($0.05/$0.10) - 2018/05/04 21:36:26 CCT [2018/05/04 9:36:26 ET]
Table 'Aludra' 6-max Seat #1 is the button
Seat 1: rolling81 ($35.42 in chips) 
Seat 2: Dan1eInferno ($11.32 in chips) 
Seat 3: Parjato ($15.94 in chips) 
Seat 4: Pl4me7 ($10.47 in chips) 
Seat 5: HubertusB ($4.66 in chips) 
Seat 6: Haaagen ($10.60 in chips) 
Dan1eInferno: posts small blind $0.05
Parjato: posts big blind $0.10
*** HOLE CARDS ***
Dealt to HubertusB [2c Qs]
Pl4me7: folds 
HubertusB: folds 
Haaagen: raises $0.20 to $0.30
rolling81: folds 
Dan1eInferno: folds 
Parjato: calls $0.20
*** FLOP *** [Qc 7c Qh]
Parjato: checks 
Haaagen: bets $0.44
Parjato: folds 
Uncalled bet ($0.44) returned to Haaagen
Haaagen collected $0.62 from pot
Haaagen: doesn't show hand 
*** SUMMARY ***
Total pot $0.65 | Rake $0.03 
Board [Qc 7c Qh]
Seat 1: rolling81 (button) folded before Flop (didn't bet)
Seat 2: Dan1eInferno (small blind) folded before Flop
Seat 3: Parjato (big blind) folded on the Flop
Seat 4: Pl4me7 folded before Flop (didn't bet)
Seat 5: HubertusB folded before Flop (didn't bet)
Seat 6: Haaagen collected ($0.62)



PokerStars Zoom Hand #186005521951:  Hold'em No Limit ($0.05/$0.10) - 2018/05/04 21:36:36 CCT [2018/05/04 9:36:36 ET]
Table 'Aludra' 6-max Seat #1 is the button
Seat 1: Misif ($3.78 in chips) 
Seat 2: emanonoto ($15.13 in chips) 
Seat 3: Vamu The Great ($10.95 in chips) 
Seat 4: Jondays ($16.18 in chips) 
Seat 5: LaR12342 ($7.28 in chips) 
Seat 6: HubertusB ($4.61 in chips) 
emanonoto: posts small blind $0.05
Vamu The Great: posts big blind $0.10
*** HOLE CARDS ***
Dealt to HubertusB [Ad 4h]
Jondays: folds 
LaR12342: folds 
HubertusB: raises $0.10 to $0.20
Misif: folds 
emanonoto: raises $0.40 to $0.60
Vamu The Great: folds 
HubertusB: folds 
Uncalled bet ($0.40) returned to emanonoto
emanonoto collected $0.50 from pot
emanonoto: doesn't show hand 
*** SUMMARY ***
Total pot $0.50 | Rake $0 
Seat 1: Misif (button) folded before Flop (didn't bet)
Seat 2: emanonoto (small blind) collected ($0.50)
Seat 3: Vamu The Great (big blind) folded before Flop
Seat 4: Jondays folded before Flop (didn't bet)
Seat 5: LaR12342 folded before Flop (didn't bet)
Seat 6: HubertusB folded before Flop



PokerStars Zoom Hand #186005534941:  Hold'em No Limit ($0.05/$0.10) - 2018/05/04 21:37:03 CCT [2018/05/04 9:37:03 ET]
Table 'Aludra' 6-max Seat #1 is the button
Seat 1: KomaR<C> ($10.24 in chips) 
Seat 2: chaskon ($11.21 in chips) 
Seat 3: HubertusB ($4.41 in chips) 
Seat 4: b00ff ($21.97 in chips) 
Seat 5: AHTuKuJIJIEP ($9.16 in chips) 
Seat 6: CoconutGuy13 ($11.61 in chips) 
chaskon: posts small blind $0.05
HubertusB: posts big blind $0.10
*** HOLE CARDS ***
Dealt to HubertusB [6s 8s]
b00ff: folds 
AHTuKuJIJIEP: folds 
CoconutGuy13: folds 
KomaR<C>: folds 
chaskon: folds 
Uncalled bet ($0.05) returned to HubertusB
HubertusB collected $0.10 from pot
HubertusB: doesn't show hand 
*** SUMMARY ***
Total pot $0.10 | Rake $0 
Seat 1: KomaR<C> (button) folded before Flop (didn't bet)
Seat 2: chaskon (small blind) folded before Flop
Seat 3: HubertusB (big blind) collected ($0.10)
Seat 4: b00ff folded before Flop (didn't bet)
Seat 5: AHTuKuJIJIEP folded before Flop (didn't bet)
Seat 6: CoconutGuy13 folded before Flop (didn't bet)



PokerStars Zoom Hand #186005530625:  Hold'em No Limit ($0.05/$0.10) - 2018/05/04 21:36:54 CCT [2018/05/04 9:36:54 ET]
Table 'Aludra' 6-max Seat #1 is the button
Seat 1: HubertusB ($4.41 in chips) 
Seat 2: Parjato ($18.60 in chips) 
Seat 3: 1hebetoraise ($32.34 in chips) 
Seat 4: S3marg1 ($10.36 in chips) 
Seat 5: Scotty20664 ($17.17 in chips) 
Seat 6: Jantho71 ($8.51 in chips) 
Parjato: posts small blind $0.05
1hebetoraise: posts big blind $0.10
*** HOLE CARDS ***
Dealt to HubertusB [9h Jd]
S3marg1: folds 
Scotty20664: folds 
Jantho71: raises $0.16 to $0.26
HubertusB: folds 
Parjato: folds 
1hebetoraise: calls $0.16
*** FLOP *** [9d Qd Ts]
1hebetoraise: checks 
Jantho71: checks 
*** TURN *** [9d Qd Ts] [Kh]
1hebetoraise: checks 
Jantho71: checks 
*** RIVER *** [9d Qd Ts Kh] [Qh]
1hebetoraise: checks 
Jantho71: bets $0.50
1hebetoraise: folds 
Uncalled bet ($0.50) returned to Jantho71
Jantho71 collected $0.54 from pot
Jantho71: doesn't show hand 
*** SUMMARY ***
Total pot $0.57 | Rake $0.03 
Board [9d Qd Ts Kh Qh]
Seat 1: HubertusB (button) folded before Flop (didn't bet)
Seat 2: Parjato (small blind) folded before Flop
Seat 3: 1hebetoraise (big blind) folded on the River
Seat 4: S3marg1 folded before Flop (didn't bet)
Seat 5: Scotty20664 folded before Flop (didn't bet)
Seat 6: Jantho71 collected ($0.54)



PokerStars Zoom Hand #186005541284:  Hold'em No Limit ($0.05/$0.10) - 2018/05/04 21:37:16 CCT [2018/05/04 9:37:16 ET]
Table 'Aludra' 6-max Seat #1 is the button
Seat 1: fede 7ñl ($11.92 in chips) 
Seat 2: HubertusB ($4.46 in chips) 
Seat 3: Brammer73 ($10.15 in chips) 
Seat 4: WhiteDAGLeki ($10.33 in chips) 
Seat 5: Jondays ($16.03 in chips) 
Seat 6: hercpik ($3.98 in chips) 
HubertusB: posts small blind $0.05
Brammer73: posts big blind $0.10
*** HOLE CARDS ***
Dealt to HubertusB [8d 9s]
WhiteDAGLeki: folds 
Jondays: folds 
hercpik: folds 
fede 7ñl: folds 
HubertusB: folds 
Uncalled bet ($0.05) returned to Brammer73
Brammer73 collected $0.10 from pot
Brammer73: doesn't show hand 
*** SUMMARY ***
Total pot $0.10 | Rake $0 
Seat 1: fede 7ñl (button) folded before Flop (didn't bet)
Seat 2: HubertusB (small blind) folded before Flop
Seat 3: Brammer73 (big blind) collected ($0.10)
Seat 4: WhiteDAGLeki folded before Flop (didn't bet)
Seat 5: Jondays folded before Flop (didn't bet)
Seat 6: hercpik folded before Flop (didn't bet)



PokerStars Zoom Hand #186005548426:  Hold'em No Limit ($0.05/$0.10) - 2018/05/04 21:37:31 CCT [2018/05/04 9:37:31 ET]
Table 'Aludra' 6-max Seat #1 is the button
Seat 1: saleriver ($10 in chips) 
Seat 2: Haaagen ($10.97 in chips) 
Seat 3: fatherconmee ($6.46 in chips) 
Seat 4: emanonoto ($14.73 in chips) 
Seat 5: HubertusB ($4.41 in chips) 
Seat 6: mancoH ($18.57 in chips) 
Haaagen: posts small blind $0.05
fatherconmee: posts big blind $0.10
*** HOLE CARDS ***
Dealt to HubertusB [6h 7c]
emanonoto: folds 
HubertusB: folds 
mancoH: folds 
saleriver: raises $0.15 to $0.25
Haaagen: folds 
fatherconmee: folds 
Uncalled bet ($0.15) returned to saleriver
saleriver collected $0.25 from pot
saleriver: doesn't show hand 
*** SUMMARY ***
Total pot $0.25 | Rake $0 
Seat 1: saleriver (button) collected ($0.25)
Seat 2: Haaagen (small blind) folded before Flop
Seat 3: fatherconmee (big blind) folded before Flop
Seat 4: emanonoto folded before Flop (didn't bet)
Seat 5: HubertusB folded before Flop (didn't bet)
Seat 6: mancoH folded before Flop (didn't bet)



PokerStars Zoom Hand #186005543656:  Hold'em No Limit ($0.05/$0.10) - 2018/05/04 21:37:21 CCT [2018/05/04 9:37:21 ET]
Table 'Aludra' 6-max Seat #1 is the button
Seat 1: HubertusB ($4.41 in chips) 
Seat 2: kawase1 ($19.42 in chips) 
Seat 3: Parjato ($12.65 in chips) 
Seat 4: liboner ($11.56 in chips) 
Seat 5: pa3lon ($11.59 in chips) 
Seat 6: Kinderrr1322 ($15.93 in chips) 
kawase1: posts small blind $0.05
Parjato: posts big blind $0.10
*** HOLE CARDS ***
Dealt to HubertusB [6s Qc]
liboner: folds 
pa3lon: folds 
Kinderrr1322: raises $0.20 to $0.30
HubertusB: folds 
kawase1: folds 
Parjato: calls $0.20
*** FLOP *** [4h 5d Ks]
Parjato: checks 
Kinderrr1322: checks 
*** TURN *** [4h 5d Ks] [Tc]
Parjato: bets $0.60
Kinderrr1322: folds 
Uncalled bet ($0.60) returned to Parjato
Parjato collected $0.62 from pot
Parjato: doesn't show hand 
*** SUMMARY ***
Total pot $0.65 | Rake $0.03 
Board [4h 5d Ks Tc]
Seat 1: HubertusB (button) folded before Flop (didn't bet)
Seat 2: kawase1 (small blind) folded before Flop
Seat 3: Parjato (big blind) collected ($0.62)
Seat 4: liboner folded before Flop (didn't bet)
Seat 5: pa3lon folded before Flop (didn't bet)
Seat 6: Kinderrr1322 folded on the Turn



PokerStars Zoom Hand #186005551396:  Hold'em No Limit ($0.05/$0.10) - 2018/05/04 21:37:37 CCT [2018/05/04 9:37:37 ET]
Table 'Aludra' 6-max Seat #1 is the button
Seat 1: Misif ($3.48 in chips) 
Seat 2: CoconutGuy13 ($11.87 in chips) 
Seat 3: Chmuri7 ($10 in chips) 
Seat 4: M1ndre4der ($16.81 in chips) 
Seat 5: S3marg1 ($10.10 in chips) 
Seat 6: HubertusB ($4.41 in chips) 
CoconutGuy13: posts small blind $0.05
Chmuri7: posts big blind $0.10
*** HOLE CARDS ***
Dealt to HubertusB [Ts Kd]
M1ndre4der: folds 
S3marg1: folds 
HubertusB: raises $0.10 to $0.20
Misif: folds 
CoconutGuy13: folds 
Chmuri7: raises $0.50 to $0.70
HubertusB: folds 
Uncalled bet ($0.50) returned to Chmuri7
Chmuri7 collected $0.45 from pot
Chmuri7: doesn't show hand 
*** SUMMARY ***
Total pot $0.45 | Rake $0 
Seat 1: Misif (button) folded before Flop (didn't bet)
Seat 2: CoconutGuy13 (small blind) folded before Flop
Seat 3: Chmuri7 (big blind) collected ($0.45)
Seat 4: M1ndre4der folded before Flop (didn't bet)
Seat 5: S3marg1 folded before Flop (didn't bet)
Seat 6: HubertusB folded before Flop



PokerStars Zoom Hand #186005538881:  Hold'em No Limit ($0.05/$0.10) - 2018/05/04 21:37:11 CCT [2018/05/04 9:37:11 ET]
Table 'Aludra' 6-max Seat #1 is the button
Seat 1: bassdewd ($13.45 in chips) 
Seat 2: rottermont26T ($10.97 in chips) 
Seat 3: ancqPRO ($18.07 in chips) 
Seat 4: HubertusB ($4.46 in chips) 
Seat 5: Luuckky989 ($54.58 in chips) 
Seat 6: shedboy96 ($10.91 in chips) 
rottermont26T: posts small blind $0.05
ancqPRO: posts big blind $0.10
*** HOLE CARDS ***
Dealt to HubertusB [8h Jh]
HubertusB: folds 
Luuckky989: folds 
shedboy96: raises $0.12 to $0.22
bassdewd: raises $0.44 to $0.66
rottermont26T: folds 
ancqPRO: folds 
shedboy96: raises $1.24 to $1.90
bassdewd: folds 
Uncalled bet ($1.24) returned to shedboy96
shedboy96 collected $1.47 from pot
shedboy96: doesn't show hand 
*** SUMMARY ***
Total pot $1.47 | Rake $0 
Seat 1: bassdewd (button) folded before Flop
Seat 2: rottermont26T (small blind) folded before Flop
Seat 3: ancqPRO (big blind) folded before Flop
Seat 4: HubertusB folded before Flop (didn't bet)
Seat 5: Luuckky989 folded before Flop (didn't bet)
Seat 6: shedboy96 collected ($1.47)



PokerStars Zoom Hand #186005563042:  Hold'em No Limit ($0.05/$0.10) - 2018/05/04 21:38:01 CCT [2018/05/04 9:38:01 ET]
Table 'Aludra' 6-max Seat #1 is the button
Seat 1: JuniorRRT ($10.05 in chips) 
Seat 2: sos_lk_77 ($17.49 in chips) 
Seat 3: HubertusB ($4.21 in chips) 
Seat 4: zdaz1 ($10 in chips) 
Seat 5: Draugsvoll ($10.29 in chips) 
Seat 6: argmfran ($6.17 in chips) 
sos_lk_77: posts small blind $0.05
HubertusB: posts big blind $0.10
*** HOLE CARDS ***
Dealt to HubertusB [Ts 4d]
zdaz1: folds 
Draugsvoll: folds 
argmfran: folds 
JuniorRRT: raises $0.15 to $0.25
sos_lk_77: folds 
HubertusB: folds 
Uncalled bet ($0.15) returned to JuniorRRT
JuniorRRT collected $0.25 from pot
JuniorRRT: doesn't show hand 
*** SUMMARY ***
Total pot $0.25 | Rake $0 
Seat 1: JuniorRRT (button) collected ($0.25)
Seat 2: sos_lk_77 (small blind) folded before Flop
Seat 3: HubertusB (big blind) folded before Flop
Seat 4: zdaz1 folded before Flop (didn't bet)
Seat 5: Draugsvoll folded before Flop (didn't bet)
Seat 6: argmfran folded before Flop (didn't bet)



PokerStars Zoom Hand #186005570375:  Hold'em No Limit ($0.05/$0.10) - 2018/05/04 21:38:16 CCT [2018/05/04 9:38:16 ET]
Table 'Aludra' 6-max Seat #1 is the button
Seat 1: fede 7ñl ($21.06 in chips) 
Seat 2: kunkurush ($3.51 in chips) 
Seat 3: Marlboro561 ($11.16 in chips) 
Seat 4: cabrabagua ($21.91 in chips) 
Seat 5: HubertusB ($4.06 in chips) 
Seat 6: DvuGi ($15.41 in chips) 
kunkurush: posts small blind $0.05
Marlboro561: posts big blind $0.10
*** HOLE CARDS ***
Dealt to HubertusB [Td Js]
cabrabagua: folds 
HubertusB: folds 
DvuGi: folds 
fede 7ñl: folds 
kunkurush: folds 
Uncalled bet ($0.05) returned to Marlboro561
Marlboro561 collected $0.10 from pot
Marlboro561: doesn't show hand 
*** SUMMARY ***
Total pot $0.10 | Rake $0 
Seat 1: fede 7ñl (button) folded before Flop (didn't bet)
Seat 2: kunkurush (small blind) folded before Flop
Seat 3: Marlboro561 (big blind) collected ($0.10)
Seat 4: cabrabagua folded before Flop (didn't bet)
Seat 5: HubertusB folded before Flop (didn't bet)
Seat 6: DvuGi folded before Flop (didn't bet)



PokerStars Zoom Hand #186005567936:  Hold'em No Limit ($0.05/$0.10) - 2018/05/04 21:38:11 CCT [2018/05/04 9:38:11 ET]
Table 'Aludra' 6-max Seat #1 is the button
Seat 1: makkromm ($9.72 in chips) 
Seat 2: HubertusB ($4.11 in chips) 
Seat 3: pompom333 ($8.77 in chips) 
Seat 4: RobertMoog ($11.51 in chips) 
Seat 5: DudinAndrey ($19.83 in chips) 
Seat 6: marksk01 ($12.16 in chips) 
HubertusB: posts small blind $0.05
pompom333: posts big blind $0.10
*** HOLE CARDS ***
Dealt to HubertusB [5c Td]
RobertMoog: raises $0.20 to $0.30
DudinAndrey: folds 
marksk01: raises $0.60 to $0.90
makkromm: folds 
HubertusB: folds 
pompom333: folds 
RobertMoog: calls $0.60
*** FLOP *** [7c Ts 3d]
RobertMoog: checks 
marksk01: bets $1.40
RobertMoog: folds 
Uncalled bet ($1.40) returned to marksk01
marksk01 collected $1.86 from pot
marksk01: doesn't show hand 
*** SUMMARY ***
Total pot $1.95 | Rake $0.09 
Board [7c Ts 3d]
Seat 1: makkromm (button) folded before Flop (didn't bet)
Seat 2: HubertusB (small blind) folded before Flop
Seat 3: pompom333 (big blind) folded before Flop
Seat 4: RobertMoog folded on the Flop
Seat 5: DudinAndrey folded before Flop (didn't bet)
Seat 6: marksk01 collected ($1.86)



PokerStars Zoom Hand #186005572795:  Hold'em No Limit ($0.05/$0.10) - 2018/05/04 21:38:21 CCT [2018/05/04 9:38:21 ET]
Table 'Aludra' 6-max Seat #1 is the button
Seat 1: Iss Japan ($8.01 in chips) 
Seat 2: Sarpy ($11.19 in chips) 
Seat 3: ErekeFlash ($11.87 in chips) 
Seat 4: HubertusB ($4.06 in chips) 
Seat 5: Restorm1 ($10.20 in chips) 
Seat 6: MaNok23 ($22.99 in chips) 
Sarpy: posts small blind $0.05
ErekeFlash: posts big blind $0.10
*** HOLE CARDS ***
Dealt to HubertusB [6s Th]
HubertusB: folds 
Restorm1: folds 
MaNok23: raises $0.15 to $0.25
Iss Japan: folds 
Sarpy: folds 
ErekeFlash: calls $0.15
*** FLOP *** [3c 9h Td]
ErekeFlash: bets $0.10
MaNok23: folds 
Uncalled bet ($0.10) returned to ErekeFlash
ErekeFlash collected $0.53 from pot
ErekeFlash: doesn't show hand 
*** SUMMARY ***
Total pot $0.55 | Rake $0.02 
Board [3c 9h Td]
Seat 1: Iss Japan (button) folded before Flop (didn't bet)
Seat 2: Sarpy (small blind) folded before Flop
Seat 3: ErekeFlash (big blind) collected ($0.53)
Seat 4: HubertusB folded before Flop (didn't bet)
Seat 5: Restorm1 folded before Flop (didn't bet)
Seat 6: MaNok23 folded on the Flop



PokerStars Zoom Hand #186005574742:  Hold'em No Limit ($0.05/$0.10) - 2018/05/04 21:38:25 CCT [2018/05/04 9:38:25 ET]
Table 'Aludra' 6-max Seat #1 is the button
Seat 1: HubertusB ($4.06 in chips) 
Seat 2: SLAYERRRR666 ($17.36 in chips) 
Seat 3: fkota ($11.62 in chips) 
Seat 4: antiPa31 ($13.21 in chips) 
Seat 5: nitzed12 ($12.45 in chips) 
Seat 6: Zio000 ($10 in chips) 
SLAYERRRR666: posts small blind $0.05
fkota: posts big blind $0.10
*** HOLE CARDS ***
Dealt to HubertusB [7d 6s]
antiPa31: folds 
nitzed12: folds 
Zio000: folds 
HubertusB: raises $0.10 to $0.20
SLAYERRRR666: calls $0.15
fkota: folds 
*** FLOP *** [Kc 2s Qh]
SLAYERRRR666: checks 
HubertusB: checks 
*** TURN *** [Kc 2s Qh] [4d]
SLAYERRRR666: checks 
HubertusB: checks 
*** RIVER *** [Kc 2s Qh 4d] [Ah]
SLAYERRRR666: bets $2.40
HubertusB: folds 
Uncalled bet ($2.40) returned to SLAYERRRR666
SLAYERRRR666 collected $0.48 from pot
SLAYERRRR666: doesn't show hand 
*** SUMMARY ***
Total pot $0.50 | Rake $0.02 
Board [Kc 2s Qh 4d Ah]
Seat 1: HubertusB (button) folded on the River
Seat 2: SLAYERRRR666 (small blind) collected ($0.48)
Seat 3: fkota (big blind) folded before Flop
Seat 4: antiPa31 folded before Flop (didn't bet)
Seat 5: nitzed12 folded before Flop (didn't bet)
Seat 6: Zio000 folded before Flop (didn't bet)



PokerStars Zoom Hand #186005586561:  Hold'em No Limit ($0.05/$0.10) - 2018/05/04 21:38:49 CCT [2018/05/04 9:38:49 ET]
Table 'Aludra' 6-max Seat #1 is the button
Seat 1: Kruutial ($32.75 in chips) 
Seat 2: myself10 ($14.01 in chips) 
Seat 3: SilAnd ($10.69 in chips) 
Seat 4: Chmuri7 ($10.50 in chips) 
Seat 5: hercpik ($7.60 in chips) 
Seat 6: HubertusB ($3.86 in chips) 
myself10: posts small blind $0.05
SilAnd: posts big blind $0.10
*** HOLE CARDS ***
Dealt to HubertusB [5h 5c]
Chmuri7: folds 
hercpik: folds 
HubertusB: raises $0.10 to $0.20
Kruutial: folds 
myself10: folds 
SilAnd: folds 
Uncalled bet ($0.10) returned to HubertusB
HubertusB collected $0.25 from pot
HubertusB: doesn't show hand 
*** SUMMARY ***
Total pot $0.25 | Rake $0 
Seat 1: Kruutial (button) folded before Flop (didn't bet)
Seat 2: myself10 (small blind) folded before Flop
Seat 3: SilAnd (big blind) folded before Flop
Seat 4: Chmuri7 folded before Flop (didn't bet)
Seat 5: hercpik folded before Flop (didn't bet)
Seat 6: HubertusB collected ($0.25)



PokerStars Zoom Hand #186005593887:  Hold'em No Limit ($0.05/$0.10) - 2018/05/04 21:39:04 CCT [2018/05/04 9:39:04 ET]
Table 'Aludra' 6-max Seat #1 is the button
Seat 1: MrOT1 ($10.16 in chips) 
Seat 2: wisekraut ($19.66 in chips) 
Seat 3: SLAYERRRR666 ($17.64 in chips) 
Seat 4: HubertusB ($4.01 in chips) 
Seat 5: oldfish347 ($10 in chips) 
Seat 6: Zio000 ($10 in chips) 
wisekraut: posts small blind $0.05
SLAYERRRR666: posts big blind $0.10
*** HOLE CARDS ***
Dealt to HubertusB [As Jd]
HubertusB: raises $0.10 to $0.20
oldfish347: folds 
Zio000: folds 
MrOT1: folds 
wisekraut: folds 
SLAYERRRR666: folds 
Uncalled bet ($0.10) returned to HubertusB
HubertusB collected $0.25 from pot
HubertusB: doesn't show hand 
*** SUMMARY ***
Total pot $0.25 | Rake $0 
Seat 1: MrOT1 (button) folded before Flop (didn't bet)
Seat 2: wisekraut (small blind) folded before Flop
Seat 3: SLAYERRRR666 (big blind) folded before Flop
Seat 4: HubertusB collected ($0.25)
Seat 5: oldfish347 folded before Flop (didn't bet)
Seat 6: Zio000 folded before Flop (didn't bet)



PokerStars Zoom Hand #186005609412:  Hold'em No Limit ($0.05/$0.10) - 2018/05/04 21:39:36 CCT [2018/05/04 9:39:36 ET]
Table 'Aludra' 6-max Seat #1 is the button
Seat 1: lucimar881 ($11.92 in chips) 
Seat 2: Saint_Eugene ($10.53 in chips) 
Seat 3: speedzg ($11.06 in chips) 
Seat 4: HubertusB ($4.01 in chips) 
Seat 5: chaskon ($11.02 in chips) 
Seat 6: Luuckky989 ($55.22 in chips) 
Saint_Eugene: posts small blind $0.05
speedzg: posts big blind $0.10
*** HOLE CARDS ***
Dealt to HubertusB [7c Qc]
HubertusB: folds 
chaskon: folds 
Luuckky989: folds 
lucimar881: folds 
Saint_Eugene: folds 
Uncalled bet ($0.05) returned to speedzg
speedzg collected $0.10 from pot
speedzg: doesn't show hand 
*** SUMMARY ***
Total pot $0.10 | Rake $0 
Seat 1: lucimar881 (button) folded before Flop (didn't bet)
Seat 2: Saint_Eugene (small blind) folded before Flop
Seat 3: speedzg (big blind) collected ($0.10)
Seat 4: HubertusB folded before Flop (didn't bet)
Seat 5: chaskon folded before Flop (didn't bet)
Seat 6: Luuckky989 folded before Flop (didn't bet)



PokerStars Zoom Hand #186005607001:  Hold'em No Limit ($0.05/$0.10) - 2018/05/04 21:39:31 CCT [2018/05/04 9:39:31 ET]
Table 'Aludra' 6-max Seat #1 is the button
Seat 1: Cpartan12 ($11.29 in chips) 
Seat 2: HubertusB ($4.06 in chips) 
Seat 3: Kajtez97 ($11.11 in chips) 
Seat 4: emanonoto ($11.46 in chips) 
Seat 5: rickarnold33 ($8.24 in chips) 
Seat 6: FeelTheBoom ($19.81 in chips) 
HubertusB: posts small blind $0.05
Kajtez97: posts big blind $0.10
*** HOLE CARDS ***
Dealt to HubertusB [7c 2d]
emanonoto: folds 
rickarnold33: folds 
FeelTheBoom: folds 
Cpartan12: folds 
HubertusB: folds 
Uncalled bet ($0.05) returned to Kajtez97
Kajtez97 collected $0.10 from pot
Kajtez97: doesn't show hand 
*** SUMMARY ***
Total pot $0.10 | Rake $0 
Seat 1: Cpartan12 (button) folded before Flop (didn't bet)
Seat 2: HubertusB (small blind) folded before Flop
Seat 3: Kajtez97 (big blind) collected ($0.10)
Seat 4: emanonoto folded before Flop (didn't bet)
Seat 5: rickarnold33 folded before Flop (didn't bet)
Seat 6: FeelTheBoom folded before Flop (didn't bet)



PokerStars Zoom Hand #186005604567:  Hold'em No Limit ($0.05/$0.10) - 2018/05/04 21:39:26 CCT [2018/05/04 9:39:26 ET]
Table 'Aludra' 6-max Seat #1 is the button
Seat 1: gjsqjqrkddml ($14.87 in chips) 
Seat 2: AZmk9t ($9.90 in chips) 
Seat 3: chrurax ($19.48 in chips) 
Seat 4: Yilisha ($13.58 in chips) 
Seat 5: HubertusB ($4.06 in chips) 
Seat 6: Parjato ($22.15 in chips) 
AZmk9t: posts small blind $0.05
chrurax: posts big blind $0.10
*** HOLE CARDS ***
Dealt to HubertusB [7c Th]
Yilisha: folds 
HubertusB: folds 
Parjato: folds 
gjsqjqrkddml: folds 
AZmk9t: raises $0.10 to $0.20
chrurax: calls $0.10
*** FLOP *** [5h 6d 9s]
AZmk9t: checks 
chrurax: bets $0.40
AZmk9t: folds 
Uncalled bet ($0.40) returned to chrurax
chrurax collected $0.38 from pot
chrurax: doesn't show hand 
*** SUMMARY ***
Total pot $0.40 | Rake $0.02 
Board [5h 6d 9s]
Seat 1: gjsqjqrkddml (button) folded before Flop (didn't bet)
Seat 2: AZmk9t (small blind) folded on the Flop
Seat 3: chrurax (big blind) collected ($0.38)
Seat 4: Yilisha folded before Flop (didn't bet)
Seat 5: HubertusB folded before Flop (didn't bet)
Seat 6: Parjato folded before Flop (didn't bet)



PokerStars Zoom Hand #186005612833:  Hold'em No Limit ($0.05/$0.10) - 2018/05/04 21:39:43 CCT [2018/05/04 9:39:43 ET]
Table 'Aludra' 6-max Seat #1 is the button
Seat 1: HubertusB ($4.01 in chips) 
Seat 2: schapekoppen ($11.95 in chips) 
Seat 3: AndiFröhlich95 ($22.35 in chips) 
Seat 4: Chmuri7 ($11.99 in chips) 
Seat 5: speedzg ($13.44 in chips) 
Seat 6: AfishA247 ($27.54 in chips) 
schapekoppen: posts small blind $0.05
AndiFröhlich95: posts big blind $0.10
*** HOLE CARDS ***
Dealt to HubertusB [Qs Ah]
Chmuri7: folds 
speedzg: folds 
AfishA247: raises $0.15 to $0.25
HubertusB: raises $0.55 to $0.80
schapekoppen: folds 
AndiFröhlich95: folds 
AfishA247: folds 
Uncalled bet ($0.55) returned to HubertusB
HubertusB collected $0.65 from pot
HubertusB: doesn't show hand 
*** SUMMARY ***
Total pot $0.65 | Rake $0 
Seat 1: HubertusB (button) collected ($0.65)
Seat 2: schapekoppen (small blind) folded before Flop
Seat 3: AndiFröhlich95 (big blind) folded before Flop
Seat 4: Chmuri7 folded before Flop (didn't bet)
Seat 5: speedzg folded before Flop (didn't bet)
Seat 6: AfishA247 folded before Flop



PokerStars Zoom Hand #186005600634:  Hold'em No Limit ($0.05/$0.10) - 2018/05/04 21:39:18 CCT [2018/05/04 9:39:18 ET]
Table 'Aludra' 6-max Seat #1 is the button
Seat 1: otin.t ($2.21 in chips) 
Seat 2: kokOTNP ($10.30 in chips) 
Seat 3: HubertusB ($4.16 in chips) 
Seat 4: Kinderrr1322 ($15.50 in chips) 
Seat 5: kranovoy22 ($34.45 in chips) 
Seat 6: get scam ($8.55 in chips) 
kokOTNP: posts small blind $0.05
HubertusB: posts big blind $0.10
*** HOLE CARDS ***
Dealt to HubertusB [Js 6c]
Kinderrr1322: raises $0.20 to $0.30
kranovoy22: raises $0.80 to $1.10
get scam: folds 
otin.t: folds 
kokOTNP: folds 
HubertusB: folds 
Kinderrr1322: calls $0.80
*** FLOP *** [Qh 5s Ts]
Kinderrr1322: checks 
kranovoy22: bets $0.76
Kinderrr1322: calls $0.76
*** TURN *** [Qh 5s Ts] [3h]
Kinderrr1322: checks 
kranovoy22: bets $1.81
Kinderrr1322: calls $1.81
*** RIVER *** [Qh 5s Ts 3h] [5d]
Kinderrr1322: checks 
kranovoy22: bets $4.79
Kinderrr1322: calls $4.79
*** SHOW DOWN ***
kranovoy22: shows [As Ah] (two pair, Aces and Fives)
Kinderrr1322: mucks hand 
kranovoy22 collected $16.30 from pot
*** SUMMARY ***
Total pot $17.07 | Rake $0.77 
Board [Qh 5s Ts 3h 5d]
Seat 1: otin.t (button) folded before Flop (didn't bet)
Seat 2: kokOTNP (small blind) folded before Flop
Seat 3: HubertusB (big blind) folded before Flop
Seat 4: Kinderrr1322 mucked [Kd Kc]
Seat 5: kranovoy22 showed [As Ah] and won ($16.30) with two pair, Aces and Fives
Seat 6: get scam folded before Flop (didn't bet)



PokerStars Zoom Hand #186005627071:  Hold'em No Limit ($0.05/$0.10) - 2018/05/04 21:40:13 CCT [2018/05/04 9:40:13 ET]
Table 'Aludra' 6-max Seat #1 is the button
Seat 1: chrurax ($19.66 in chips) 
Seat 2: xafaki13 ($14.52 in chips) 
Seat 3: Haaagen ($10 in chips) 
Seat 4: Kruutial ($12.46 in chips) 
Seat 5: oldfish347 ($11.76 in chips) 
Seat 6: HubertusB ($4.41 in chips) 
xafaki13: posts small blind $0.05
Haaagen: posts big blind $0.10
*** HOLE CARDS ***
Dealt to HubertusB [5d 3h]
Kruutial: raises $0.20 to $0.30
oldfish347: folds 
HubertusB: folds 
chrurax: folds 
xafaki13: folds 
Haaagen: folds 
Uncalled bet ($0.20) returned to Kruutial
Kruutial collected $0.25 from pot
Kruutial: doesn't show hand 
*** SUMMARY ***
Total pot $0.25 | Rake $0 
Seat 1: chrurax (button) folded before Flop (didn't bet)
Seat 2: xafaki13 (small blind) folded before Flop
Seat 3: Haaagen (big blind) folded before Flop
Seat 4: Kruutial collected ($0.25)
Seat 5: oldfish347 folded before Flop (didn't bet)
Seat 6: HubertusB folded before Flop (didn't bet)



PokerStars Zoom Hand #186005629806:  Hold'em No Limit ($0.05/$0.10) - 2018/05/04 21:40:19 CCT [2018/05/04 9:40:19 ET]
Table 'Aludra' 6-max Seat #1 is the button
Seat 1: wlsgh2750507 ($9.85 in chips) 
Seat 2: Roland3399 ($10.51 in chips) 
Seat 3: HubertusB ($4.41 in chips) 
Seat 4: BYDallas ($9.06 in chips) 
Seat 5: speedzg ($11.19 in chips) 
Seat 6: rottermont26T ($12.06 in chips) 
Roland3399: posts small blind $0.05
HubertusB: posts big blind $0.10
*** HOLE CARDS ***
Dealt to HubertusB [Qc 5c]
BYDallas: folds 
speedzg: raises $0.20 to $0.30
rottermont26T: folds 
wlsgh2750507: folds 
Roland3399: folds 
HubertusB: folds 
Uncalled bet ($0.20) returned to speedzg
speedzg collected $0.25 from pot
speedzg: doesn't show hand 
*** SUMMARY ***
Total pot $0.25 | Rake $0 
Seat 1: wlsgh2750507 (button) folded before Flop (didn't bet)
Seat 2: Roland3399 (small blind) folded before Flop
Seat 3: HubertusB (big blind) folded before Flop
Seat 4: BYDallas folded before Flop (didn't bet)
Seat 5: speedzg collected ($0.25)
Seat 6: rottermont26T folded before Flop (didn't bet)



PokerStars Zoom Hand #186005633018:  Hold'em No Limit ($0.05/$0.10) - 2018/05/04 21:40:26 CCT [2018/05/04 9:40:26 ET]
Table 'Aludra' 6-max Seat #1 is the button
Seat 1: BYLEE8 ($16.14 in chips) 
Seat 2: HubertusB ($4.31 in chips) 
Seat 3: myself10 ($11.79 in chips) 
Seat 4: zdaz1 ($19.97 in chips) 
Seat 5: Parjato ($12.42 in chips) 
Seat 6: lt_poker_id ($26.19 in chips) 
HubertusB: posts small blind $0.05
myself10: posts big blind $0.10
*** HOLE CARDS ***
Dealt to HubertusB [9h 8s]
zdaz1: folds 
Parjato: folds 
lt_poker_id: raises $0.20 to $0.30
BYLEE8: folds 
HubertusB: folds 
myself10: folds 
Uncalled bet ($0.20) returned to lt_poker_id
lt_poker_id collected $0.25 from pot
lt_poker_id: doesn't show hand 
*** SUMMARY ***
Total pot $0.25 | Rake $0 
Seat 1: BYLEE8 (button) folded before Flop (didn't bet)
Seat 2: HubertusB (small blind) folded before Flop
Seat 3: myself10 (big blind) folded before Flop
Seat 4: zdaz1 folded before Flop (didn't bet)
Seat 5: Parjato folded before Flop (didn't bet)
Seat 6: lt_poker_id collected ($0.25)



PokerStars Zoom Hand #186005635208:  Hold'em No Limit ($0.05/$0.10) - 2018/05/04 21:40:31 CCT [2018/05/04 9:40:31 ET]
Table 'Aludra' 6-max Seat #1 is the button
Seat 1: filya1909 ($12.69 in chips) 
Seat 2: kokOTNP ($21.39 in chips) 
Seat 3: emanonoto ($11.76 in chips) 
Seat 4: RockLuRock ($25.80 in chips) 
Seat 5: HubertusB ($4.26 in chips) 
Seat 6: BYLEE8 ($16.14 in chips) 
kokOTNP: posts small blind $0.05
emanonoto: posts big blind $0.10
*** HOLE CARDS ***
Dealt to HubertusB [Qd Kh]
RockLuRock: folds 
HubertusB: raises $0.10 to $0.20
BYLEE8: folds 
filya1909: folds 
kokOTNP: folds 
emanonoto: calls $0.10
*** FLOP *** [3d 5d 4s]
emanonoto: checks 
HubertusB: checks 
*** TURN *** [3d 5d 4s] [7d]
emanonoto: bets $0.29
HubertusB: calls $0.29
*** RIVER *** [3d 5d 4s 7d] [8d]
emanonoto: checks 
HubertusB: bets $0.80
emanonoto: folds 
Uncalled bet ($0.80) returned to HubertusB
HubertusB collected $0.98 from pot
HubertusB: doesn't show hand 
*** SUMMARY ***
Total pot $1.03 | Rake $0.05 
Board [3d 5d 4s 7d 8d]
Seat 1: filya1909 (button) folded before Flop (didn't bet)
Seat 2: kokOTNP (small blind) folded before Flop
Seat 3: emanonoto (big blind) folded on the River
Seat 4: RockLuRock folded before Flop (didn't bet)
Seat 5: HubertusB collected ($0.98)
Seat 6: BYLEE8 folded before Flop (didn't bet)



PokerStars Zoom Hand #186005652150:  Hold'em No Limit ($0.05/$0.10) - 2018/05/04 21:41:06 CCT [2018/05/04 9:41:06 ET]
Table 'Aludra' 6-max Seat #1 is the button
Seat 1: HubertusB ($4.75 in chips) 
Seat 2: budda1971 ($26.30 in chips) 
Seat 3: Daul141 ($10.86 in chips) 
Seat 4: Roland3399 ($10.88 in chips) 
Seat 5: fede 7ñl ($13.99 in chips) 
Seat 6: wisekraut ($23.68 in chips) 
budda1971: posts small blind $0.05
Daul141: posts big blind $0.10
*** HOLE CARDS ***
Dealt to HubertusB [Ts 6s]
Roland3399: folds 
fede 7ñl: raises $0.15 to $0.25
wisekraut: folds 
HubertusB: folds 
budda1971: folds 
Daul141: calls $0.15
*** FLOP *** [3s 7s Ad]
Daul141: checks 
fede 7ñl: bets $0.27
Daul141: folds 
Uncalled bet ($0.27) returned to fede 7ñl
fede 7ñl collected $0.53 from pot
fede 7ñl: doesn't show hand 
*** SUMMARY ***
Total pot $0.55 | Rake $0.02 
Board [3s 7s Ad]
Seat 1: HubertusB (button) folded before Flop (didn't bet)
Seat 2: budda1971 (small blind) folded before Flop
Seat 3: Daul141 (big blind) folded on the Flop
Seat 4: Roland3399 folded before Flop (didn't bet)
Seat 5: fede 7ñl collected ($0.53)
Seat 6: wisekraut folded before Flop (didn't bet)



PokerStars Zoom Hand #186005650076:  Hold'em No Limit ($0.05/$0.10) - 2018/05/04 21:41:02 CCT [2018/05/04 9:41:02 ET]
Table 'Aludra' 6-max Seat #1 is the button
Seat 1: BYDallas ($8.86 in chips) 
Seat 2: CaJe94 ($10.25 in chips) 
Seat 3: anikolaev54 ($10.86 in chips) 
Seat 4: HubertusB ($4.75 in chips) 
Seat 5: Zio000 ($10.30 in chips) 
Seat 6: mebacks ($10.46 in chips) 
CaJe94: posts small blind $0.05
anikolaev54: posts big blind $0.10
*** HOLE CARDS ***
Dealt to HubertusB [4c Td]
HubertusB: folds 
Zio000: folds 
mebacks: calls $0.10
BYDallas: folds 
CaJe94: folds 
anikolaev54: checks 
*** FLOP *** [7d 9h 7s]
anikolaev54: checks 
mebacks: bets $0.24
anikolaev54: folds 
Uncalled bet ($0.24) returned to mebacks
mebacks collected $0.24 from pot
mebacks: doesn't show hand 
*** SUMMARY ***
Total pot $0.25 | Rake $0.01 
Board [7d 9h 7s]
Seat 1: BYDallas (button) folded before Flop (didn't bet)
Seat 2: CaJe94 (small blind) folded before Flop
Seat 3: anikolaev54 (big blind) folded on the Flop
Seat 4: HubertusB folded before Flop (didn't bet)
Seat 5: Zio000 folded before Flop (didn't bet)
Seat 6: mebacks collected ($0.24)



PokerStars Zoom Hand #186005658779:  Hold'em No Limit ($0.05/$0.10) - 2018/05/04 21:41:19 CCT [2018/05/04 9:41:19 ET]
Table 'Aludra' 6-max Seat #1 is the button
Seat 1: Draugsvoll ($10.38 in chips) 
Seat 2: Senecaify ($10 in chips) 
Seat 3: HubertusB ($4.75 in chips) 
Seat 4: golval71 ($6.65 in chips) 
Seat 5: zdaz1 ($10.57 in chips) 
Seat 6: saandu01 ($7.90 in chips) 
Senecaify: posts small blind $0.05
HubertusB: posts big blind $0.10
*** HOLE CARDS ***
Dealt to HubertusB [4h Th]
golval71: folds 
zdaz1: folds 
saandu01: folds 
Draugsvoll: raises $0.16 to $0.26
Senecaify: folds 
HubertusB: folds 
Uncalled bet ($0.16) returned to Draugsvoll
Draugsvoll collected $0.25 from pot
Draugsvoll: doesn't show hand 
*** SUMMARY ***
Total pot $0.25 | Rake $0 
Seat 1: Draugsvoll (button) collected ($0.25)
Seat 2: Senecaify (small blind) folded before Flop
Seat 3: HubertusB (big blind) folded before Flop
Seat 4: golval71 folded before Flop (didn't bet)
Seat 5: zdaz1 folded before Flop (didn't bet)
Seat 6: saandu01 folded before Flop (didn't bet)



PokerStars Zoom Hand #186005664535:  Hold'em No Limit ($0.05/$0.10) - 2018/05/04 21:41:31 CCT [2018/05/04 9:41:31 ET]
Table 'Aludra' 6-max Seat #1 is the button
Seat 1: Ens.Wattahek ($11.07 in chips) 
Seat 2: rubapyh ($8.37 in chips) 
Seat 3: mordwin03 ($10.23 in chips) 
Seat 4: 24_bor ($8.99 in chips) 
Seat 5: OIegan™ ($17.37 in chips) 
Seat 6: HubertusB ($4.65 in chips) 
rubapyh: posts small blind $0.05
mordwin03: posts big blind $0.10
*** HOLE CARDS ***
Dealt to HubertusB [9d 8h]
24_bor: folds 
OIegan™: folds 
HubertusB: raises $0.10 to $0.20
Ens.Wattahek: folds 
rubapyh: folds 
mordwin03: folds 
Uncalled bet ($0.10) returned to HubertusB
HubertusB collected $0.25 from pot
HubertusB: doesn't show hand 
*** SUMMARY ***
Total pot $0.25 | Rake $0 
Seat 1: Ens.Wattahek (button) folded before Flop (didn't bet)
Seat 2: rubapyh (small blind) folded before Flop
Seat 3: mordwin03 (big blind) folded before Flop
Seat 4: 24_bor folded before Flop (didn't bet)
Seat 5: OIegan™ folded before Flop (didn't bet)
Seat 6: HubertusB collected ($0.25)



PokerStars Zoom Hand #186005670755:  Hold'em No Limit ($0.05/$0.10) - 2018/05/04 21:41:44 CCT [2018/05/04 9:41:44 ET]
Table 'Aludra' 6-max Seat #1 is the button
Seat 1: Draugsvoll ($10 in chips) 
Seat 2: HubertusB ($4.80 in chips) 
Seat 3: frederpr0810 ($10 in chips) 
Seat 4: Yilisha ($13.48 in chips) 
Seat 5: Fearless949 ($10.70 in chips) 
Seat 6: wisekraut ($19.72 in chips) 
HubertusB: posts small blind $0.05
frederpr0810: posts big blind $0.10
*** HOLE CARDS ***
Dealt to HubertusB [8s 4d]
Yilisha: folds 
Fearless949: folds 
wisekraut: folds 
Draugsvoll: folds 
HubertusB: folds 
Uncalled bet ($0.05) returned to frederpr0810
frederpr0810 collected $0.10 from pot
frederpr0810: doesn't show hand 
*** SUMMARY ***
Total pot $0.10 | Rake $0 
Seat 1: Draugsvoll (button) folded before Flop (didn't bet)
Seat 2: HubertusB (small blind) folded before Flop
Seat 3: frederpr0810 (big blind) collected ($0.10)
Seat 4: Yilisha folded before Flop (didn't bet)
Seat 5: Fearless949 folded before Flop (didn't bet)
Seat 6: wisekraut folded before Flop (didn't bet)



PokerStars Zoom Hand #186005656303:  Hold'em No Limit ($0.05/$0.10) - 2018/05/04 21:41:14 CCT [2018/05/04 9:41:14 ET]
Table 'Aludra' 6-max Seat #1 is the button
Seat 1: VAHRAMASHEN ($10.18 in chips) 
Seat 2: m3ssy34 ($5.28 in chips) 
Seat 3: mancoH ($20.63 in chips) 
Seat 4: nitzed12 ($12.63 in chips) 
Seat 5: HubertusB ($4.75 in chips) 
Seat 6: bassdewd ($12.69 in chips) 
m3ssy34: posts small blind $0.05
mancoH: posts big blind $0.10
*** HOLE CARDS ***
Dealt to HubertusB [Qh 9d]
nitzed12: folds 
HubertusB: folds 
bassdewd: raises $0.20 to $0.30
VAHRAMASHEN: folds 
m3ssy34: folds 
mancoH: calls $0.20
*** FLOP *** [Td 2h Th]
mancoH: checks 
bassdewd: bets $0.31
mancoH: folds 
Uncalled bet ($0.31) returned to bassdewd
bassdewd collected $0.62 from pot
bassdewd: doesn't show hand 
*** SUMMARY ***
Total pot $0.65 | Rake $0.03 
Board [Td 2h Th]
Seat 1: VAHRAMASHEN (button) folded before Flop (didn't bet)
Seat 2: m3ssy34 (small blind) folded before Flop
Seat 3: mancoH (big blind) folded on the Flop
Seat 4: nitzed12 folded before Flop (didn't bet)
Seat 5: HubertusB folded before Flop (didn't bet)
Seat 6: bassdewd collected ($0.62)



PokerStars Zoom Hand #186005673210:  Hold'em No Limit ($0.05/$0.10) - 2018/05/04 21:41:49 CCT [2018/05/04 9:41:49 ET]
Table 'Aludra' 6-max Seat #1 is the button
Seat 1: HubertusB ($4.75 in chips) 
Seat 2: Hackylin ($13.24 in chips) 
Seat 3: emanonoto ($10.47 in chips) 
Seat 4: kranovoy22 ($10 in chips) 
Seat 5: CaJe94 ($10.25 in chips) 
Seat 6: fede 7ñl ($22.30 in chips) 
Hackylin: posts small blind $0.05
emanonoto: posts big blind $0.10
*** HOLE CARDS ***
Dealt to HubertusB [2h 4d]
kranovoy22: folds 
CaJe94: folds 
fede 7ñl: raises $0.15 to $0.25
HubertusB: folds 
Hackylin: folds 
emanonoto: folds 
Uncalled bet ($0.15) returned to fede 7ñl
fede 7ñl collected $0.25 from pot
fede 7ñl: doesn't show hand 
*** SUMMARY ***
Total pot $0.25 | Rake $0 
Seat 1: HubertusB (button) folded before Flop (didn't bet)
Seat 2: Hackylin (small blind) folded before Flop
Seat 3: emanonoto (big blind) folded before Flop
Seat 4: kranovoy22 folded before Flop (didn't bet)
Seat 5: CaJe94 folded before Flop (didn't bet)
Seat 6: fede 7ñl collected ($0.25)



PokerStars Zoom Hand #186005675629:  Hold'em No Limit ($0.05/$0.10) - 2018/05/04 21:41:54 CCT [2018/05/04 9:41:54 ET]
Table 'Aludra' 6-max Seat #1 is the button
Seat 1: lesnov.M87 ($16.45 in chips) 
Seat 2: shedboy96 ($10 in chips) 
Seat 3: kls1952 ($7.99 in chips) 
Seat 4: CTPA}I{ ($7.69 in chips) 
Seat 5: sos_lk_77 ($15.89 in chips) 
Seat 6: HubertusB ($4.75 in chips) 
shedboy96: posts small blind $0.05
kls1952: posts big blind $0.10
*** HOLE CARDS ***
Dealt to HubertusB [6h 2d]
CTPA}I{: calls $0.10
sos_lk_77: folds 
HubertusB: folds 
lesnov.M87: folds 
shedboy96: folds 
kls1952: checks 
*** FLOP *** [Th Kc 5c]
kls1952: checks 
CTPA}I{: bets $0.20
kls1952: calls $0.20
*** TURN *** [Th Kc 5c] [Ad]
kls1952: checks 
CTPA}I{: checks 
*** RIVER *** [Th Kc 5c Ad] [5d]
kls1952: checks 
CTPA}I{: checks 
*** SHOW DOWN ***
kls1952: shows [Tc 9h] (two pair, Tens and Fives)
CTPA}I{: shows [Jh Kd] (two pair, Kings and Fives)
CTPA}I{ collected $0.62 from pot
*** SUMMARY ***
Total pot $0.65 | Rake $0.03 
Board [Th Kc 5c Ad 5d]
Seat 1: lesnov.M87 (button) folded before Flop (didn't bet)
Seat 2: shedboy96 (small blind) folded before Flop
Seat 3: kls1952 (big blind) showed [Tc 9h] and lost with two pair, Tens and Fives
Seat 4: CTPA}I{ showed [Jh Kd] and won ($0.62) with two pair, Kings and Fives
Seat 5: sos_lk_77 folded before Flop (didn't bet)
Seat 6: HubertusB folded before Flop (didn't bet)



PokerStars Zoom Hand #186005678467:  Hold'em No Limit ($0.05/$0.10) - 2018/05/04 21:42:00 CCT [2018/05/04 9:42:00 ET]
Table 'Aludra' 6-max Seat #1 is the button
Seat 1: i!iLLi!i ($20.09 in chips) 
Seat 2: hercpik ($12.90 in chips) 
Seat 3: SStivo ($9.95 in chips) 
Seat 4: HubertusB ($4.75 in chips) 
Seat 5: S3marg1 ($12.14 in chips) 
Seat 6: Zio000 ($10 in chips) 
hercpik: posts small blind $0.05
SStivo: posts big blind $0.10
*** HOLE CARDS ***
Dealt to HubertusB [2h Tc]
HubertusB: folds 
S3marg1: folds 
Zio000: folds 
i!iLLi!i: folds 
hercpik: folds 
Uncalled bet ($0.05) returned to SStivo
SStivo collected $0.10 from pot
SStivo: doesn't show hand 
*** SUMMARY ***
Total pot $0.10 | Rake $0 
Seat 1: i!iLLi!i (button) folded before Flop (didn't bet)
Seat 2: hercpik (small blind) folded before Flop
Seat 3: SStivo (big blind) collected ($0.10)
Seat 4: HubertusB folded before Flop (didn't bet)
Seat 5: S3marg1 folded before Flop (didn't bet)
Seat 6: Zio000 folded before Flop (didn't bet)



PokerStars Zoom Hand #186005680854:  Hold'em No Limit ($0.05/$0.10) - 2018/05/04 21:42:05 CCT [2018/05/04 9:42:05 ET]
Table 'Aludra' 6-max Seat #1 is the button
Seat 1: Scheck1363 ($5.62 in chips) 
Seat 2: hercpik ($3.13 in chips) 
Seat 3: HubertusB ($4.75 in chips) 
Seat 4: rolling81 ($10.14 in chips) 
Seat 5: gjsqjqrkddml ($10 in chips) 
Seat 6: kawase1 ($13.30 in chips) 
hercpik: posts small blind $0.05
HubertusB: posts big blind $0.10
*** HOLE CARDS ***
Dealt to HubertusB [2c Qd]
rolling81: folds 
gjsqjqrkddml: folds 
kawase1: folds 
Scheck1363: folds 
hercpik: folds 
Uncalled bet ($0.05) returned to HubertusB
HubertusB collected $0.10 from pot
HubertusB: doesn't show hand 
*** SUMMARY ***
Total pot $0.10 | Rake $0 
Seat 1: Scheck1363 (button) folded before Flop (didn't bet)
Seat 2: hercpik (small blind) folded before Flop
Seat 3: HubertusB (big blind) collected ($0.10)
Seat 4: rolling81 folded before Flop (didn't bet)
Seat 5: gjsqjqrkddml folded before Flop (didn't bet)
Seat 6: kawase1 folded before Flop (didn't bet)



PokerStars Zoom Hand #186005687708:  Hold'em No Limit ($0.05/$0.10) - 2018/05/04 21:42:19 CCT [2018/05/04 9:42:19 ET]
Table 'Aludra' 6-max Seat #1 is the button
Seat 1: Brammer73 ($10 in chips) 
Seat 2: oldfish347 ($10 in chips) 
Seat 3: AfishA247 ($15.78 in chips) 
Seat 4: HubertusB ($4.80 in chips) 
Seat 5: fatherconmee ($13.73 in chips) 
Seat 6: maciejka888 ($12.21 in chips) 
oldfish347: posts small blind $0.05
AfishA247: posts big blind $0.10
*** HOLE CARDS ***
Dealt to HubertusB [9c 9s]
HubertusB: raises $0.10 to $0.20
fatherconmee: folds 
maciejka888: folds 
Brammer73: folds 
oldfish347: folds 
AfishA247: folds 
Uncalled bet ($0.10) returned to HubertusB
HubertusB collected $0.25 from pot
HubertusB: doesn't show hand 
*** SUMMARY ***
Total pot $0.25 | Rake $0 
Seat 1: Brammer73 (button) folded before Flop (didn't bet)
Seat 2: oldfish347 (small blind) folded before Flop
Seat 3: AfishA247 (big blind) folded before Flop
Seat 4: HubertusB collected ($0.25)
Seat 5: fatherconmee folded before Flop (didn't bet)
Seat 6: maciejka888 folded before Flop (didn't bet)



PokerStars Zoom Hand #186005696953:  Hold'em No Limit ($0.05/$0.10) - 2018/05/04 21:42:38 CCT [2018/05/04 9:42:38 ET]
Table 'Aludra' 6-max Seat #1 is the button
Seat 1: FielderAero ($10 in chips) 
Seat 2: JuniorRRT ($11.01 in chips) 
Seat 3: Haaagen ($13.82 in chips) 
Seat 4: kokOTNP ($20.58 in chips) 
Seat 5: HubertusB ($4.90 in chips) 
Seat 6: oldfish347 ($14.01 in chips) 
JuniorRRT: posts small blind $0.05
Haaagen: posts big blind $0.10
*** HOLE CARDS ***
Dealt to HubertusB [6s Th]
kokOTNP: folds 
HubertusB: folds 
oldfish347: raises $0.20 to $0.30
FielderAero: folds 
JuniorRRT: folds 
Haaagen: folds 
Uncalled bet ($0.20) returned to oldfish347
oldfish347 collected $0.25 from pot
oldfish347: doesn't show hand 
*** SUMMARY ***
Total pot $0.25 | Rake $0 
Seat 1: FielderAero (button) folded before Flop (didn't bet)
Seat 2: JuniorRRT (small blind) folded before Flop
Seat 3: Haaagen (big blind) folded before Flop
Seat 4: kokOTNP folded before Flop (didn't bet)
Seat 5: HubertusB folded before Flop (didn't bet)
Seat 6: oldfish347 collected ($0.25)



PokerStars Zoom Hand #186005699848:  Hold'em No Limit ($0.05/$0.10) - 2018/05/04 21:42:44 CCT [2018/05/04 9:42:44 ET]
Table 'Aludra' 6-max Seat #1 is the button
Seat 1: TsitukDR ($10 in chips) 
Seat 2: AthleticZ ($13.38 in chips) 
Seat 3: AHTuKuJIJIEP ($10.10 in chips) 
Seat 4: HubertusB ($4.90 in chips) 
Seat 5: myself10 ($11.97 in chips) 
Seat 6: tania_Foxy ($11.74 in chips) 
AthleticZ: posts small blind $0.05
AHTuKuJIJIEP: posts big blind $0.10
*** HOLE CARDS ***
Dealt to HubertusB [Jd 2c]
HubertusB: folds 
myself10: folds 
tania_Foxy: folds 
TsitukDR: raises $0.15 to $0.25
AthleticZ: folds 
AHTuKuJIJIEP: folds 
Uncalled bet ($0.15) returned to TsitukDR
TsitukDR collected $0.25 from pot
TsitukDR: doesn't show hand 
*** SUMMARY ***
Total pot $0.25 | Rake $0 
Seat 1: TsitukDR (button) collected ($0.25)
Seat 2: AthleticZ (small blind) folded before Flop
Seat 3: AHTuKuJIJIEP (big blind) folded before Flop
Seat 4: HubertusB folded before Flop (didn't bet)
Seat 5: myself10 folded before Flop (didn't bet)
Seat 6: tania_Foxy folded before Flop (didn't bet)



PokerStars Zoom Hand #186005694006:  Hold'em No Limit ($0.05/$0.10) - 2018/05/04 21:42:32 CCT [2018/05/04 9:42:32 ET]
Table 'Aludra' 6-max Seat #1 is the button
Seat 1: tasty25 ($17.35 in chips) 
Seat 2: HubertusB ($4.95 in chips) 
Seat 3: TsitukDR ($10 in chips) 
Seat 4: SergeBH ($9.18 in chips) 
Seat 5: rolling81 ($36.73 in chips) 
Seat 6: Saint_Eugene ($10.40 in chips) 
HubertusB: posts small blind $0.05
TsitukDR: posts big blind $0.10
*** HOLE CARDS ***
Dealt to HubertusB [5d Qc]
SergeBH: folds 
rolling81: raises $0.20 to $0.30
Saint_Eugene: folds 
tasty25: calls $0.30
HubertusB: folds 
TsitukDR: folds 
*** FLOP *** [8c Ks 8d]
rolling81: bets $0.24
tasty25: calls $0.24
*** TURN *** [8c Ks 8d] [Jd]
rolling81: checks 
tasty25: checks 
*** RIVER *** [8c Ks 8d Jd] [Qs]
rolling81: checks 
tasty25: bets $0.88
rolling81: folds 
Uncalled bet ($0.88) returned to tasty25
tasty25 collected $1.17 from pot
tasty25: doesn't show hand 
*** SUMMARY ***
Total pot $1.23 | Rake $0.06 
Board [8c Ks 8d Jd Qs]
Seat 1: tasty25 (button) collected ($1.17)
Seat 2: HubertusB (small blind) folded before Flop
Seat 3: TsitukDR (big blind) folded before Flop
Seat 4: SergeBH folded before Flop (didn't bet)
Seat 5: rolling81 folded on the River
Seat 6: Saint_Eugene folded before Flop (didn't bet)



PokerStars Zoom Hand #186005703269:  Hold'em No Limit ($0.05/$0.10) - 2018/05/04 21:42:51 CCT [2018/05/04 9:42:51 ET]
Table 'Aludra' 6-max Seat #1 is the button
Seat 1: HubertusB ($4.90 in chips) 
Seat 2: kokOTNP ($20.58 in chips) 
Seat 3: WhiteDAGLeki ($11.09 in chips) 
Seat 4: iscander vvv ($6.40 in chips) 
Seat 5: Hackylin ($12.89 in chips) 
Seat 6: nitzed12 ($10 in chips) 
kokOTNP: posts small blind $0.05
WhiteDAGLeki: posts big blind $0.10
*** HOLE CARDS ***
Dealt to HubertusB [8s 9d]
iscander vvv: raises $0.20 to $0.30
Hackylin: folds 
nitzed12: folds 
HubertusB: folds 
kokOTNP: calls $0.25
WhiteDAGLeki: folds 
*** FLOP *** [4d Qh 2h]
kokOTNP: checks 
iscander vvv: bets $0.30
kokOTNP: folds 
Uncalled bet ($0.30) returned to iscander vvv
iscander vvv collected $0.67 from pot
iscander vvv: doesn't show hand 
*** SUMMARY ***
Total pot $0.70 | Rake $0.03 
Board [4d Qh 2h]
Seat 1: HubertusB (button) folded before Flop (didn't bet)
Seat 2: kokOTNP (small blind) folded on the Flop
Seat 3: WhiteDAGLeki (big blind) folded before Flop
Seat 4: iscander vvv collected ($0.67)
Seat 5: Hackylin folded before Flop (didn't bet)
Seat 6: nitzed12 folded before Flop (didn't bet)



PokerStars Zoom Hand #186005709679:  Hold'em No Limit ($0.05/$0.10) - 2018/05/04 21:43:04 CCT [2018/05/04 9:43:04 ET]
Table 'Aludra' 6-max Seat #1 is the button
Seat 1: wlsgh2750507 ($9.92 in chips) 
Seat 2: Kajtez97 ($10 in chips) 
Seat 3: Tommy2plates ($27.89 in chips) 
Seat 4: emanonoto ($10.47 in chips) 
Seat 5: sm404 ($2.94 in chips) 
Seat 6: HubertusB ($4.90 in chips) 
Kajtez97: posts small blind $0.05
Tommy2plates: posts big blind $0.10
*** HOLE CARDS ***
Dealt to HubertusB [Td 2s]
emanonoto: folds 
sm404: folds 
HubertusB: folds 
wlsgh2750507: folds 
Kajtez97: raises $0.20 to $0.30
Tommy2plates: calls $0.20
*** FLOP *** [Ah 4d 5s]
Kajtez97: checks 
Tommy2plates: checks 
*** TURN *** [Ah 4d 5s] [2h]
Kajtez97: bets $0.38
Tommy2plates: folds 
Uncalled bet ($0.38) returned to Kajtez97
Kajtez97 collected $0.57 from pot
Kajtez97: doesn't show hand 
*** SUMMARY ***
Total pot $0.60 | Rake $0.03 
Board [Ah 4d 5s 2h]
Seat 1: wlsgh2750507 (button) folded before Flop (didn't bet)
Seat 2: Kajtez97 (small blind) collected ($0.57)
Seat 3: Tommy2plates (big blind) folded on the Turn
Seat 4: emanonoto folded before Flop (didn't bet)
Seat 5: sm404 folded before Flop (didn't bet)
Seat 6: HubertusB folded before Flop (didn't bet)



PokerStars Zoom Hand #186005712070:  Hold'em No Limit ($0.05/$0.10) - 2018/05/04 21:43:09 CCT [2018/05/04 9:43:09 ET]
Table 'Aludra' 6-max Seat #1 is the button
Seat 1: ppk_onelove ($10 in chips) 
Seat 2: somewhat320 ($28.54 in chips) 
Seat 3: HubertusB ($4.90 in chips) 
Seat 4: Haaagen ($10 in chips) 
Seat 5: nitzed12 ($11.16 in chips) 
Seat 6: CarsonIS ($4.97 in chips) 
somewhat320: posts small blind $0.05
HubertusB: posts big blind $0.10
*** HOLE CARDS ***
Dealt to HubertusB [7h 9h]
Haaagen: folds 
nitzed12: folds 
CarsonIS: calls $0.10
ppk_onelove: folds 
somewhat320: calls $0.05
HubertusB: checks 
*** FLOP *** [Jc 7c 7d]
somewhat320: checks 
HubertusB: checks 
CarsonIS: checks 
*** TURN *** [Jc 7c 7d] [9c]
somewhat320: bets $0.20
HubertusB: raises $0.70 to $0.90
CarsonIS: folds 
somewhat320: folds 
Uncalled bet ($0.70) returned to HubertusB
HubertusB collected $0.67 from pot
HubertusB: doesn't show hand 
*** SUMMARY ***
Total pot $0.70 | Rake $0.03 
Board [Jc 7c 7d 9c]
Seat 1: ppk_onelove (button) folded before Flop (didn't bet)
Seat 2: somewhat320 (small blind) folded on the Turn
Seat 3: HubertusB (big blind) collected ($0.67)
Seat 4: Haaagen folded before Flop (didn't bet)
Seat 5: nitzed12 folded before Flop (didn't bet)
Seat 6: CarsonIS folded on the Turn



PokerStars Zoom Hand #186005730339:  Hold'em No Limit ($0.05/$0.10) - 2018/05/04 21:43:46 CCT [2018/05/04 9:43:46 ET]
Table 'Aludra' 6-max Seat #1 is the button
Seat 1: DudinAndrey ($13.57 in chips) 
Seat 2: 21pame69 ($12.16 in chips) 
Seat 3: zdaz1 ($14.44 in chips) 
Seat 4: wisekraut ($9.25 in chips) 
Seat 5: tosia69 ($10 in chips) 
Seat 6: HubertusB ($5.27 in chips) 
21pame69: posts small blind $0.05
zdaz1: posts big blind $0.10
*** HOLE CARDS ***
Dealt to HubertusB [Ac Jd]
wisekraut: folds 
tosia69: folds 
HubertusB: raises $0.10 to $0.20
DudinAndrey: folds 
21pame69: folds 
zdaz1: folds 
Uncalled bet ($0.10) returned to HubertusB
HubertusB collected $0.25 from pot
HubertusB: doesn't show hand 
*** SUMMARY ***
Total pot $0.25 | Rake $0 
Seat 1: DudinAndrey (button) folded before Flop (didn't bet)
Seat 2: 21pame69 (small blind) folded before Flop
Seat 3: zdaz1 (big blind) folded before Flop
Seat 4: wisekraut folded before Flop (didn't bet)
Seat 5: tosia69 folded before Flop (didn't bet)
Seat 6: HubertusB collected ($0.25)



PokerStars Zoom Hand #186005747540:  Hold'em No Limit ($0.05/$0.10) - 2018/05/04 21:44:21 CCT [2018/05/04 9:44:21 ET]
Table 'Aludra' 6-max Seat #1 is the button
Seat 1: kranovoy22 ($10 in chips) 
Seat 2: HubertusB ($5.42 in chips) 
Seat 3: kiryan97126 ($4.69 in chips) 
Seat 4: OIegan™ ($18.16 in chips) 
Seat 5: vaboglu ($6.02 in chips) 
Seat 6: 21021972 ($6.11 in chips) 
HubertusB: posts small blind $0.05
kiryan97126: posts big blind $0.10
*** HOLE CARDS ***
Dealt to HubertusB [8d 7s]
OIegan™: folds 
vaboglu: folds 
21021972: folds 
kranovoy22: folds 
HubertusB: folds 
Uncalled bet ($0.05) returned to kiryan97126
kiryan97126 collected $0.10 from pot
kiryan97126: doesn't show hand 
*** SUMMARY ***
Total pot $0.10 | Rake $0 
Seat 1: kranovoy22 (button) folded before Flop (didn't bet)
Seat 2: HubertusB (small blind) folded before Flop
Seat 3: kiryan97126 (big blind) collected ($0.10)
Seat 4: OIegan™ folded before Flop (didn't bet)
Seat 5: vaboglu folded before Flop (didn't bet)
Seat 6: 21021972 folded before Flop (didn't bet)



PokerStars Zoom Hand #186005740675:  Hold'em No Limit ($0.05/$0.10) - 2018/05/04 21:44:07 CCT [2018/05/04 9:44:07 ET]
Table 'Aludra' 6-max Seat #1 is the button
Seat 1: HubertusB ($5.42 in chips) 
Seat 2: CasinoCassia ($10.20 in chips) 
Seat 3: kls1952 ($8.22 in chips) 
Seat 4: Scotty20664 ($15.97 in chips) 
Seat 5: rottermont26T ($9.69 in chips) 
Seat 6: VAHRAMASHEN ($12.41 in chips) 
CasinoCassia: posts small blind $0.05
kls1952: posts big blind $0.10
*** HOLE CARDS ***
Dealt to HubertusB [Kc 9d]
Scotty20664: calls $0.10
rottermont26T: folds 
VAHRAMASHEN: raises $0.30 to $0.40
HubertusB: folds 
CasinoCassia: folds 
kls1952: folds 
Scotty20664: calls $0.30
*** FLOP *** [8h 3s 6d]
Scotty20664: checks 
VAHRAMASHEN: bets $0.46
Scotty20664: folds 
Uncalled bet ($0.46) returned to VAHRAMASHEN
VAHRAMASHEN collected $0.91 from pot
VAHRAMASHEN: doesn't show hand 
*** SUMMARY ***
Total pot $0.95 | Rake $0.04 
Board [8h 3s 6d]
Seat 1: HubertusB (button) folded before Flop (didn't bet)
Seat 2: CasinoCassia (small blind) folded before Flop
Seat 3: kls1952 (big blind) folded before Flop
Seat 4: Scotty20664 folded on the Flop
Seat 5: rottermont26T folded before Flop (didn't bet)
Seat 6: VAHRAMASHEN collected ($0.91)



PokerStars Zoom Hand #186005751890:  Hold'em No Limit ($0.05/$0.10) - 2018/05/04 21:44:30 CCT [2018/05/04 9:44:30 ET]
Table 'Aludra' 6-max Seat #1 is the button
Seat 1: FielderAero ($11.74 in chips) 
Seat 2: Parjato ($15.46 in chips) 
Seat 3: inoplanet ($9.16 in chips) 
Seat 4: HubertusB ($5.37 in chips) 
Seat 5: Kajtez97 ($10 in chips) 
Seat 6: Kruutial ($38.40 in chips) 
Parjato: posts small blind $0.05
inoplanet: posts big blind $0.10
*** HOLE CARDS ***
Dealt to HubertusB [Ad Qc]
HubertusB: raises $0.10 to $0.20
Kajtez97: folds 
Kruutial: folds 
FielderAero: folds 
Parjato: folds 
inoplanet: folds 
Uncalled bet ($0.10) returned to HubertusB
HubertusB collected $0.25 from pot
HubertusB: doesn't show hand 
*** SUMMARY ***
Total pot $0.25 | Rake $0 
Seat 1: FielderAero (button) folded before Flop (didn't bet)
Seat 2: Parjato (small blind) folded before Flop
Seat 3: inoplanet (big blind) folded before Flop
Seat 4: HubertusB collected ($0.25)
Seat 5: Kajtez97 folded before Flop (didn't bet)
Seat 6: Kruutial folded before Flop (didn't bet)



PokerStars Zoom Hand #186005759641:  Hold'em No Limit ($0.05/$0.10) - 2018/05/04 21:44:46 CCT [2018/05/04 9:44:46 ET]
Table 'Aludra' 6-max Seat #1 is the button
Seat 1: Luuckky989 ($9.28 in chips) 
Seat 2: jensi3105 ($15.35 in chips) 
Seat 3: HubertusB ($5.52 in chips) 
Seat 4: zdaz1 ($52.67 in chips) 
Seat 5: botano ($4.60 in chips) 
Seat 6: saleriver ($10 in chips) 
jensi3105: posts small blind $0.05
HubertusB: posts big blind $0.10
*** HOLE CARDS ***
Dealt to HubertusB [Kh 9s]
zdaz1: folds 
botano: folds 
saleriver: folds 
Luuckky989: folds 
jensi3105: folds 
Uncalled bet ($0.05) returned to HubertusB
HubertusB collected $0.10 from pot
HubertusB: doesn't show hand 
*** SUMMARY ***
Total pot $0.10 | Rake $0 
Seat 1: Luuckky989 (button) folded before Flop (didn't bet)
Seat 2: jensi3105 (small blind) folded before Flop
Seat 3: HubertusB (big blind) collected ($0.10)
Seat 4: zdaz1 folded before Flop (didn't bet)
Seat 5: botano folded before Flop (didn't bet)
Seat 6: saleriver folded before Flop (didn't bet)



PokerStars Zoom Hand #186005749466:  Hold'em No Limit ($0.05/$0.10) - 2018/05/04 21:44:25 CCT [2018/05/04 9:44:25 ET]
Table 'Aludra' 6-max Seat #1 is the button
Seat 1: argmfran ($21.96 in chips) 
Seat 2: Banginukas ($10.33 in chips) 
Seat 3: 21021972 ($6.11 in chips) 
Seat 4: vaboglu ($6.02 in chips) 
Seat 5: HubertusB ($5.37 in chips) 
Seat 6: Amauri CH ($9.75 in chips) 
Banginukas: posts small blind $0.05
21021972: posts big blind $0.10
*** HOLE CARDS ***
Dealt to HubertusB [9h Qc]
vaboglu: folds 
HubertusB: folds 
Amauri CH: folds 
argmfran: folds 
Banginukas: raises $0.12 to $0.22
21021972: calls $0.12
*** FLOP *** [Ac 2c 2h]
Banginukas: checks 
21021972: bets $0.20
Banginukas: folds 
Uncalled bet ($0.20) returned to 21021972
21021972 collected $0.42 from pot
21021972: doesn't show hand 
*** SUMMARY ***
Total pot $0.44 | Rake $0.02 
Board [Ac 2c 2h]
Seat 1: argmfran (button) folded before Flop (didn't bet)
Seat 2: Banginukas (small blind) folded on the Flop
Seat 3: 21021972 (big blind) collected ($0.42)
Seat 4: vaboglu folded before Flop (didn't bet)
Seat 5: HubertusB folded before Flop (didn't bet)
Seat 6: Amauri CH folded before Flop (didn't bet)



PokerStars Zoom Hand #186005765090:  Hold'em No Limit ($0.05/$0.10) - 2018/05/04 21:44:57 CCT [2018/05/04 9:44:57 ET]
Table 'Aludra' 6-max Seat #1 is the button
Seat 1: ZFP1 ($6.08 in chips) 
Seat 2: PornStar8986 ($5.05 in chips) 
Seat 3: AHTuKuJIJIEP ($12.83 in chips) 
Seat 4: QuillienHS ($14.08 in chips) 
Seat 5: HubertusB ($5.57 in chips) 
Seat 6: PanchoAyala ($10.93 in chips) 
PornStar8986: posts small blind $0.05
AHTuKuJIJIEP: posts big blind $0.10
*** HOLE CARDS ***
Dealt to HubertusB [8c 2c]
QuillienHS: folds 
HubertusB: folds 
PanchoAyala: folds 
ZFP1: folds 
PornStar8986: folds 
Uncalled bet ($0.05) returned to AHTuKuJIJIEP
AHTuKuJIJIEP collected $0.10 from pot
AHTuKuJIJIEP: doesn't show hand 
*** SUMMARY ***
Total pot $0.10 | Rake $0 
Seat 1: ZFP1 (button) folded before Flop (didn't bet)
Seat 2: PornStar8986 (small blind) folded before Flop
Seat 3: AHTuKuJIJIEP (big blind) collected ($0.10)
Seat 4: QuillienHS folded before Flop (didn't bet)
Seat 5: HubertusB folded before Flop (didn't bet)
Seat 6: PanchoAyala folded before Flop (didn't bet)



PokerStars Zoom Hand #186005767424:  Hold'em No Limit ($0.05/$0.10) - 2018/05/04 21:45:02 CCT [2018/05/04 9:45:02 ET]
Table 'Aludra' 6-max Seat #1 is the button
Seat 1: HubertusB ($5.57 in chips) 
Seat 2: Draugsvoll ($15.61 in chips) 
Seat 3: kranovoy22 ($40.71 in chips) 
Seat 4: Yilisha ($20.83 in chips) 
Seat 5: fede 7ñl ($32.54 in chips) 
Seat 6: TryingWinner ($10 in chips) 
Draugsvoll: posts small blind $0.05
kranovoy22: posts big blind $0.10
*** HOLE CARDS ***
Dealt to HubertusB [Kh 3h]
Yilisha: folds 
fede 7ñl: raises $0.15 to $0.25
TryingWinner: folds 
HubertusB: folds 
Draugsvoll: folds 
kranovoy22: folds 
Uncalled bet ($0.15) returned to fede 7ñl
fede 7ñl collected $0.25 from pot
fede 7ñl: doesn't show hand 
*** SUMMARY ***
Total pot $0.25 | Rake $0 
Seat 1: HubertusB (button) folded before Flop (didn't bet)
Seat 2: Draugsvoll (small blind) folded before Flop
Seat 3: kranovoy22 (big blind) folded before Flop
Seat 4: Yilisha folded before Flop (didn't bet)
Seat 5: fede 7ñl collected ($0.25)
Seat 6: TryingWinner folded before Flop (didn't bet)



PokerStars Zoom Hand #186005772190:  Hold'em No Limit ($0.05/$0.10) - 2018/05/04 21:45:12 CCT [2018/05/04 9:45:12 ET]
Table 'Aludra' 6-max Seat #1 is the button
Seat 1: MercurialKid ($10 in chips) 
Seat 2: HubertusB ($5.57 in chips) 
Seat 3: Haaagen ($10 in chips) 
Seat 4: HWHPSRC.D9 ($14.83 in chips) 
Seat 5: HERRFLICK2 ($10.40 in chips) 
Seat 6: justMaestro ($12.13 in chips) 
HubertusB: posts small blind $0.05
Haaagen: posts big blind $0.10
*** HOLE CARDS ***
Dealt to HubertusB [5s Kc]
HWHPSRC.D9: raises $0.19 to $0.29
HERRFLICK2: folds 
justMaestro: folds 
MercurialKid: folds 
HubertusB: folds 
Haaagen: folds 
Uncalled bet ($0.19) returned to HWHPSRC.D9
HWHPSRC.D9 collected $0.25 from pot
HWHPSRC.D9: doesn't show hand 
*** SUMMARY ***
Total pot $0.25 | Rake $0 
Seat 1: MercurialKid (button) folded before Flop (didn't bet)
Seat 2: HubertusB (small blind) folded before Flop
Seat 3: Haaagen (big blind) folded before Flop
Seat 4: HWHPSRC.D9 collected ($0.25)
Seat 5: HERRFLICK2 folded before Flop (didn't bet)
Seat 6: justMaestro folded before Flop (didn't bet)



PokerStars Zoom Hand #186005774531:  Hold'em No Limit ($0.05/$0.10) - 2018/05/04 21:45:17 CCT [2018/05/04 9:45:17 ET]
Table 'Aludra' 6-max Seat #1 is the button
Seat 1: ChipHoi9x ($26.24 in chips) 
Seat 2: rolling81 ($10 in chips) 
Seat 3: HubertusB ($5.52 in chips) 
Seat 4: SStivo ($9.45 in chips) 
Seat 5: get scam ($17.28 in chips) 
Seat 6: gakimoney ($29.59 in chips) 
rolling81: posts small blind $0.05
HubertusB: posts big blind $0.10
*** HOLE CARDS ***
Dealt to HubertusB [2c 4s]
SStivo: folds 
get scam: raises $0.10 to $0.20
gakimoney: folds 
ChipHoi9x: raises $0.20 to $0.40
rolling81: folds 
HubertusB: folds 
get scam: calls $0.20
*** FLOP *** [6h Kc 8c]
get scam: checks 
ChipHoi9x: bets $0.90
get scam: folds 
Uncalled bet ($0.90) returned to ChipHoi9x
ChipHoi9x collected $0.91 from pot
ChipHoi9x: doesn't show hand 
*** SUMMARY ***
Total pot $0.95 | Rake $0.04 
Board [6h Kc 8c]
Seat 1: ChipHoi9x (button) collected ($0.91)
Seat 2: rolling81 (small blind) folded before Flop
Seat 3: HubertusB (big blind) folded before Flop
Seat 4: SStivo folded before Flop (didn't bet)
Seat 5: get scam folded on the Flop
Seat 6: gakimoney folded before Flop (didn't bet)



PokerStars Zoom Hand #186005777208:  Hold'em No Limit ($0.05/$0.10) - 2018/05/04 21:45:23 CCT [2018/05/04 9:45:23 ET]
Table 'Aludra' 6-max Seat #1 is the button
Seat 1: sonyks2007 ($9.24 in chips) 
Seat 2: rubapyh ($3.69 in chips) 
Seat 3: Parjato ($22.49 in chips) 
Seat 4: Kruutial ($39.14 in chips) 
Seat 5: auc0828 ($4.59 in chips) 
Seat 6: HubertusB ($5.42 in chips) 
rubapyh: posts small blind $0.05
Parjato: posts big blind $0.10
*** HOLE CARDS ***
Dealt to HubertusB [6h Ad]
Kruutial: folds 
auc0828: raises $0.20 to $0.30
HubertusB: folds 
sonyks2007: folds 
rubapyh: raises $3.39 to $3.69 and is all-in
Parjato: folds 
auc0828: calls $3.39
*** FLOP *** [9c 2c Jh]
*** TURN *** [9c 2c Jh] [5c]
*** RIVER *** [9c 2c Jh 5c] [7d]
*** SHOW DOWN ***
rubapyh: shows [7s Tc] (a pair of Sevens)
auc0828: shows [5d 5s] (three of a kind, Fives)
auc0828 collected $7.14 from pot
*** SUMMARY ***
Total pot $7.48 | Rake $0.34 
Board [9c 2c Jh 5c 7d]
Seat 1: sonyks2007 (button) folded before Flop (didn't bet)
Seat 2: rubapyh (small blind) showed [7s Tc] and lost with a pair of Sevens
Seat 3: Parjato (big blind) folded before Flop
Seat 4: Kruutial folded before Flop (didn't bet)
Seat 5: auc0828 showed [5d 5s] and won ($7.14) with three of a kind, Fives
Seat 6: HubertusB folded before Flop (didn't bet)



PokerStars Zoom Hand #186005782106:  Hold'em No Limit ($0.05/$0.10) - 2018/05/04 21:45:34 CCT [2018/05/04 9:45:34 ET]
Table 'Aludra' 6-max Seat #1 is the button
Seat 1: HubertusB ($5.42 in chips) 
Seat 2: CarsonIS ($6.19 in chips) 
Seat 3: TsitukDR ($10.27 in chips) 
Seat 4: WhiteDAGLeki ($12.64 in chips) 
Seat 5: labrador9100 ($13.64 in chips) 
Seat 6: Akmz ($11.99 in chips) 
CarsonIS: posts small blind $0.05
TsitukDR: posts big blind $0.10
*** HOLE CARDS ***
Dealt to HubertusB [2s 2d]
WhiteDAGLeki: folds 
labrador9100: raises $0.15 to $0.25
Akmz: folds 
HubertusB: calls $0.25
CarsonIS: folds 
TsitukDR: folds 
*** FLOP *** [3c 8h 3s]
labrador9100: checks 
HubertusB: checks 
*** TURN *** [3c 8h 3s] [8d]
labrador9100: checks 
HubertusB: bets $0.30
labrador9100: folds 
Uncalled bet ($0.30) returned to HubertusB
HubertusB collected $0.62 from pot
HubertusB: doesn't show hand 
*** SUMMARY ***
Total pot $0.65 | Rake $0.03 
Board [3c 8h 3s 8d]
Seat 1: HubertusB (button) collected ($0.62)
Seat 2: CarsonIS (small blind) folded before Flop
Seat 3: TsitukDR (big blind) folded before Flop
Seat 4: WhiteDAGLeki folded before Flop (didn't bet)
Seat 5: labrador9100 folded on the Turn
Seat 6: Akmz folded before Flop (didn't bet)



PokerStars Zoom Hand #186005806672:  Hold'em No Limit ($0.05/$0.10) - 2018/05/04 21:46:24 CCT [2018/05/04 9:46:24 ET]
Table 'Aludra' 6-max Seat #1 is the button
Seat 1: auc0828 ($7.79 in chips) 
Seat 2: HubertusB ($5.79 in chips) 
Seat 3: CasinoCassia ($10 in chips) 
Seat 4: Zio000 ($12.84 in chips) 
Seat 5: arm.avd ($22.52 in chips) 
Seat 6: m3ssy34 ($5.13 in chips) 
HubertusB: posts small blind $0.05
CasinoCassia: posts big blind $0.10
*** HOLE CARDS ***
Dealt to HubertusB [3s 7d]
Zio000: folds 
arm.avd: folds 
m3ssy34: folds 
auc0828: raises $0.20 to $0.30
HubertusB: folds 
CasinoCassia: folds 
Uncalled bet ($0.20) returned to auc0828
auc0828 collected $0.25 from pot
auc0828: doesn't show hand 
*** SUMMARY ***
Total pot $0.25 | Rake $0 
Seat 1: auc0828 (button) collected ($0.25)
Seat 2: HubertusB (small blind) folded before Flop
Seat 3: CasinoCassia (big blind) folded before Flop
Seat 4: Zio000 folded before Flop (didn't bet)
Seat 5: arm.avd folded before Flop (didn't bet)
Seat 6: m3ssy34 folded before Flop (didn't bet)



PokerStars Zoom Hand #186005802147:  Hold'em No Limit ($0.05/$0.10) - 2018/05/04 21:46:15 CCT [2018/05/04 9:46:15 ET]
Table 'Aludra' 6-max Seat #1 is the button
Seat 1: kokOTNP ($10.31 in chips) 
Seat 2: 24Florenzi ($13.04 in chips) 
Seat 3: BYLEE8 ($16.38 in chips) 
Seat 4: HubertusB ($5.79 in chips) 
Seat 5: emanonoto ($12.42 in chips) 
Seat 6: Kruutial ($39.14 in chips) 
24Florenzi: posts small blind $0.05
BYLEE8: posts big blind $0.10
*** HOLE CARDS ***
Dealt to HubertusB [Kc Js]
HubertusB: folds 
emanonoto: folds 
Kruutial: folds 
kokOTNP: folds 
24Florenzi: raises $0.20 to $0.30
BYLEE8: calls $0.20
*** FLOP *** [2d 3h Qh]
24Florenzi: checks 
BYLEE8: checks 
*** TURN *** [2d 3h Qh] [5h]
24Florenzi: checks 
BYLEE8: checks 
*** RIVER *** [2d 3h Qh 5h] [Tc]
24Florenzi: bets $0.38
BYLEE8: calls $0.38
*** SHOW DOWN ***
24Florenzi: shows [6d Qd] (a pair of Queens)
BYLEE8: mucks hand 
24Florenzi collected $1.30 from pot
*** SUMMARY ***
Total pot $1.36 | Rake $0.06 
Board [2d 3h Qh 5h Tc]
Seat 1: kokOTNP (button) folded before Flop (didn't bet)
Seat 2: 24Florenzi (small blind) showed [6d Qd] and won ($1.30) with a pair of Queens
Seat 3: BYLEE8 (big blind) mucked [Td Ac]
Seat 4: HubertusB folded before Flop (didn't bet)
Seat 5: emanonoto folded before Flop (didn't bet)
Seat 6: Kruutial folded before Flop (didn't bet)



