PokerStars Zoom Hand #186015677979:  Hold'em No Limit ($0.05/$0.10) - 2018/05/05 2:30:50 CCT [2018/05/04 14:30:50 ET]
Table 'Aludra' 6-max Seat #1 is the button
Seat 1: TsitukDR ($10.49 in chips) 
Seat 2: Psychol11111 ($10 in chips) 
Seat 3: HubertusB ($10 in chips) 
Seat 4: Boom591 ($10.71 in chips) 
Seat 5: turboden10 ($6.16 in chips) 
Seat 6: C14n0 ($15.24 in chips) 
Psychol11111: posts small blind $0.05
HubertusB: posts big blind $0.10
*** HOLE CARDS ***
Dealt to HubertusB [Ac 3d]
Boom591: folds 
turboden10: folds 
C14n0: folds 
TsitukDR: folds 
Psychol11111: raises $0.15 to $0.25
HubertusB: folds 
Uncalled bet ($0.15) returned to Psychol11111
Psychol11111 collected $0.20 from pot
Psychol11111: doesn't show hand 
*** SUMMARY ***
Total pot $0.20 | Rake $0 
Seat 1: TsitukDR (button) folded before Flop (didn't bet)
Seat 2: Psychol11111 (small blind) collected ($0.20)
Seat 3: HubertusB (big blind) folded before Flop
Seat 4: Boom591 folded before Flop (didn't bet)
Seat 5: turboden10 folded before Flop (didn't bet)
Seat 6: C14n0 folded before Flop (didn't bet)



PokerStars Zoom Hand #186015688610:  Hold'em No Limit ($0.05/$0.10) - 2018/05/05 2:31:05 CCT [2018/05/04 14:31:05 ET]
Table 'Aludra' 6-max Seat #1 is the button
Seat 1: IR0CHKA ($6.96 in chips) 
Seat 2: HubertusB ($9.90 in chips) 
Seat 3: gcards91 ($10.32 in chips) 
Seat 4: sg7444 ($7.66 in chips) 
Seat 5: Mac_Elef ($13.49 in chips) 
Seat 6: calthedude ($18.21 in chips) 
HubertusB: posts small blind $0.05
gcards91: posts big blind $0.10
*** HOLE CARDS ***
Dealt to HubertusB [Jh 8h]
sg7444: folds 
Mac_Elef: folds 
calthedude: folds 
IR0CHKA: raises $6.86 to $6.96 and is all-in
HubertusB: folds 
gcards91: folds 
Uncalled bet ($6.86) returned to IR0CHKA
IR0CHKA collected $0.25 from pot
IR0CHKA: doesn't show hand 
*** SUMMARY ***
Total pot $0.25 | Rake $0 
Seat 1: IR0CHKA (button) collected ($0.25)
Seat 2: HubertusB (small blind) folded before Flop
Seat 3: gcards91 (big blind) folded before Flop
Seat 4: sg7444 folded before Flop (didn't bet)
Seat 5: Mac_Elef folded before Flop (didn't bet)
Seat 6: calthedude folded before Flop (didn't bet)



PokerStars Zoom Hand #186015713861:  Hold'em No Limit ($0.05/$0.10) - 2018/05/05 2:31:40 CCT [2018/05/04 14:31:40 ET]
Table 'Aludra' 6-max Seat #1 is the button
Seat 1: fff1d ($15.24 in chips) 
Seat 2: HubertusB ($9.85 in chips) 
Seat 3: wlad198 ($13.05 in chips) 
Seat 4: Scrat4es ($13.30 in chips) 
Seat 5: AngelBear82 ($39.55 in chips) 
Seat 6: skerdser ($6.24 in chips) 
HubertusB: posts small blind $0.05
wlad198: posts big blind $0.10
*** HOLE CARDS ***
Dealt to HubertusB [8d Ks]
Scrat4es: folds 
AngelBear82: folds 
skerdser: folds 
fff1d: raises $0.20 to $0.30
HubertusB: folds 
wlad198: folds 
Uncalled bet ($0.20) returned to fff1d
fff1d collected $0.25 from pot
fff1d: doesn't show hand 
*** SUMMARY ***
Total pot $0.25 | Rake $0 
Seat 1: fff1d (button) collected ($0.25)
Seat 2: HubertusB (small blind) folded before Flop
Seat 3: wlad198 (big blind) folded before Flop
Seat 4: Scrat4es folded before Flop (didn't bet)
Seat 5: AngelBear82 folded before Flop (didn't bet)
Seat 6: skerdser folded before Flop (didn't bet)



PokerStars Zoom Hand #186015718156:  Hold'em No Limit ($0.05/$0.10) - 2018/05/05 2:31:46 CCT [2018/05/04 14:31:46 ET]
Table 'Aludra' 6-max Seat #1 is the button
Seat 1: IntenseDnB ($14.75 in chips) 
Seat 2: Roland3399 ($17.80 in chips) 
Seat 3: LumpyBadbeat ($10.66 in chips) 
Seat 4: -0-TaHya-0- ($3.40 in chips) 
Seat 5: HubertusB ($9.80 in chips) 
Seat 6: Martlith ($10 in chips) 
Roland3399: posts small blind $0.05
LumpyBadbeat: posts big blind $0.10
*** HOLE CARDS ***
Dealt to HubertusB [6s Qc]
-0-TaHya-0-: folds 
HubertusB: folds 
Martlith: raises $0.20 to $0.30
IntenseDnB: folds 
Roland3399: folds 
LumpyBadbeat: folds 
Uncalled bet ($0.20) returned to Martlith
Martlith collected $0.25 from pot
Martlith: doesn't show hand 
*** SUMMARY ***
Total pot $0.25 | Rake $0 
Seat 1: IntenseDnB (button) folded before Flop (didn't bet)
Seat 2: Roland3399 (small blind) folded before Flop
Seat 3: LumpyBadbeat (big blind) folded before Flop
Seat 4: -0-TaHya-0- folded before Flop (didn't bet)
Seat 5: HubertusB folded before Flop (didn't bet)
Seat 6: Martlith collected ($0.25)



PokerStars Zoom Hand #186015709489:  Hold'em No Limit ($0.05/$0.10) - 2018/05/05 2:31:34 CCT [2018/05/04 14:31:34 ET]
Table 'Aludra' 6-max Seat #1 is the button
Seat 1: SolitaryDan ($8.37 in chips) 
Seat 2: ImpalerPoker ($25.32 in chips) 
Seat 3: klopen1982 ($13.62 in chips) 
Seat 4: lovevvins ($8.87 in chips) 
Seat 5: Pho0n ($10 in chips) 
Seat 6: HubertusB ($9.85 in chips) 
ImpalerPoker: posts small blind $0.05
klopen1982: posts big blind $0.10
*** HOLE CARDS ***
Dealt to HubertusB [3s Jc]
lovevvins: calls $0.10
Pho0n: folds 
HubertusB: folds 
SolitaryDan: folds 
ImpalerPoker: folds 
klopen1982: raises $0.25 to $0.35
lovevvins: calls $0.25
*** FLOP *** [Qs 5d 7d]
klopen1982: bets $0.55
lovevvins: folds 
Uncalled bet ($0.55) returned to klopen1982
klopen1982 collected $0.72 from pot
klopen1982: doesn't show hand 
*** SUMMARY ***
Total pot $0.75 | Rake $0.03 
Board [Qs 5d 7d]
Seat 1: SolitaryDan (button) folded before Flop (didn't bet)
Seat 2: ImpalerPoker (small blind) folded before Flop
Seat 3: klopen1982 (big blind) collected ($0.72)
Seat 4: lovevvins folded on the Flop
Seat 5: Pho0n folded before Flop (didn't bet)
Seat 6: HubertusB folded before Flop (didn't bet)



PokerStars Zoom Hand #186015721863:  Hold'em No Limit ($0.05/$0.10) - 2018/05/05 2:31:51 CCT [2018/05/04 14:31:51 ET]
Table 'Aludra' 6-max Seat #1 is the button
Seat 1: no present ($7.30 in chips) 
Seat 2: wlad198 ($12.95 in chips) 
Seat 3: HubertusB ($9.80 in chips) 
Seat 4: Scrat4es ($13.20 in chips) 
Seat 5: alexandro156 ($25.55 in chips) 
Seat 6: fede 7ñl ($10.83 in chips) 
wlad198: posts small blind $0.05
HubertusB: posts big blind $0.10
*** HOLE CARDS ***
Dealt to HubertusB [Kh 2d]
Scrat4es: folds 
alexandro156: folds 
fede 7ñl: folds 
no present: folds 
wlad198: raises $0.15 to $0.25
HubertusB: folds 
Uncalled bet ($0.15) returned to wlad198
wlad198 collected $0.20 from pot
wlad198: doesn't show hand 
*** SUMMARY ***
Total pot $0.20 | Rake $0 
Seat 1: no present (button) folded before Flop (didn't bet)
Seat 2: wlad198 (small blind) collected ($0.20)
Seat 3: HubertusB (big blind) folded before Flop
Seat 4: Scrat4es folded before Flop (didn't bet)
Seat 5: alexandro156 folded before Flop (didn't bet)
Seat 6: fede 7ñl folded before Flop (didn't bet)



PokerStars Zoom Hand #186015702904:  Hold'em No Limit ($0.05/$0.10) - 2018/05/05 2:31:25 CCT [2018/05/04 14:31:25 ET]
Table 'Aludra' 6-max Seat #1 is the button
Seat 1: HubertusB ($9.85 in chips) 
Seat 2: DP Neue ($9.05 in chips) 
Seat 3: oldfish347 ($22.05 in chips) 
Seat 4: D4nyBoy ($10.38 in chips) 
Seat 5: mityai174rus ($22.59 in chips) 
Seat 6: Kirameja2008 ($9.14 in chips) 
DP Neue: posts small blind $0.05
oldfish347: posts big blind $0.10
*** HOLE CARDS ***
Dealt to HubertusB [7c 3h]
D4nyBoy: folds 
mityai174rus: raises $0.20 to $0.30
Kirameja2008: folds 
HubertusB: folds 
DP Neue: folds 
oldfish347: calls $0.20
*** FLOP *** [Th 2s 9h]
oldfish347: checks 
mityai174rus: bets $0.35
oldfish347: raises $0.66 to $1.01
mityai174rus: folds 
Uncalled bet ($0.66) returned to oldfish347
oldfish347 collected $1.29 from pot
oldfish347: doesn't show hand 
*** SUMMARY ***
Total pot $1.35 | Rake $0.06 
Board [Th 2s 9h]
Seat 1: HubertusB (button) folded before Flop (didn't bet)
Seat 2: DP Neue (small blind) folded before Flop
Seat 3: oldfish347 (big blind) collected ($1.29)
Seat 4: D4nyBoy folded before Flop (didn't bet)
Seat 5: mityai174rus folded on the Flop
Seat 6: Kirameja2008 folded before Flop (didn't bet)



PokerStars Zoom Hand #186015729134:  Hold'em No Limit ($0.05/$0.10) - 2018/05/05 2:32:01 CCT [2018/05/04 14:32:01 ET]
Table 'Aludra' 6-max Seat #1 is the button
Seat 1: davenagy9 ($13.60 in chips) 
Seat 2: shadowmooon ($10 in chips) 
Seat 3: OeTen101 ($32.59 in chips) 
Seat 4: ImGonnaDonk ($10.17 in chips) 
Seat 5: HubertusB ($9.70 in chips) 
Seat 6: mityai174rus ($21.94 in chips) 
shadowmooon: posts small blind $0.05
OeTen101: posts big blind $0.10
*** HOLE CARDS ***
Dealt to HubertusB [7s Qc]
ImGonnaDonk: folds 
HubertusB: folds 
mityai174rus: folds 
davenagy9: raises $0.20 to $0.30
shadowmooon: raises $0.70 to $1
OeTen101: folds 
davenagy9: calls $0.70
*** FLOP *** [6c 5h Ks]
shadowmooon: bets $0.94
davenagy9: folds 
Uncalled bet ($0.94) returned to shadowmooon
shadowmooon collected $2.01 from pot
shadowmooon: doesn't show hand 
*** SUMMARY ***
Total pot $2.10 | Rake $0.09 
Board [6c 5h Ks]
Seat 1: davenagy9 (button) folded on the Flop
Seat 2: shadowmooon (small blind) collected ($2.01)
Seat 3: OeTen101 (big blind) folded before Flop
Seat 4: ImGonnaDonk folded before Flop (didn't bet)
Seat 5: HubertusB folded before Flop (didn't bet)
Seat 6: mityai174rus folded before Flop (didn't bet)



PokerStars Zoom Hand #186015745461:  Hold'em No Limit ($0.05/$0.10) - 2018/05/05 2:32:24 CCT [2018/05/04 14:32:24 ET]
Table 'Aludra' 6-max Seat #1 is the button
Seat 1: bearos007 ($14.23 in chips) 
Seat 2: Alarmaz ($17.60 in chips) 
Seat 3: shadowmooon ($10.74 in chips) 
Seat 4: Drawzee ($11.82 in chips) 
Seat 5: calthedude ($12.67 in chips) 
Seat 6: HubertusB ($9.70 in chips) 
Alarmaz: posts small blind $0.05
shadowmooon: posts big blind $0.10
*** HOLE CARDS ***
Dealt to HubertusB [3h 8c]
Drawzee: folds 
calthedude: raises $0.20 to $0.30
HubertusB: folds 
bearos007: folds 
Alarmaz: folds 
shadowmooon: folds 
Uncalled bet ($0.20) returned to calthedude
calthedude collected $0.25 from pot
calthedude: doesn't show hand 
*** SUMMARY ***
Total pot $0.25 | Rake $0 
Seat 1: bearos007 (button) folded before Flop (didn't bet)
Seat 2: Alarmaz (small blind) folded before Flop
Seat 3: shadowmooon (big blind) folded before Flop
Seat 4: Drawzee folded before Flop (didn't bet)
Seat 5: calthedude collected ($0.25)
Seat 6: HubertusB folded before Flop (didn't bet)



PokerStars Zoom Hand #186015748968:  Hold'em No Limit ($0.05/$0.10) - 2018/05/05 2:32:29 CCT [2018/05/04 14:32:29 ET]
Table 'Aludra' 6-max Seat #1 is the button
Seat 1: fede 7ñl ($10.73 in chips) 
Seat 2: Draugsvoll ($10.38 in chips) 
Seat 3: HubertusB ($9.70 in chips) 
Seat 4: NegromJames ($29.03 in chips) 
Seat 5: MsSuffolk ($9.40 in chips) 
Seat 6: lutzutzut ($14.88 in chips) 
Draugsvoll: posts small blind $0.05
HubertusB: posts big blind $0.10
*** HOLE CARDS ***
Dealt to HubertusB [9c 3h]
NegromJames: folds 
MsSuffolk: raises $0.30 to $0.40
lutzutzut: folds 
fede 7ñl: folds 
Draugsvoll: folds 
HubertusB: folds 
Uncalled bet ($0.30) returned to MsSuffolk
MsSuffolk collected $0.25 from pot
MsSuffolk: doesn't show hand 
*** SUMMARY ***
Total pot $0.25 | Rake $0 
Seat 1: fede 7ñl (button) folded before Flop (didn't bet)
Seat 2: Draugsvoll (small blind) folded before Flop
Seat 3: HubertusB (big blind) folded before Flop
Seat 4: NegromJames folded before Flop (didn't bet)
Seat 5: MsSuffolk collected ($0.25)
Seat 6: lutzutzut folded before Flop (didn't bet)



PokerStars Zoom Hand #186015741148:  Hold'em No Limit ($0.05/$0.10) - 2018/05/05 2:32:18 CCT [2018/05/04 14:32:18 ET]
Table 'Aludra' 6-max Seat #1 is the button
Seat 1: HubertusB ($9.70 in chips) 
Seat 2: I Ba$im I ($10.31 in chips) 
Seat 3: Wittl ($12.44 in chips) 
Seat 4: panton11 ($16.93 in chips) 
Seat 5: maciejka888 ($9.26 in chips) 
Seat 6: FreddyF1 ($30.07 in chips) 
I Ba$im I: posts small blind $0.05
Wittl: posts big blind $0.10
*** HOLE CARDS ***
Dealt to HubertusB [Ks Th]
panton11: folds 
maciejka888 has timed out while disconnected
maciejka888: folds 
FreddyF1: folds 
HubertusB: folds 
I Ba$im I: raises $0.20 to $0.30
Wittl: folds 
Uncalled bet ($0.20) returned to I Ba$im I
I Ba$im I collected $0.20 from pot
I Ba$im I: doesn't show hand 
*** SUMMARY ***
Total pot $0.20 | Rake $0 
Seat 1: HubertusB (button) folded before Flop (didn't bet)
Seat 2: I Ba$im I (small blind) collected ($0.20)
Seat 3: Wittl (big blind) folded before Flop
Seat 4: panton11 folded before Flop (didn't bet)
Seat 5: maciejka888 folded before Flop (didn't bet)
Seat 6: FreddyF1 folded before Flop (didn't bet)



PokerStars Zoom Hand #186015732691:  Hold'em No Limit ($0.05/$0.10) - 2018/05/05 2:32:06 CCT [2018/05/04 14:32:06 ET]
Table 'Aludra' 6-max Seat #1 is the button
Seat 1: HubertusB ($9.70 in chips) 
Seat 2: JohnSF7 ($12.79 in chips) 
Seat 3: KpOcKeTa ($10.10 in chips) 
Seat 4: kenneeoin ($9.20 in chips) 
Seat 5: Kirgis501 ($20.04 in chips) 
Seat 6: Psychol11111 ($10.32 in chips) 
JohnSF7: posts small blind $0.05
KpOcKeTa: posts big blind $0.10
*** HOLE CARDS ***
Dealt to HubertusB [5c 3d]
kenneeoin: folds 
Kirgis501: folds 
Psychol11111: folds 
HubertusB: folds 
JohnSF7: raises $0.20 to $0.30
KpOcKeTa: calls $0.20
*** FLOP *** [4s 8c 4c]
JohnSF7: bets $0.28
KpOcKeTa: folds 
Uncalled bet ($0.28) returned to JohnSF7
JohnSF7 collected $0.57 from pot
JohnSF7: doesn't show hand 
*** SUMMARY ***
Total pot $0.60 | Rake $0.03 
Board [4s 8c 4c]
Seat 1: HubertusB (button) folded before Flop (didn't bet)
Seat 2: JohnSF7 (small blind) collected ($0.57)
Seat 3: KpOcKeTa (big blind) folded on the Flop
Seat 4: kenneeoin folded before Flop (didn't bet)
Seat 5: Kirgis501 folded before Flop (didn't bet)
Seat 6: Psychol11111 folded before Flop (didn't bet)



PokerStars Zoom Hand #186015759109:  Hold'em No Limit ($0.05/$0.10) - 2018/05/05 2:32:43 CCT [2018/05/04 14:32:43 ET]
Table 'Aludra' 6-max Seat #1 is the button
Seat 1: mordwin03 ($16.46 in chips) 
Seat 2: Ser Tyapkin ($10.38 in chips) 
Seat 3: Mut4nt ($11.39 in chips) 
Seat 4: belyi586 ($24.91 in chips) 
Seat 5: progre$$or ($10 in chips) 
Seat 6: HubertusB ($9.55 in chips) 
Ser Tyapkin: posts small blind $0.05
Mut4nt: posts big blind $0.10
*** HOLE CARDS ***
Dealt to HubertusB [6c Qh]
belyi586: folds 
progre$$or: folds 
HubertusB: folds 
mordwin03: folds 
Ser Tyapkin: raises $0.15 to $0.25
Mut4nt: calls $0.15
*** FLOP *** [2s 3h 7s]
Ser Tyapkin: checks 
Mut4nt: bets $0.23
Ser Tyapkin: folds 
Uncalled bet ($0.23) returned to Mut4nt
Mut4nt collected $0.48 from pot
Mut4nt: doesn't show hand 
*** SUMMARY ***
Total pot $0.50 | Rake $0.02 
Board [2s 3h 7s]
Seat 1: mordwin03 (button) folded before Flop (didn't bet)
Seat 2: Ser Tyapkin (small blind) folded on the Flop
Seat 3: Mut4nt (big blind) collected ($0.48)
Seat 4: belyi586 folded before Flop (didn't bet)
Seat 5: progre$$or folded before Flop (didn't bet)
Seat 6: HubertusB folded before Flop (didn't bet)



PokerStars Zoom Hand #186015770683:  Hold'em No Limit ($0.05/$0.10) - 2018/05/05 2:32:59 CCT [2018/05/04 14:32:59 ET]
Table 'Aludra' 6-max Seat #1 is the button
Seat 1: Vengeance778 ($10 in chips) 
Seat 2: CJIOHNK ($10.96 in chips) 
Seat 3: Pertuza ($12.42 in chips) 
Seat 4: HubertusB ($9.55 in chips) 
Seat 5: oldfish347 ($11.08 in chips) 
Seat 6: Chmuri7 ($11.25 in chips) 
CJIOHNK: posts small blind $0.05
Pertuza: posts big blind $0.10
*** HOLE CARDS ***
Dealt to HubertusB [Qd Tc]
HubertusB: folds 
oldfish347: folds 
Chmuri7: folds 
Vengeance778: folds 
CJIOHNK: folds 
Uncalled bet ($0.05) returned to Pertuza
Pertuza collected $0.10 from pot
Pertuza: doesn't show hand 
*** SUMMARY ***
Total pot $0.10 | Rake $0 
Seat 1: Vengeance778 (button) folded before Flop (didn't bet)
Seat 2: CJIOHNK (small blind) folded before Flop
Seat 3: Pertuza (big blind) collected ($0.10)
Seat 4: HubertusB folded before Flop (didn't bet)
Seat 5: oldfish347 folded before Flop (didn't bet)
Seat 6: Chmuri7 folded before Flop (didn't bet)



PokerStars Zoom Hand #186015766295:  Hold'em No Limit ($0.05/$0.10) - 2018/05/05 2:32:53 CCT [2018/05/04 14:32:53 ET]
Table 'Aludra' 6-max Seat #1 is the button
Seat 1: sergant30477 ($14.69 in chips) 
Seat 2: DZZ76 ($9.75 in chips) 
Seat 3: glagla87 ($30.57 in chips) 
Seat 4: TheWitchCat ($11.01 in chips) 
Seat 5: HubertusB ($9.55 in chips) 
Seat 6: Vasily75 ($27.17 in chips) 
DZZ76: posts small blind $0.05
glagla87: posts big blind $0.10
*** HOLE CARDS ***
Dealt to HubertusB [3s Ks]
TheWitchCat: folds 
HubertusB: folds 
Vasily75: raises $0.20 to $0.30
sergant30477: raises $0.60 to $0.90
DZZ76: folds 
glagla87: folds 
Vasily75: calls $0.60
*** FLOP *** [Kc Qc Jc]
Vasily75: checks 
sergant30477: bets $1.14
Vasily75: folds 
Uncalled bet ($1.14) returned to sergant30477
sergant30477 collected $1.86 from pot
sergant30477: doesn't show hand 
*** SUMMARY ***
Total pot $1.95 | Rake $0.09 
Board [Kc Qc Jc]
Seat 1: sergant30477 (button) collected ($1.86)
Seat 2: DZZ76 (small blind) folded before Flop
Seat 3: glagla87 (big blind) folded before Flop
Seat 4: TheWitchCat folded before Flop (didn't bet)
Seat 5: HubertusB folded before Flop (didn't bet)
Seat 6: Vasily75 folded on the Flop



PokerStars Zoom Hand #186015754022:  Hold'em No Limit ($0.05/$0.10) - 2018/05/05 2:32:36 CCT [2018/05/04 14:32:36 ET]
Table 'Aludra' 6-max Seat #1 is the button
Seat 1: JaydenIp ($18.86 in chips) 
Seat 2: HubertusB ($9.60 in chips) 
Seat 3: kenneeoin ($8.38 in chips) 
Seat 4: fff1d ($19.35 in chips) 
Seat 5: OMG itz Sams ($11.29 in chips) 
Seat 6: Pho0n ($10 in chips) 
HubertusB: posts small blind $0.05
kenneeoin: posts big blind $0.10
*** HOLE CARDS ***
Dealt to HubertusB [7s Jc]
fff1d: folds 
OMG itz Sams: raises $0.15 to $0.25
Pho0n: folds 
JaydenIp: calls $0.25
HubertusB: folds 
kenneeoin: folds 
*** FLOP *** [As 2c 4h]
OMG itz Sams: bets $0.22
JaydenIp: calls $0.22
*** TURN *** [As 2c 4h] [8s]
OMG itz Sams: checks 
JaydenIp: checks 
*** RIVER *** [As 2c 4h 8s] [3d]
OMG itz Sams: bets $0.73
JaydenIp: raises $1.27 to $2
OMG itz Sams: folds 
Uncalled bet ($1.27) returned to JaydenIp
JaydenIp collected $2.44 from pot
JaydenIp: doesn't show hand 
*** SUMMARY ***
Total pot $2.55 | Rake $0.11 
Board [As 2c 4h 8s 3d]
Seat 1: JaydenIp (button) collected ($2.44)
Seat 2: HubertusB (small blind) folded before Flop
Seat 3: kenneeoin (big blind) folded before Flop
Seat 4: fff1d folded before Flop (didn't bet)
Seat 5: OMG itz Sams folded on the River
Seat 6: Pho0n folded before Flop (didn't bet)



PokerStars Zoom Hand #186015779379:  Hold'em No Limit ($0.05/$0.10) - 2018/05/05 2:33:11 CCT [2018/05/04 14:33:11 ET]
Table 'Aludra' 6-max Seat #1 is the button
Seat 1: progre$$or ($19.58 in chips) 
Seat 2: Pho0n ($10.05 in chips) 
Seat 3: HubertusB ($9.55 in chips) 
Seat 4: AngelBear82 ($17.82 in chips) 
Seat 5: chemergez ($18.46 in chips) 
Seat 6: honorary81 ($10 in chips) 
Pho0n: posts small blind $0.05
HubertusB: posts big blind $0.10
*** HOLE CARDS ***
Dealt to HubertusB [2c Td]
AngelBear82: folds 
chemergez: folds 
honorary81: folds 
progre$$or: folds 
Pho0n: folds 
Uncalled bet ($0.05) returned to HubertusB
HubertusB collected $0.10 from pot
HubertusB: doesn't show hand 
*** SUMMARY ***
Total pot $0.10 | Rake $0 
Seat 1: progre$$or (button) folded before Flop (didn't bet)
Seat 2: Pho0n (small blind) folded before Flop
Seat 3: HubertusB (big blind) collected ($0.10)
Seat 4: AngelBear82 folded before Flop (didn't bet)
Seat 5: chemergez folded before Flop (didn't bet)
Seat 6: honorary81 folded before Flop (didn't bet)



PokerStars Zoom Hand #186015736872:  Hold'em No Limit ($0.05/$0.10) - 2018/05/05 2:32:12 CCT [2018/05/04 14:32:12 ET]
Table 'Aludra' 6-max Seat #1 is the button
Seat 1: ImGonnaDonk ($10.12 in chips) 
Seat 2: NegromJames ($37.55 in chips) 
Seat 3: juliojr1006 ($15.73 in chips) 
Seat 4: HubertusB ($9.70 in chips) 
Seat 5: ford170596.s ($5.18 in chips) 
Seat 6: Atheist X ($13.92 in chips) 
NegromJames: posts small blind $0.05
juliojr1006: posts big blind $0.10
*** HOLE CARDS ***
Dealt to HubertusB [3c 8d]
HubertusB: folds 
ford170596.s: raises $0.10 to $0.20
Atheist X: calls $0.20
ImGonnaDonk: folds 
NegromJames: folds 
juliojr1006: calls $0.10
*** FLOP *** [Th 7c 3s]
juliojr1006: bets $0.30
ford170596.s: calls $0.30
Atheist X: folds 
*** TURN *** [Th 7c 3s] [Kd]
juliojr1006: checks 
ford170596.s: bets $0.50
juliojr1006: calls $0.50
*** RIVER *** [Th 7c 3s Kd] [Ts]
juliojr1006: checks 
ford170596.s: checks 
*** SHOW DOWN ***
juliojr1006: shows [Ah Qd] (a pair of Tens)
ford170596.s: shows [Kc 9c] (two pair, Kings and Tens)
ford170596.s collected $2.15 from pot
*** SUMMARY ***
Total pot $2.25 | Rake $0.10 
Board [Th 7c 3s Kd Ts]
Seat 1: ImGonnaDonk (button) folded before Flop (didn't bet)
Seat 2: NegromJames (small blind) folded before Flop
Seat 3: juliojr1006 (big blind) showed [Ah Qd] and lost with a pair of Tens
Seat 4: HubertusB folded before Flop (didn't bet)
Seat 5: ford170596.s showed [Kc 9c] and won ($2.15) with two pair, Kings and Tens
Seat 6: Atheist X folded on the Flop



PokerStars Zoom Hand #186015775046:  Hold'em No Limit ($0.05/$0.10) - 2018/05/05 2:33:05 CCT [2018/05/04 14:33:05 ET]
Table 'Aludra' 6-max Seat #1 is the button
Seat 1: Ludovik ($22.79 in chips) 
Seat 2: TheWitchCat ($11.01 in chips) 
Seat 3: Slavzhik7 ($12.58 in chips) 
Seat 4: HubertusB ($9.55 in chips) 
Seat 5: 1989robin ($11.49 in chips) 
Seat 6: EvgVa ($10.30 in chips) 
TheWitchCat: posts small blind $0.05
Slavzhik7: posts big blind $0.10
*** HOLE CARDS ***
Dealt to HubertusB [4d Kc]
HubertusB: folds 
1989robin: folds 
EvgVa: raises $0.20 to $0.30
Ludovik: calls $0.30
TheWitchCat: calls $0.25
Slavzhik7: calls $0.20
*** FLOP *** [5d 5s 9d]
TheWitchCat: checks 
Slavzhik7: bets $0.60
EvgVa: folds 
Ludovik: folds 
TheWitchCat: folds 
Uncalled bet ($0.60) returned to Slavzhik7
Slavzhik7 collected $1.15 from pot
Slavzhik7: doesn't show hand 
*** SUMMARY ***
Total pot $1.20 | Rake $0.05 
Board [5d 5s 9d]
Seat 1: Ludovik (button) folded on the Flop
Seat 2: TheWitchCat (small blind) folded on the Flop
Seat 3: Slavzhik7 (big blind) collected ($1.15)
Seat 4: HubertusB folded before Flop (didn't bet)
Seat 5: 1989robin folded before Flop (didn't bet)
Seat 6: EvgVa folded on the Flop



PokerStars Zoom Hand #186015787254:  Hold'em No Limit ($0.05/$0.10) - 2018/05/05 2:33:22 CCT [2018/05/04 14:33:22 ET]
Table 'Aludra' 6-max Seat #1 is the button
Seat 1: Klokhss ($9.96 in chips) 
Seat 2: HubertusB ($9.60 in chips) 
Seat 3: belyi586 ($24.91 in chips) 
Seat 4: Boom591 ($15.16 in chips) 
Seat 5: Chmuri7 ($19.49 in chips) 
Seat 6: lordx777 ($10.77 in chips) 
HubertusB: posts small blind $0.05
belyi586: posts big blind $0.10
*** HOLE CARDS ***
Dealt to HubertusB [2s 2d]
Boom591: folds 
Chmuri7: folds 
lordx777: raises $0.20 to $0.30
Klokhss: folds 
HubertusB: folds 
belyi586: folds 
Uncalled bet ($0.20) returned to lordx777
lordx777 collected $0.25 from pot
lordx777: doesn't show hand 
*** SUMMARY ***
Total pot $0.25 | Rake $0 
Seat 1: Klokhss (button) folded before Flop (didn't bet)
Seat 2: HubertusB (small blind) folded before Flop
Seat 3: belyi586 (big blind) folded before Flop
Seat 4: Boom591 folded before Flop (didn't bet)
Seat 5: Chmuri7 folded before Flop (didn't bet)
Seat 6: lordx777 collected ($0.25)



PokerStars Zoom Hand #186015762704:  Hold'em No Limit ($0.05/$0.10) - 2018/05/05 2:32:48 CCT [2018/05/04 14:32:48 ET]
Table 'Aludra' 6-max Seat #1 is the button
Seat 1: progre$$or ($10 in chips) 
Seat 2: Chmuri7 ($11.30 in chips) 
Seat 3: TheWitchCat ($11.28 in chips) 
Seat 4: HubertusB ($9.55 in chips) 
Seat 5: pykniker ($30.03 in chips) 
Seat 6: George wa833 ($13.55 in chips) 
Chmuri7: posts small blind $0.05
TheWitchCat: posts big blind $0.10
*** HOLE CARDS ***
Dealt to HubertusB [9h Jc]
HubertusB: folds 
pykniker: folds 
George wa833: folds 
progre$$or: raises $0.11 to $0.21
Chmuri7: folds 
TheWitchCat: calls $0.11
*** FLOP *** [Kc 5s 7h]
TheWitchCat: checks 
progre$$or: bets $0.15
TheWitchCat: calls $0.15
*** TURN *** [Kc 5s 7h] [5h]
TheWitchCat: checks 
progre$$or: bets $0.50
TheWitchCat: calls $0.50
*** RIVER *** [Kc 5s 7h 5h] [Jh]
TheWitchCat: checks 
progre$$or: bets $2.52
TheWitchCat: calls $2.52
*** SHOW DOWN ***
progre$$or: shows [8h Ah] (a flush, Ace high)
TheWitchCat: shows [5c Ks] (a full house, Fives full of Kings)
TheWitchCat collected $6.50 from pot
*** SUMMARY ***
Total pot $6.81 | Rake $0.31 
Board [Kc 5s 7h 5h Jh]
Seat 1: progre$$or (button) showed [8h Ah] and lost with a flush, Ace high
Seat 2: Chmuri7 (small blind) folded before Flop
Seat 3: TheWitchCat (big blind) showed [5c Ks] and won ($6.50) with a full house, Fives full of Kings
Seat 4: HubertusB folded before Flop (didn't bet)
Seat 5: pykniker folded before Flop (didn't bet)
Seat 6: George wa833 folded before Flop (didn't bet)



PokerStars Zoom Hand #186015800384:  Hold'em No Limit ($0.05/$0.10) - 2018/05/05 2:33:40 CCT [2018/05/04 14:33:40 ET]
Table 'Aludra' 6-max Seat #1 is the button
Seat 1: HubertusB ($9.55 in chips) 
Seat 2: AHTuKuJIJIEP ($11.67 in chips) 
Seat 3: Tinbasher414 ($12.92 in chips) 
Seat 4: sergant30477 ($15.55 in chips) 
Seat 5: Scrat4es ($10.65 in chips) 
Seat 6: 420johan420 ($9.85 in chips) 
AHTuKuJIJIEP: posts small blind $0.05
Tinbasher414: posts big blind $0.10
*** HOLE CARDS ***
Dealt to HubertusB [Qd 5s]
sergant30477: folds 
Scrat4es: folds 
420johan420: folds 
HubertusB: folds 
AHTuKuJIJIEP: folds 
Uncalled bet ($0.05) returned to Tinbasher414
Tinbasher414 collected $0.10 from pot
Tinbasher414: doesn't show hand 
*** SUMMARY ***
Total pot $0.10 | Rake $0 
Seat 1: HubertusB (button) folded before Flop (didn't bet)
Seat 2: AHTuKuJIJIEP (small blind) folded before Flop
Seat 3: Tinbasher414 (big blind) collected ($0.10)
Seat 4: sergant30477 folded before Flop (didn't bet)
Seat 5: Scrat4es folded before Flop (didn't bet)
Seat 6: 420johan420 folded before Flop (didn't bet)



PokerStars Zoom Hand #186015815589:  Hold'em No Limit ($0.05/$0.10) - 2018/05/05 2:34:01 CCT [2018/05/04 14:34:01 ET]
Table 'Aludra' 6-max Seat #1 is the button
Seat 1: LumpyBadbeat ($10.16 in chips) 
Seat 2: hoss145 ($13.34 in chips) 
Seat 3: Rhymann ($13.09 in chips) 
Seat 4: oNebibo235 ($22.40 in chips) 
Seat 5: HubertusB ($9.55 in chips) 
Seat 6: offuca ($11.67 in chips) 
hoss145: posts small blind $0.05
Rhymann: posts big blind $0.10
*** HOLE CARDS ***
Dealt to HubertusB [4s 6h]
oNebibo235: folds 
HubertusB: folds 
offuca: raises $0.20 to $0.30
LumpyBadbeat: folds 
hoss145: folds 
Rhymann: folds 
Uncalled bet ($0.20) returned to offuca
offuca collected $0.25 from pot
offuca: doesn't show hand 
*** SUMMARY ***
Total pot $0.25 | Rake $0 
Seat 1: LumpyBadbeat (button) folded before Flop (didn't bet)
Seat 2: hoss145 (small blind) folded before Flop
Seat 3: Rhymann (big blind) folded before Flop
Seat 4: oNebibo235 folded before Flop (didn't bet)
Seat 5: HubertusB folded before Flop (didn't bet)
Seat 6: offuca collected ($0.25)



PokerStars Zoom Hand #186015819198:  Hold'em No Limit ($0.05/$0.10) - 2018/05/05 2:34:06 CCT [2018/05/04 14:34:06 ET]
Table 'Aludra' 6-max Seat #1 is the button
Seat 1: Content2bpro ($36.63 in chips) 
Seat 2: Cygan6 ($14.22 in chips) 
Seat 3: HubertusB ($9.55 in chips) 
Seat 4: Synsmaster1 ($10.91 in chips) 
Seat 5: MrThony ($17.41 in chips) 
Seat 6: honorary81 ($10 in chips) 
Cygan6: posts small blind $0.05
HubertusB: posts big blind $0.10
*** HOLE CARDS ***
Dealt to HubertusB [7s 9c]
Synsmaster1: folds 
MrThony: folds 
honorary81: folds 
Content2bpro: folds 
Cygan6: raises $0.10 to $0.20
HubertusB: folds 
Uncalled bet ($0.10) returned to Cygan6
Cygan6 collected $0.20 from pot
Cygan6: doesn't show hand 
*** SUMMARY ***
Total pot $0.20 | Rake $0 
Seat 1: Content2bpro (button) folded before Flop (didn't bet)
Seat 2: Cygan6 (small blind) collected ($0.20)
Seat 3: HubertusB (big blind) folded before Flop
Seat 4: Synsmaster1 folded before Flop (didn't bet)
Seat 5: MrThony folded before Flop (didn't bet)
Seat 6: honorary81 folded before Flop (didn't bet)



PokerStars Zoom Hand #186015811965:  Hold'em No Limit ($0.05/$0.10) - 2018/05/05 2:33:56 CCT [2018/05/04 14:33:56 ET]
Table 'Aludra' 6-max Seat #1 is the button
Seat 1: BigEd2006 ($16.92 in chips) 
Seat 2: NegromJames ($37.40 in chips) 
Seat 3: C14n0 ($15.77 in chips) 
Seat 4: MrThony ($10 in chips) 
Seat 5: Martlith ($10.15 in chips) 
Seat 6: HubertusB ($9.55 in chips) 
NegromJames: posts small blind $0.05
C14n0: posts big blind $0.10
*** HOLE CARDS ***
Dealt to HubertusB [Jd 7s]
MrThony: folds 
Martlith: folds 
HubertusB: folds 
BigEd2006: raises $0.20 to $0.30
NegromJames: raises $0.70 to $1
C14n0: folds 
BigEd2006: calls $0.70
*** FLOP *** [4c 4d Ac]
NegromJames: bets $1.10
BigEd2006: folds 
Uncalled bet ($1.10) returned to NegromJames
NegromJames collected $2.01 from pot
NegromJames: doesn't show hand 
*** SUMMARY ***
Total pot $2.10 | Rake $0.09 
Board [4c 4d Ac]
Seat 1: BigEd2006 (button) folded on the Flop
Seat 2: NegromJames (small blind) collected ($2.01)
Seat 3: C14n0 (big blind) folded before Flop
Seat 4: MrThony folded before Flop (didn't bet)
Seat 5: Martlith folded before Flop (didn't bet)
Seat 6: HubertusB folded before Flop (didn't bet)



PokerStars Zoom Hand #186015807603:  Hold'em No Limit ($0.05/$0.10) - 2018/05/05 2:33:50 CCT [2018/05/04 14:33:50 ET]
Table 'Aludra' 6-max Seat #1 is the button
Seat 1: HubertusB ($9.55 in chips) 
Seat 2: Lev016 ($8.20 in chips) 
Seat 3: vitamet ($9.29 in chips) 
Seat 4: Pho0n ($14.35 in chips) 
Seat 5: byakuda ($10 in chips) 
Seat 6: Dyshechka ($10.50 in chips) 
Lev016: posts small blind $0.05
vitamet: posts big blind $0.10
*** HOLE CARDS ***
Dealt to HubertusB [Qh 3d]
Pho0n: raises $0.20 to $0.30
byakuda: folds 
Dyshechka: raises $0.60 to $0.90
HubertusB: folds 
Lev016: calls $0.85
vitamet: folds 
Pho0n: calls $0.60
*** FLOP *** [8c Js 2c]
Lev016: checks 
Pho0n: checks 
Dyshechka: checks 
*** TURN *** [8c Js 2c] [2d]
Lev016: bets $2.70
Pho0n: folds 
Dyshechka: folds 
Uncalled bet ($2.70) returned to Lev016
Lev016 collected $2.67 from pot
Lev016: doesn't show hand 
*** SUMMARY ***
Total pot $2.80 | Rake $0.13 
Board [8c Js 2c 2d]
Seat 1: HubertusB (button) folded before Flop (didn't bet)
Seat 2: Lev016 (small blind) collected ($2.67)
Seat 3: vitamet (big blind) folded before Flop
Seat 4: Pho0n folded on the Turn
Seat 5: byakuda folded before Flop (didn't bet)
Seat 6: Dyshechka folded on the Turn



PokerStars Zoom Hand #186015826971:  Hold'em No Limit ($0.05/$0.10) - 2018/05/05 2:34:17 CCT [2018/05/04 14:34:17 ET]
Table 'Aludra' 6-max Seat #1 is the button
Seat 1: Brammer73 ($10 in chips) 
Seat 2: HubertusB ($9.45 in chips) 
Seat 3: DZZ76 ($8.65 in chips) 
Seat 4: 2gd2btru422 ($7.45 in chips) 
Seat 5: venÕm ($14.14 in chips) 
Seat 6: Draugsvoll ($10.81 in chips) 
HubertusB: posts small blind $0.05
DZZ76: posts big blind $0.10
*** HOLE CARDS ***
Dealt to HubertusB [Qh Ks]
2gd2btru422: folds 
venÕm: folds 
Draugsvoll: folds 
Brammer73: raises $0.14 to $0.24
HubertusB: raises $0.56 to $0.80
DZZ76: folds 
Brammer73: folds 
Uncalled bet ($0.56) returned to HubertusB
HubertusB collected $0.58 from pot
HubertusB: doesn't show hand 
*** SUMMARY ***
Total pot $0.58 | Rake $0 
Seat 1: Brammer73 (button) folded before Flop
Seat 2: HubertusB (small blind) collected ($0.58)
Seat 3: DZZ76 (big blind) folded before Flop
Seat 4: 2gd2btru422 folded before Flop (didn't bet)
Seat 5: venÕm folded before Flop (didn't bet)
Seat 6: Draugsvoll folded before Flop (didn't bet)



PokerStars Zoom Hand #186015844937:  Hold'em No Limit ($0.05/$0.10) - 2018/05/05 2:34:42 CCT [2018/05/04 14:34:42 ET]
Table 'Aludra' 6-max Seat #1 is the button
Seat 1: mebacks ($5.11 in chips) 
Seat 2: Gyula MIH ($10 in chips) 
Seat 3: bigbillyg111 ($12.35 in chips) 
Seat 4: HubertusB ($9.79 in chips) 
Seat 5: Mina_Finn ($4.32 in chips) 
Seat 6: artur11ar560 ($5.32 in chips) 
Gyula MIH: posts small blind $0.05
bigbillyg111: posts big blind $0.10
*** HOLE CARDS ***
Dealt to HubertusB [As 5c]
HubertusB: folds 
Mina_Finn: raises $0.10 to $0.20
artur11ar560: folds 
mebacks: folds 
Gyula MIH: folds 
bigbillyg111: calls $0.10
*** FLOP *** [8c 2h 3c]
bigbillyg111: checks 
Mina_Finn: bets $0.43
bigbillyg111: folds 
Uncalled bet ($0.43) returned to Mina_Finn
Mina_Finn collected $0.43 from pot
Mina_Finn: doesn't show hand 
*** SUMMARY ***
Total pot $0.45 | Rake $0.02 
Board [8c 2h 3c]
Seat 1: mebacks (button) folded before Flop (didn't bet)
Seat 2: Gyula MIH (small blind) folded before Flop
Seat 3: bigbillyg111 (big blind) folded on the Flop
Seat 4: HubertusB folded before Flop (didn't bet)
Seat 5: Mina_Finn collected ($0.43)
Seat 6: artur11ar560 folded before Flop (didn't bet)



PokerStars Zoom Hand #186015848470:  Hold'em No Limit ($0.05/$0.10) - 2018/05/05 2:34:47 CCT [2018/05/04 14:34:47 ET]
Table 'Aludra' 6-max Seat #1 is the button
Seat 1: Bonjo1911777 ($10.15 in chips) 
Seat 2: panton11 ($15.19 in chips) 
Seat 3: shadowmooon ($10.51 in chips) 
Seat 4: OeTen101 ($31.54 in chips) 
Seat 5: HubertusB ($9.79 in chips) 
Seat 6: mebacks ($5.11 in chips) 
panton11: posts small blind $0.05
shadowmooon: posts big blind $0.10
*** HOLE CARDS ***
Dealt to HubertusB [Ac 8c]
OeTen101: folds 
HubertusB: raises $0.10 to $0.20
mebacks: calls $0.20
Bonjo1911777: raises $0.50 to $0.70
panton11: folds 
shadowmooon: folds 
HubertusB: calls $0.50
mebacks: calls $0.50
*** FLOP *** [6d 8d 2h]
HubertusB: checks 
mebacks: checks 
Bonjo1911777: bets $1.29
HubertusB: calls $1.29
mebacks: folds 
*** TURN *** [6d 8d 2h] [Th]
HubertusB: checks 
Bonjo1911777: bets $2.77
HubertusB: raises $5.03 to $7.80 and is all-in
Bonjo1911777: calls $5.03
*** RIVER *** [6d 8d 2h Th] [8s]
*** SHOW DOWN ***
HubertusB: shows [Ac 8c] (three of a kind, Eights)
Bonjo1911777: shows [Ad Td] (two pair, Tens and Eights)
HubertusB collected $19.51 from pot
*** SUMMARY ***
Total pot $20.43 | Rake $0.92 
Board [6d 8d 2h Th 8s]
Seat 1: Bonjo1911777 (button) showed [Ad Td] and lost with two pair, Tens and Eights
Seat 2: panton11 (small blind) folded before Flop
Seat 3: shadowmooon (big blind) folded before Flop
Seat 4: OeTen101 folded before Flop (didn't bet)
Seat 5: HubertusB showed [Ac 8c] and won ($19.51) with three of a kind, Eights
Seat 6: mebacks folded on the Flop



PokerStars Zoom Hand #186015905873:  Hold'em No Limit ($0.05/$0.10) - 2018/05/05 2:36:10 CCT [2018/05/04 14:36:10 ET]
Table 'Aludra' 6-max Seat #1 is the button
Seat 1: venÕm ($13.99 in chips) 
Seat 2: kloster87 ($3.27 in chips) 
Seat 3: HubertusB ($19.51 in chips) 
Seat 4: BloaterW ($9.52 in chips) 
Seat 5: klopen1982 ($10.56 in chips) 
Seat 6: 1nsideMyMind ($11.11 in chips) 
kloster87: posts small blind $0.05
HubertusB: posts big blind $0.10
*** HOLE CARDS ***
Dealt to HubertusB [8s Td]
BloaterW: folds 
klopen1982: folds 
1nsideMyMind: raises $0.15 to $0.25
venÕm: folds 
kloster87: folds 
HubertusB: folds 
Uncalled bet ($0.15) returned to 1nsideMyMind
1nsideMyMind collected $0.25 from pot
1nsideMyMind: doesn't show hand 
*** SUMMARY ***
Total pot $0.25 | Rake $0 
Seat 1: venÕm (button) folded before Flop (didn't bet)
Seat 2: kloster87 (small blind) folded before Flop
Seat 3: HubertusB (big blind) folded before Flop
Seat 4: BloaterW folded before Flop (didn't bet)
Seat 5: klopen1982 folded before Flop (didn't bet)
Seat 6: 1nsideMyMind collected ($0.25)



PokerStars Zoom Hand #186015900048:  Hold'em No Limit ($0.05/$0.10) - 2018/05/05 2:36:01 CCT [2018/05/04 14:36:01 ET]
Table 'Aludra' 6-max Seat #1 is the button
Seat 1: Content2bpro ($36.88 in chips) 
Seat 2: UltimateHer0 ($10.55 in chips) 
Seat 3: BakytTheWolf ($12.50 in chips) 
Seat 4: Bonjo1911777 ($10 in chips) 
Seat 5: dommonty12 ($10.78 in chips) 
Seat 6: HubertusB ($19.51 in chips) 
UltimateHer0: posts small blind $0.05
BakytTheWolf: posts big blind $0.10
*** HOLE CARDS ***
Dealt to HubertusB [Ac 2d]
Bonjo1911777: folds 
dommonty12: folds 
HubertusB: folds 
Content2bpro: raises $0.15 to $0.25
UltimateHer0: raises $0.75 to $1
BakytTheWolf: folds 
Content2bpro: raises $35.88 to $36.88 and is all-in
UltimateHer0: folds 
Uncalled bet ($35.88) returned to Content2bpro
Content2bpro collected $2.10 from pot
Content2bpro: doesn't show hand 
*** SUMMARY ***
Total pot $2.10 | Rake $0 
Seat 1: Content2bpro (button) collected ($2.10)
Seat 2: UltimateHer0 (small blind) folded before Flop
Seat 3: BakytTheWolf (big blind) folded before Flop
Seat 4: Bonjo1911777 folded before Flop (didn't bet)
Seat 5: dommonty12 folded before Flop (didn't bet)
Seat 6: HubertusB folded before Flop (didn't bet)



PokerStars Zoom Hand #186015913986:  Hold'em No Limit ($0.05/$0.10) - 2018/05/05 2:36:21 CCT [2018/05/04 14:36:21 ET]
Table 'Aludra' 6-max Seat #1 is the button
Seat 1: HubertusB ($19.41 in chips) 
Seat 2: OeTen101 ($15.33 in chips) 
Seat 3: Brammer73 ($18.58 in chips) 
Seat 4: fff1d ($18.67 in chips) 
Seat 5: moggie66 ($7.85 in chips) 
Seat 6: ImpalerPoker ($27.69 in chips) 
OeTen101: posts small blind $0.05
Brammer73: posts big blind $0.10
*** HOLE CARDS ***
Dealt to HubertusB [5s Td]
fff1d: folds 
moggie66: raises $0.10 to $0.20
ImpalerPoker: folds 
HubertusB: folds 
OeTen101: folds 
Brammer73: folds 
Uncalled bet ($0.10) returned to moggie66
moggie66 collected $0.25 from pot
moggie66: doesn't show hand 
*** SUMMARY ***
Total pot $0.25 | Rake $0 
Seat 1: HubertusB (button) folded before Flop (didn't bet)
Seat 2: OeTen101 (small blind) folded before Flop
Seat 3: Brammer73 (big blind) folded before Flop
Seat 4: fff1d folded before Flop (didn't bet)
Seat 5: moggie66 collected ($0.25)
Seat 6: ImpalerPoker folded before Flop (didn't bet)



PokerStars Zoom Hand #186015918343:  Hold'em No Limit ($0.05/$0.10) - 2018/05/05 2:36:27 CCT [2018/05/04 14:36:27 ET]
Table 'Aludra' 6-max Seat #1 is the button
Seat 1: mqsan ($15.45 in chips) 
Seat 2: HubertusB ($19.41 in chips) 
Seat 3: ImpalerPoker ($27.69 in chips) 
Seat 4: Hekanekoff ($13.77 in chips) 
Seat 5: sevenways ($10.20 in chips) 
Seat 6: ssl_saya ($4.99 in chips) 
HubertusB: posts small blind $0.05
ImpalerPoker: posts big blind $0.10
*** HOLE CARDS ***
Dealt to HubertusB [4h 5d]
Hekanekoff: folds 
sevenways: folds 
ssl_saya: raises $0.15 to $0.25
mqsan: folds 
HubertusB: folds 
ImpalerPoker: folds 
Uncalled bet ($0.15) returned to ssl_saya
ssl_saya collected $0.25 from pot
ssl_saya: doesn't show hand 
*** SUMMARY ***
Total pot $0.25 | Rake $0 
Seat 1: mqsan (button) folded before Flop (didn't bet)
Seat 2: HubertusB (small blind) folded before Flop
Seat 3: ImpalerPoker (big blind) folded before Flop
Seat 4: Hekanekoff folded before Flop (didn't bet)
Seat 5: sevenways folded before Flop (didn't bet)
Seat 6: ssl_saya collected ($0.25)



PokerStars Zoom Hand #186015922585:  Hold'em No Limit ($0.05/$0.10) - 2018/05/05 2:36:33 CCT [2018/05/04 14:36:33 ET]
Table 'Aludra' 6-max Seat #1 is the button
Seat 1: DanceHappens ($13.83 in chips) 
Seat 2: oldfish347 ($11.35 in chips) 
Seat 3: blufft0p ($3.71 in chips) 
Seat 4: AngelBear82 ($38.96 in chips) 
Seat 5: sevenways ($10.61 in chips) 
Seat 6: HubertusB ($19.36 in chips) 
oldfish347: posts small blind $0.05
blufft0p: posts big blind $0.10
*** HOLE CARDS ***
Dealt to HubertusB [3s 4c]
AngelBear82: folds 
sevenways: folds 
HubertusB: folds 
DanceHappens: folds 
oldfish347: folds 
Uncalled bet ($0.05) returned to blufft0p
blufft0p collected $0.10 from pot
blufft0p: doesn't show hand 
*** SUMMARY ***
Total pot $0.10 | Rake $0 
Seat 1: DanceHappens (button) folded before Flop (didn't bet)
Seat 2: oldfish347 (small blind) folded before Flop
Seat 3: blufft0p (big blind) collected ($0.10)
Seat 4: AngelBear82 folded before Flop (didn't bet)
Seat 5: sevenways folded before Flop (didn't bet)
Seat 6: HubertusB folded before Flop (didn't bet)



PokerStars Zoom Hand #186015926139:  Hold'em No Limit ($0.05/$0.10) - 2018/05/05 2:36:38 CCT [2018/05/04 14:36:38 ET]
Table 'Aludra' 6-max Seat #1 is the button
Seat 1: Draugsvoll ($10 in chips) 
Seat 2: Scrat4es ($10.20 in chips) 
Seat 3: Insignificant ($12.43 in chips) 
Seat 4: C14n0 ($15.61 in chips) 
Seat 5: HubertusB ($19.36 in chips) 
Seat 6: Pertuza ($12.59 in chips) 
Scrat4es: posts small blind $0.05
Insignificant: posts big blind $0.10
*** HOLE CARDS ***
Dealt to HubertusB [3d 8d]
C14n0: folds 
HubertusB: folds 
Pertuza: folds 
Draugsvoll: folds 
Scrat4es: folds 
Uncalled bet ($0.05) returned to Insignificant
Insignificant collected $0.10 from pot
Insignificant: doesn't show hand 
*** SUMMARY ***
Total pot $0.10 | Rake $0 
Seat 1: Draugsvoll (button) folded before Flop (didn't bet)
Seat 2: Scrat4es (small blind) folded before Flop
Seat 3: Insignificant (big blind) collected ($0.10)
Seat 4: C14n0 folded before Flop (didn't bet)
Seat 5: HubertusB folded before Flop (didn't bet)
Seat 6: Pertuza folded before Flop (didn't bet)



PokerStars Zoom Hand #186015929757:  Hold'em No Limit ($0.05/$0.10) - 2018/05/05 2:36:43 CCT [2018/05/04 14:36:43 ET]
Table 'Aludra' 6-max Seat #1 is the button
Seat 1: DZZ76 ($9.51 in chips) 
Seat 2: Vasily75 ($24.07 in chips) 
Seat 3: ssl_saya ($51.65 in chips) 
Seat 4: HubertusB ($19.36 in chips) 
Seat 5: Psychol11111 ($10.82 in chips) 
Seat 6: Gudv1n ($16.73 in chips) 
Vasily75: posts small blind $0.05
ssl_saya: posts big blind $0.10
*** HOLE CARDS ***
Dealt to HubertusB [2d 8s]
HubertusB: folds 
Psychol11111: folds 
Gudv1n: folds 
DZZ76: folds 
Vasily75: raises $0.10 to $0.20
ssl_saya: folds 
Uncalled bet ($0.10) returned to Vasily75
Vasily75 collected $0.20 from pot
Vasily75: doesn't show hand 
*** SUMMARY ***
Total pot $0.20 | Rake $0 
Seat 1: DZZ76 (button) folded before Flop (didn't bet)
Seat 2: Vasily75 (small blind) collected ($0.20)
Seat 3: ssl_saya (big blind) folded before Flop
Seat 4: HubertusB folded before Flop (didn't bet)
Seat 5: Psychol11111 folded before Flop (didn't bet)
Seat 6: Gudv1n folded before Flop (didn't bet)



PokerStars Zoom Hand #186015934198:  Hold'em No Limit ($0.05/$0.10) - 2018/05/05 2:36:49 CCT [2018/05/04 14:36:49 ET]
Table 'Aludra' 6-max Seat #1 is the button
Seat 1: Big_Al3106 ($8.20 in chips) 
Seat 2: MHI install ($11.80 in chips) 
Seat 3: Rozbojnik ($10 in chips) 
Seat 4: HubertusB ($19.36 in chips) 
Seat 5: Hekanekoff ($29.04 in chips) 
Seat 6: Roland3399 ($16.50 in chips) 
MHI install: posts small blind $0.05
Rozbojnik: posts big blind $0.10
*** HOLE CARDS ***
Dealt to HubertusB [4d 7d]
HubertusB: folds 
Hekanekoff: folds 
Roland3399: folds 
Big_Al3106: raises $0.19 to $0.29
MHI install: calls $0.24
Rozbojnik: folds 
*** FLOP *** [Kc Jd 5c]
MHI install: checks 
Big_Al3106: checks 
*** TURN *** [Kc Jd 5c] [8h]
MHI install: checks 
Big_Al3106: checks 
*** RIVER *** [Kc Jd 5c 8h] [5h]
MHI install: bets $0.60
Big_Al3106: calls $0.60
*** SHOW DOWN ***
MHI install: shows [Kd Ad] (two pair, Kings and Fives)
Big_Al3106: shows [5s 3s] (three of a kind, Fives)
Big_Al3106 collected $1.80 from pot
*** SUMMARY ***
Total pot $1.88 | Rake $0.08 
Board [Kc Jd 5c 8h 5h]
Seat 1: Big_Al3106 (button) showed [5s 3s] and won ($1.80) with three of a kind, Fives
Seat 2: MHI install (small blind) showed [Kd Ad] and lost with two pair, Kings and Fives
Seat 3: Rozbojnik (big blind) folded before Flop
Seat 4: HubertusB folded before Flop (didn't bet)
Seat 5: Hekanekoff folded before Flop (didn't bet)
Seat 6: Roland3399 folded before Flop (didn't bet)



PokerStars Zoom Hand #186015937777:  Hold'em No Limit ($0.05/$0.10) - 2018/05/05 2:36:54 CCT [2018/05/04 14:36:54 ET]
Table 'Aludra' 6-max Seat #1 is the button
Seat 1: gavrik720 ($5.60 in chips) 
Seat 2: butcher2501 ($7.05 in chips) 
Seat 3: HubertusB ($19.36 in chips) 
Seat 4: saspi ($12.88 in chips) 
Seat 5: sevenways ($10.40 in chips) 
Seat 6: Drawzee ($10.43 in chips) 
butcher2501: posts small blind $0.05
HubertusB: posts big blind $0.10
*** HOLE CARDS ***
Dealt to HubertusB [9h Th]
saspi: folds 
sevenways: folds 
Drawzee: folds 
gavrik720: folds 
butcher2501: raises $0.10 to $0.20
HubertusB: calls $0.10
*** FLOP *** [Jh Ts 9c]
butcher2501: checks 
HubertusB: bets $0.20
butcher2501: calls $0.20
*** TURN *** [Jh Ts 9c] [Jc]
butcher2501: checks 
HubertusB: checks 
*** RIVER *** [Jh Ts 9c Jc] [8h]
butcher2501: bets $0.40
HubertusB: folds 
Uncalled bet ($0.40) returned to butcher2501
butcher2501 collected $0.76 from pot
butcher2501: doesn't show hand 
*** SUMMARY ***
Total pot $0.80 | Rake $0.04 
Board [Jh Ts 9c Jc 8h]
Seat 1: gavrik720 (button) folded before Flop (didn't bet)
Seat 2: butcher2501 (small blind) collected ($0.76)
Seat 3: HubertusB (big blind) folded on the River
Seat 4: saspi folded before Flop (didn't bet)
Seat 5: sevenways folded before Flop (didn't bet)
Seat 6: Drawzee folded before Flop (didn't bet)



PokerStars Zoom Hand #186015986820:  Hold'em No Limit ($0.05/$0.10) - 2018/05/05 2:38:01 CCT [2018/05/04 14:38:01 ET]
Table 'Aludra' 6-max Seat #1 is the button
Seat 1: HubertusB ($18.96 in chips) 
Seat 2: DieEneGozer ($10 in chips) 
Seat 3: rack1777 ($27.38 in chips) 
Seat 4: venÕm ($17.01 in chips) 
Seat 5: 1nsideMyMind ($10 in chips) 
Seat 6: progre$$or ($10.45 in chips) 
DieEneGozer: posts small blind $0.05
rack1777: posts big blind $0.10
*** HOLE CARDS ***
Dealt to HubertusB [2c Ts]
venÕm: folds 
1nsideMyMind: folds 
progre$$or: raises $0.15 to $0.25
HubertusB: folds 
DieEneGozer: folds 
rack1777: folds 
Uncalled bet ($0.15) returned to progre$$or
progre$$or collected $0.25 from pot
progre$$or: doesn't show hand 
*** SUMMARY ***
Total pot $0.25 | Rake $0 
Seat 1: HubertusB (button) folded before Flop (didn't bet)
Seat 2: DieEneGozer (small blind) folded before Flop
Seat 3: rack1777 (big blind) folded before Flop
Seat 4: venÕm folded before Flop (didn't bet)
Seat 5: 1nsideMyMind folded before Flop (didn't bet)
Seat 6: progre$$or collected ($0.25)



PokerStars Zoom Hand #186015989790:  Hold'em No Limit ($0.05/$0.10) - 2018/05/05 2:38:05 CCT [2018/05/04 14:38:05 ET]
Table 'Aludra' 6-max Seat #1 is the button
Seat 1: Rumak87 ($10 in chips) 
Seat 2: HubertusB ($18.96 in chips) 
Seat 3: MJTT1 ($10 in chips) 
Seat 4: -olejek-777- ($18.66 in chips) 
Seat 5: episthmwn ($11.49 in chips) 
Seat 6: zdaz1 ($45.62 in chips) 
HubertusB: posts small blind $0.05
MJTT1: posts big blind $0.10
*** HOLE CARDS ***
Dealt to HubertusB [Ad Qc]
-olejek-777-: folds 
episthmwn: folds 
zdaz1: folds 
Rumak87: raises $0.15 to $0.25
HubertusB: raises $0.55 to $0.80
MJTT1: folds 
Rumak87: folds 
Uncalled bet ($0.55) returned to HubertusB
HubertusB collected $0.60 from pot
HubertusB: doesn't show hand 
*** SUMMARY ***
Total pot $0.60 | Rake $0 
Seat 1: Rumak87 (button) folded before Flop
Seat 2: HubertusB (small blind) collected ($0.60)
Seat 3: MJTT1 (big blind) folded before Flop
Seat 4: -olejek-777- folded before Flop (didn't bet)
Seat 5: episthmwn folded before Flop (didn't bet)
Seat 6: zdaz1 folded before Flop (didn't bet)



PokerStars Zoom Hand #186016007360:  Hold'em No Limit ($0.05/$0.10) - 2018/05/05 2:38:29 CCT [2018/05/04 14:38:29 ET]
Table 'Aludra' 6-max Seat #1 is the button
Seat 1: IntenseDnB ($17.25 in chips) 
Seat 2: kim05601 ($10.67 in chips) 
Seat 3: Chmuri7 ($25.48 in chips) 
Seat 4: jhoelpatan ($13.86 in chips) 
Seat 5: shadowmooon ($10 in chips) 
Seat 6: HubertusB ($19.31 in chips) 
kim05601: posts small blind $0.05
Chmuri7: posts big blind $0.10
*** HOLE CARDS ***
Dealt to HubertusB [3s As]
jhoelpatan: folds 
shadowmooon: raises $0.20 to $0.30
HubertusB: raises $0.20 to $0.50
IntenseDnB: folds 
kim05601: folds 
Chmuri7: folds 
shadowmooon: raises $2.20 to $2.70
HubertusB: folds 
Uncalled bet ($2.20) returned to shadowmooon
shadowmooon collected $1.15 from pot
shadowmooon: doesn't show hand 
*** SUMMARY ***
Total pot $1.15 | Rake $0 
Seat 1: IntenseDnB (button) folded before Flop (didn't bet)
Seat 2: kim05601 (small blind) folded before Flop
Seat 3: Chmuri7 (big blind) folded before Flop
Seat 4: jhoelpatan folded before Flop (didn't bet)
Seat 5: shadowmooon collected ($1.15)
Seat 6: HubertusB folded before Flop



PokerStars Zoom Hand #186016023420:  Hold'em No Limit ($0.05/$0.10) - 2018/05/05 2:38:51 CCT [2018/05/04 14:38:51 ET]
Table 'Aludra' 6-max Seat #1 is the button
Seat 1: Ser Tyapkin ($11.15 in chips) 
Seat 2: HenkMuddy ($9.75 in chips) 
Seat 3: gavrik720 ($6.62 in chips) 
Seat 4: GamblerGoat ($14.11 in chips) 
Seat 5: HubertusB ($18.81 in chips) 
Seat 6: irpoker1 ($10.25 in chips) 
HenkMuddy: posts small blind $0.05
gavrik720: posts big blind $0.10
*** HOLE CARDS ***
Dealt to HubertusB [9d 8c]
GamblerGoat: raises $0.20 to $0.30
HubertusB: folds 
irpoker1: folds 
Ser Tyapkin: folds 
HenkMuddy: folds 
gavrik720: folds 
Uncalled bet ($0.20) returned to GamblerGoat
GamblerGoat collected $0.25 from pot
GamblerGoat: doesn't show hand 
*** SUMMARY ***
Total pot $0.25 | Rake $0 
Seat 1: Ser Tyapkin (button) folded before Flop (didn't bet)
Seat 2: HenkMuddy (small blind) folded before Flop
Seat 3: gavrik720 (big blind) folded before Flop
Seat 4: GamblerGoat collected ($0.25)
Seat 5: HubertusB folded before Flop (didn't bet)
Seat 6: irpoker1 folded before Flop (didn't bet)



PokerStars Zoom Hand #186016027811:  Hold'em No Limit ($0.05/$0.10) - 2018/05/05 2:38:57 CCT [2018/05/04 14:38:57 ET]
Table 'Aludra' 6-max Seat #1 is the button
Seat 1: HubertusB ($18.81 in chips) 
Seat 2: cl3-067 ($25.94 in chips) 
Seat 3: Mina_Finn ($4.65 in chips) 
Seat 4: Ro008 ($10.23 in chips) 
Seat 5: Content2bpro ($25.90 in chips) 
Seat 6: vitamet ($1.14 in chips) 
cl3-067: posts small blind $0.05
Mina_Finn: posts big blind $0.10
*** HOLE CARDS ***
Dealt to HubertusB [7d Ah]
Ro008: folds 
Content2bpro: folds 
vitamet: folds 
HubertusB: raises $0.10 to $0.20
cl3-067: calls $0.15
Mina_Finn: folds 
*** FLOP *** [3d 7h Kd]
cl3-067: checks 
HubertusB: checks 
*** TURN *** [3d 7h Kd] [Kh]
cl3-067: checks 
HubertusB: bets $0.20
cl3-067: folds 
Uncalled bet ($0.20) returned to HubertusB
HubertusB collected $0.48 from pot
HubertusB: doesn't show hand 
*** SUMMARY ***
Total pot $0.50 | Rake $0.02 
Board [3d 7h Kd Kh]
Seat 1: HubertusB (button) collected ($0.48)
Seat 2: cl3-067 (small blind) folded on the Turn
Seat 3: Mina_Finn (big blind) folded before Flop
Seat 4: Ro008 folded before Flop (didn't bet)
Seat 5: Content2bpro folded before Flop (didn't bet)
Seat 6: vitamet folded before Flop (didn't bet)



PokerStars Zoom Hand #186016077700:  Hold'em No Limit ($0.05/$0.10) - 2018/05/05 2:40:06 CCT [2018/05/04 14:40:06 ET]
Table 'Aludra' 6-max Seat #1 is the button
Seat 1: EiBy3 ($10.35 in chips) 
Seat 2: ajax-legolas ($25.84 in chips) 
Seat 3: HubertusB ($19.09 in chips) 
Seat 4: kim05601 ($16.73 in chips) 
Seat 5: mordwin03 ($13.52 in chips) 
Seat 6: LumpyBadbeat ($7.39 in chips) 
ajax-legolas: posts small blind $0.05
HubertusB: posts big blind $0.10
*** HOLE CARDS ***
Dealt to HubertusB [Kc 4h]
kim05601: folds 
mordwin03: folds 
LumpyBadbeat: folds 
EiBy3: folds 
ajax-legolas: folds 
Uncalled bet ($0.05) returned to HubertusB
HubertusB collected $0.10 from pot
HubertusB: doesn't show hand 
*** SUMMARY ***
Total pot $0.10 | Rake $0 
Seat 1: EiBy3 (button) folded before Flop (didn't bet)
Seat 2: ajax-legolas (small blind) folded before Flop
Seat 3: HubertusB (big blind) collected ($0.10)
Seat 4: kim05601 folded before Flop (didn't bet)
Seat 5: mordwin03 folded before Flop (didn't bet)
Seat 6: LumpyBadbeat folded before Flop (didn't bet)



PokerStars Zoom Hand #186016089207:  Hold'em No Limit ($0.05/$0.10) - 2018/05/05 2:40:23 CCT [2018/05/04 14:40:23 ET]
Table 'Aludra' 6-max Seat #1 is the button
Seat 1: Ser Tyapkin ($10.05 in chips) 
Seat 2: mysterion707 ($16.71 in chips) 
Seat 3: Pietro211 ($21.01 in chips) 
Seat 4: HubertusB ($19.14 in chips) 
Seat 5: Tinbasher414 ($9.35 in chips) 
Seat 6: Content2bpro ($40.10 in chips) 
mysterion707: posts small blind $0.05
Pietro211: posts big blind $0.10
*** HOLE CARDS ***
Dealt to HubertusB [8h Ah]
HubertusB: raises $0.10 to $0.20
Tinbasher414: calls $0.20
Content2bpro: folds 
Ser Tyapkin: folds 
mysterion707: folds 
Pietro211: folds 
*** FLOP *** [9d Qs 6s]
HubertusB: checks 
Tinbasher414: bets $0.32
HubertusB: folds 
Uncalled bet ($0.32) returned to Tinbasher414
Tinbasher414 collected $0.53 from pot
Tinbasher414: doesn't show hand 
*** SUMMARY ***
Total pot $0.55 | Rake $0.02 
Board [9d Qs 6s]
Seat 1: Ser Tyapkin (button) folded before Flop (didn't bet)
Seat 2: mysterion707 (small blind) folded before Flop
Seat 3: Pietro211 (big blind) folded before Flop
Seat 4: HubertusB folded on the Flop
Seat 5: Tinbasher414 collected ($0.53)
Seat 6: Content2bpro folded before Flop (didn't bet)



PokerStars Zoom Hand #186016113305:  Hold'em No Limit ($0.05/$0.10) - 2018/05/05 2:40:57 CCT [2018/05/04 14:40:57 ET]
Table 'Aludra' 6-max Seat #1 is the button
Seat 1: HubertusB ($18.89 in chips) 
Seat 2: svirstar999 ($13.63 in chips) 
Seat 3: mqsan ($17.07 in chips) 
Seat 4: Insignificant ($16.50 in chips) 
Seat 5: KpOcKeTa ($23.53 in chips) 
Seat 6: zdaz1 ($37.75 in chips) 
svirstar999: posts small blind $0.05
mqsan: posts big blind $0.10
*** HOLE CARDS ***
Dealt to HubertusB [9d 5c]
Insignificant: raises $0.20 to $0.30
KpOcKeTa: folds 
zdaz1: folds 
HubertusB: folds 
svirstar999: folds 
mqsan: folds 
Uncalled bet ($0.20) returned to Insignificant
Insignificant collected $0.25 from pot
Insignificant: doesn't show hand 
*** SUMMARY ***
Total pot $0.25 | Rake $0 
Seat 1: HubertusB (button) folded before Flop (didn't bet)
Seat 2: svirstar999 (small blind) folded before Flop
Seat 3: mqsan (big blind) folded before Flop
Seat 4: Insignificant collected ($0.25)
Seat 5: KpOcKeTa folded before Flop (didn't bet)
Seat 6: zdaz1 folded before Flop (didn't bet)



PokerStars Zoom Hand #186016107930:  Hold'em No Limit ($0.05/$0.10) - 2018/05/05 2:40:51 CCT [2018/05/04 14:40:51 ET]
Table 'Aludra' 6-max Seat #1 is the button
Seat 1: Vengeance778 ($10.54 in chips) 
Seat 2: LumpyBadbeat ($12.21 in chips) 
Seat 3: Boom591 ($13.12 in chips) 
Seat 4: DariusDiver ($9.82 in chips) 
Seat 5: Pertuza ($6.14 in chips) 
Seat 6: HubertusB ($18.89 in chips) 
LumpyBadbeat: posts small blind $0.05
Boom591: posts big blind $0.10
*** HOLE CARDS ***
Dealt to HubertusB [Ts 5d]
DariusDiver: folds 
Pertuza: folds 
HubertusB: folds 
Vengeance778: folds 
LumpyBadbeat: folds 
Uncalled bet ($0.05) returned to Boom591
Boom591 collected $0.10 from pot
Boom591: doesn't show hand 
*** SUMMARY ***
Total pot $0.10 | Rake $0 
Seat 1: Vengeance778 (button) folded before Flop (didn't bet)
Seat 2: LumpyBadbeat (small blind) folded before Flop
Seat 3: Boom591 (big blind) collected ($0.10)
Seat 4: DariusDiver folded before Flop (didn't bet)
Seat 5: Pertuza folded before Flop (didn't bet)
Seat 6: HubertusB folded before Flop (didn't bet)



PokerStars Zoom Hand #186016116543:  Hold'em No Limit ($0.05/$0.10) - 2018/05/05 2:41:02 CCT [2018/05/04 14:41:02 ET]
Table 'Aludra' 6-max Seat #1 is the button
Seat 1: Gyula MIH ($10.08 in chips) 
Seat 2: mysterion707 ($15.49 in chips) 
Seat 3: Drawzee ($12.82 in chips) 
Seat 4: sergant30477 ($15.06 in chips) 
Seat 5: HubertusB ($18.89 in chips) 
Seat 6: AthleticZ ($11.45 in chips) 
mysterion707: posts small blind $0.05
Drawzee: posts big blind $0.10
*** HOLE CARDS ***
Dealt to HubertusB [8s 7h]
sergant30477: raises $0.20 to $0.30
HubertusB: folds 
AthleticZ: folds 
Gyula MIH: folds 
mysterion707: folds 
Drawzee: folds 
Uncalled bet ($0.20) returned to sergant30477
sergant30477 collected $0.25 from pot
sergant30477: doesn't show hand 
*** SUMMARY ***
Total pot $0.25 | Rake $0 
Seat 1: Gyula MIH (button) folded before Flop (didn't bet)
Seat 2: mysterion707 (small blind) folded before Flop
Seat 3: Drawzee (big blind) folded before Flop
Seat 4: sergant30477 collected ($0.25)
Seat 5: HubertusB folded before Flop (didn't bet)
Seat 6: AthleticZ folded before Flop (didn't bet)



PokerStars Zoom Hand #186016105342:  Hold'em No Limit ($0.05/$0.10) - 2018/05/05 2:40:47 CCT [2018/05/04 14:40:47 ET]
Table 'Aludra' 6-max Seat #1 is the button
Seat 1: radcliffe123 ($10.83 in chips) 
Seat 2: HubertusB ($18.94 in chips) 
Seat 3: -olejek-777- ($25.13 in chips) 
Seat 4: Okkultist1888 ($15.18 in chips) 
Seat 5: EiBy3 ($10.88 in chips) 
Seat 6: Thecuddycat ($6.82 in chips) 
HubertusB: posts small blind $0.05
-olejek-777-: posts big blind $0.10
*** HOLE CARDS ***
Dealt to HubertusB [7h 9s]
Okkultist1888: folds 
EiBy3: folds 
Thecuddycat: raises $0.10 to $0.20
radcliffe123: calls $0.20
HubertusB: folds 
-olejek-777-: calls $0.10
*** FLOP *** [Jh Ad 3d]
-olejek-777-: checks 
Thecuddycat: bets $0.30
radcliffe123: folds 
-olejek-777-: folds 
Uncalled bet ($0.30) returned to Thecuddycat
Thecuddycat collected $0.62 from pot
Thecuddycat: doesn't show hand 
*** SUMMARY ***
Total pot $0.65 | Rake $0.03 
Board [Jh Ad 3d]
Seat 1: radcliffe123 (button) folded on the Flop
Seat 2: HubertusB (small blind) folded before Flop
Seat 3: -olejek-777- (big blind) folded on the Flop
Seat 4: Okkultist1888 folded before Flop (didn't bet)
Seat 5: EiBy3 folded before Flop (didn't bet)
Seat 6: Thecuddycat collected ($0.62)



PokerStars Zoom Hand #186016123681:  Hold'em No Limit ($0.05/$0.10) - 2018/05/05 2:41:12 CCT [2018/05/04 14:41:12 ET]
Table 'Aludra' 6-max Seat #1 is the button
Seat 1: GUFF66 ($14.96 in chips) 
Seat 2: Boom591 ($13.17 in chips) 
Seat 3: HubertusB ($18.84 in chips) 
Seat 4: progre$$or ($10.66 in chips) 
Seat 5: auraph333 ($18.91 in chips) 
Seat 6: DP Neue ($8 in chips) 
Boom591: posts small blind $0.05
HubertusB: posts big blind $0.10
*** HOLE CARDS ***
Dealt to HubertusB [7d 2c]
progre$$or: folds 
auraph333: folds 
DP Neue: folds 
GUFF66: folds 
Boom591: folds 
Uncalled bet ($0.05) returned to HubertusB
HubertusB collected $0.10 from pot
HubertusB: doesn't show hand 
*** SUMMARY ***
Total pot $0.10 | Rake $0 
Seat 1: GUFF66 (button) folded before Flop (didn't bet)
Seat 2: Boom591 (small blind) folded before Flop
Seat 3: HubertusB (big blind) collected ($0.10)
Seat 4: progre$$or folded before Flop (didn't bet)
Seat 5: auraph333 folded before Flop (didn't bet)
Seat 6: DP Neue folded before Flop (didn't bet)



PokerStars Zoom Hand #186016130798:  Hold'em No Limit ($0.05/$0.10) - 2018/05/05 2:41:22 CCT [2018/05/04 14:41:22 ET]
Table 'Aludra' 6-max Seat #1 is the button
Seat 1: beroplayer ($9.60 in chips) 
Seat 2: Pa3pbIBMo3ra ($13.73 in chips) 
Seat 3: Kajtez97 ($11.71 in chips) 
Seat 4: Pho0n ($22.07 in chips) 
Seat 5: HubertusB ($18.89 in chips) 
Seat 6: 1nsideMyMind ($14 in chips) 
Pa3pbIBMo3ra: posts small blind $0.05
Kajtez97: posts big blind $0.10
*** HOLE CARDS ***
Dealt to HubertusB [7h Tc]
Pho0n: folds 
HubertusB: folds 
1nsideMyMind: folds 
beroplayer: folds 
Pa3pbIBMo3ra: folds 
Uncalled bet ($0.05) returned to Kajtez97
Kajtez97 collected $0.10 from pot
Kajtez97: doesn't show hand 
*** SUMMARY ***
Total pot $0.10 | Rake $0 
Seat 1: beroplayer (button) folded before Flop (didn't bet)
Seat 2: Pa3pbIBMo3ra (small blind) folded before Flop
Seat 3: Kajtez97 (big blind) collected ($0.10)
Seat 4: Pho0n folded before Flop (didn't bet)
Seat 5: HubertusB folded before Flop (didn't bet)
Seat 6: 1nsideMyMind folded before Flop (didn't bet)



PokerStars Zoom Hand #186016140078:  Hold'em No Limit ($0.05/$0.10) - 2018/05/05 2:41:35 CCT [2018/05/04 14:41:35 ET]
Table 'Aludra' 6-max Seat #1 is the button
Seat 1: HubertusB ($18.89 in chips) 
Seat 2: OeTen101 ($15.54 in chips) 
Seat 3: mrmuggins-uk ($8.04 in chips) 
Seat 4: C0nta ($9.24 in chips) 
Seat 5: lutzutzut ($9.40 in chips) 
Seat 6: sevenways ($10 in chips) 
OeTen101: posts small blind $0.05
mrmuggins-uk: posts big blind $0.10
*** HOLE CARDS ***
Dealt to HubertusB [Jd 6s]
C0nta: raises $0.20 to $0.30
lutzutzut: folds 
sevenways: folds 
HubertusB: folds 
OeTen101: folds 
mrmuggins-uk: folds 
Uncalled bet ($0.20) returned to C0nta
C0nta collected $0.25 from pot
C0nta: doesn't show hand 
*** SUMMARY ***
Total pot $0.25 | Rake $0 
Seat 1: HubertusB (button) folded before Flop (didn't bet)
Seat 2: OeTen101 (small blind) folded before Flop
Seat 3: mrmuggins-uk (big blind) folded before Flop
Seat 4: C0nta collected ($0.25)
Seat 5: lutzutzut folded before Flop (didn't bet)
Seat 6: sevenways folded before Flop (didn't bet)



PokerStars Zoom Hand #186016119814:  Hold'em No Limit ($0.05/$0.10) - 2018/05/05 2:41:07 CCT [2018/05/04 14:41:07 ET]
Table 'Aludra' 6-max Seat #1 is the button
Seat 1: ksava35 ($14.17 in chips) 
Seat 2: HubertusB ($18.89 in chips) 
Seat 3: Lev016 ($7.39 in chips) 
Seat 4: EffOrt100% ($10.14 in chips) 
Seat 5: EnricoPkr ($11.72 in chips) 
Seat 6: saspi ($17.11 in chips) 
HubertusB: posts small blind $0.05
Lev016: posts big blind $0.10
*** HOLE CARDS ***
Dealt to HubertusB [4d Ah]
EffOrt100%: folds 
EnricoPkr: raises $0.20 to $0.30
saspi: folds 
ksava35: folds 
HubertusB: folds 
Lev016: calls $0.20
*** FLOP *** [Js Ac Th]
Lev016: checks 
EnricoPkr: checks 
*** TURN *** [Js Ac Th] [5c]
Lev016: bets $0.10
EnricoPkr: raises $0.41 to $0.51
Lev016: folds 
Uncalled bet ($0.41) returned to EnricoPkr
EnricoPkr collected $0.81 from pot
EnricoPkr: doesn't show hand 
*** SUMMARY ***
Total pot $0.85 | Rake $0.04 
Board [Js Ac Th 5c]
Seat 1: ksava35 (button) folded before Flop (didn't bet)
Seat 2: HubertusB (small blind) folded before Flop
Seat 3: Lev016 (big blind) folded on the Turn
Seat 4: EffOrt100% folded before Flop (didn't bet)
Seat 5: EnricoPkr collected ($0.81)
Seat 6: saspi folded before Flop (didn't bet)



PokerStars Zoom Hand #186016134301:  Hold'em No Limit ($0.05/$0.10) - 2018/05/05 2:41:27 CCT [2018/05/04 14:41:27 ET]
Table 'Aludra' 6-max Seat #1 is the button
Seat 1: Wittl ($11.17 in chips) 
Seat 2: 3DMINSK ($10 in chips) 
Seat 3: panton11 ($14.27 in chips) 
Seat 4: Content2bpro ($24.62 in chips) 
Seat 5: BubbaNothing ($17.47 in chips) 
Seat 6: HubertusB ($18.89 in chips) 
3DMINSK: posts small blind $0.05
panton11: posts big blind $0.10
*** HOLE CARDS ***
Dealt to HubertusB [Jc 4h]
Content2bpro: folds 
BubbaNothing: raises $0.20 to $0.30
HubertusB: folds 
Wittl: calls $0.30
3DMINSK: folds 
panton11: calls $0.20
*** FLOP *** [4c Kc Ts]
panton11: checks 
BubbaNothing: checks 
Wittl: checks 
*** TURN *** [4c Kc Ts] [9h]
panton11: bets $0.50
BubbaNothing: folds 
Wittl: calls $0.50
*** RIVER *** [4c Kc Ts 9h] [2h]
panton11: checks 
Wittl: checks 
*** SHOW DOWN ***
panton11: shows [8c Tc] (a pair of Tens)
Wittl: mucks hand 
panton11 collected $1.86 from pot
*** SUMMARY ***
Total pot $1.95 | Rake $0.09 
Board [4c Kc Ts 9h 2h]
Seat 1: Wittl (button) mucked [Jd Ah]
Seat 2: 3DMINSK (small blind) folded before Flop
Seat 3: panton11 (big blind) showed [8c Tc] and won ($1.86) with a pair of Tens
Seat 4: Content2bpro folded before Flop (didn't bet)
Seat 5: BubbaNothing folded on the Turn
Seat 6: HubertusB folded before Flop (didn't bet)



PokerStars Zoom Hand #186016159739:  Hold'em No Limit ($0.05/$0.10) - 2018/05/05 2:42:02 CCT [2018/05/04 14:42:02 ET]
Table 'Aludra' 6-max Seat #1 is the button
Seat 1: svirstar999 ($10.45 in chips) 
Seat 2: HubertusB ($18.79 in chips) 
Seat 3: HenkMuddy ($10.29 in chips) 
Seat 4: Valeria_sh_s ($5 in chips) 
Seat 5: underwood222 ($9.24 in chips) 
Seat 6: Pho0n ($11.32 in chips) 
HubertusB: posts small blind $0.05
HenkMuddy: posts big blind $0.10
*** HOLE CARDS ***
Dealt to HubertusB [2d 5d]
Valeria_sh_s: folds 
underwood222: folds 
Pho0n: folds 
svirstar999: raises $0.20 to $0.30
HubertusB: folds 
HenkMuddy: folds 
Uncalled bet ($0.20) returned to svirstar999
svirstar999 collected $0.25 from pot
svirstar999: doesn't show hand 
*** SUMMARY ***
Total pot $0.25 | Rake $0 
Seat 1: svirstar999 (button) collected ($0.25)
Seat 2: HubertusB (small blind) folded before Flop
Seat 3: HenkMuddy (big blind) folded before Flop
Seat 4: Valeria_sh_s folded before Flop (didn't bet)
Seat 5: underwood222 folded before Flop (didn't bet)
Seat 6: Pho0n folded before Flop (didn't bet)



PokerStars Zoom Hand #186016145907:  Hold'em No Limit ($0.05/$0.10) - 2018/05/05 2:41:43 CCT [2018/05/04 14:41:43 ET]
Table 'Aludra' 6-max Seat #1 is the button
Seat 1: Scrat4es ($21.27 in chips) 
Seat 2: HenkMuddy ($10.34 in chips) 
Seat 3: Pa3pbIBMo3ra ($13.68 in chips) 
Seat 4: Vengeance778 ($13.41 in chips) 
Seat 5: HubertusB ($18.89 in chips) 
Seat 6: ImGonnaDonk ($9.52 in chips) 
HenkMuddy: posts small blind $0.05
Pa3pbIBMo3ra: posts big blind $0.10
*** HOLE CARDS ***
Dealt to HubertusB [7s 2h]
Vengeance778: folds 
HubertusB: folds 
ImGonnaDonk: folds 
Scrat4es: raises $0.15 to $0.25
HenkMuddy: folds 
Pa3pbIBMo3ra: raises $0.55 to $0.80
Scrat4es: folds 
Uncalled bet ($0.55) returned to Pa3pbIBMo3ra
Pa3pbIBMo3ra collected $0.55 from pot
Pa3pbIBMo3ra: doesn't show hand 
*** SUMMARY ***
Total pot $0.55 | Rake $0 
Seat 1: Scrat4es (button) folded before Flop
Seat 2: HenkMuddy (small blind) folded before Flop
Seat 3: Pa3pbIBMo3ra (big blind) collected ($0.55)
Seat 4: Vengeance778 folded before Flop (didn't bet)
Seat 5: HubertusB folded before Flop (didn't bet)
Seat 6: ImGonnaDonk folded before Flop (didn't bet)



PokerStars Zoom Hand #186016154661:  Hold'em No Limit ($0.05/$0.10) - 2018/05/05 2:41:55 CCT [2018/05/04 14:41:55 ET]
Table 'Aludra' 6-max Seat #1 is the button
Seat 1: Scrat4es ($13.93 in chips) 
Seat 2: trenerok ($10.15 in chips) 
Seat 3: HubertusB ($18.89 in chips) 
Seat 4: OhNeverMind1 ($12.50 in chips) 
Seat 5: dinos35 ($16.68 in chips) 
Seat 6: TsitukDR ($10 in chips) 
trenerok: posts small blind $0.05
HubertusB: posts big blind $0.10
*** HOLE CARDS ***
Dealt to HubertusB [Th 4h]
OhNeverMind1: folds 
dinos35: folds 
TsitukDR: folds 
Scrat4es: raises $0.15 to $0.25
trenerok: raises $0.63 to $0.88
HubertusB: folds 
Scrat4es: folds 
Uncalled bet ($0.63) returned to trenerok
trenerok collected $0.60 from pot
trenerok: doesn't show hand 
*** SUMMARY ***
Total pot $0.60 | Rake $0 
Seat 1: Scrat4es (button) folded before Flop
Seat 2: trenerok (small blind) collected ($0.60)
Seat 3: HubertusB (big blind) folded before Flop
Seat 4: OhNeverMind1 folded before Flop (didn't bet)
Seat 5: dinos35 folded before Flop (didn't bet)
Seat 6: TsitukDR folded before Flop (didn't bet)



PokerStars Zoom Hand #186016151084:  Hold'em No Limit ($0.05/$0.10) - 2018/05/05 2:41:50 CCT [2018/05/04 14:41:50 ET]
Table 'Aludra' 6-max Seat #1 is the button
Seat 1: mohandes81 ($14.31 in chips) 
Seat 2: beroplayer ($9.50 in chips) 
Seat 3: SamuraiHBL ($10.19 in chips) 
Seat 4: HubertusB ($18.89 in chips) 
Seat 5: fff1d ($11.98 in chips) 
Seat 6: Brammer73 ($10.54 in chips) 
beroplayer: posts small blind $0.05
SamuraiHBL: posts big blind $0.10
*** HOLE CARDS ***
Dealt to HubertusB [9d 3h]
HubertusB: folds 
fff1d: folds 
Brammer73: raises $0.14 to $0.24
mohandes81: folds 
beroplayer: folds 
SamuraiHBL: calls $0.14
*** FLOP *** [Kh Td 7s]
SamuraiHBL: checks 
Brammer73: checks 
*** TURN *** [Kh Td 7s] [Kc]
SamuraiHBL: bets $0.22
Brammer73: calls $0.22
*** RIVER *** [Kh Td 7s Kc] [8h]
SamuraiHBL: bets $0.61
Brammer73: calls $0.61
*** SHOW DOWN ***
SamuraiHBL: shows [Qc 5c] (a pair of Kings)
Brammer73: shows [Qd Qs] (two pair, Kings and Queens)
Brammer73 collected $2.09 from pot
*** SUMMARY ***
Total pot $2.19 | Rake $0.10 
Board [Kh Td 7s Kc 8h]
Seat 1: mohandes81 (button) folded before Flop (didn't bet)
Seat 2: beroplayer (small blind) folded before Flop
Seat 3: SamuraiHBL (big blind) showed [Qc 5c] and lost with a pair of Kings
Seat 4: HubertusB folded before Flop (didn't bet)
Seat 5: fff1d folded before Flop (didn't bet)
Seat 6: Brammer73 showed [Qd Qs] and won ($2.09) with two pair, Kings and Queens



PokerStars Zoom Hand #186016171412:  Hold'em No Limit ($0.05/$0.10) - 2018/05/05 2:42:18 CCT [2018/05/04 14:42:18 ET]
Table 'Aludra' 6-max Seat #1 is the button
Seat 1: venÕm ($11.98 in chips) 
Seat 2: HubertusB ($18.74 in chips) 
Seat 3: büteknika ($23.33 in chips) 
Seat 4: BigBadBoy779 ($5.31 in chips) 
Seat 5: 3blessings ($5.50 in chips) 
Seat 6: alexandro156 ($27.50 in chips) 
HubertusB: posts small blind $0.05
büteknika: posts big blind $0.10
*** HOLE CARDS ***
Dealt to HubertusB [9c Ac]
BigBadBoy779: calls $0.10
3blessings: folds 
alexandro156: folds 
venÕm: folds 
HubertusB: calls $0.05
büteknika: checks 
*** FLOP *** [6c 2h 8d]
HubertusB: checks 
büteknika: checks 
BigBadBoy779: bets $0.20
HubertusB: folds 
büteknika: folds 
Uncalled bet ($0.20) returned to BigBadBoy779
BigBadBoy779 collected $0.29 from pot
BigBadBoy779: doesn't show hand 
*** SUMMARY ***
Total pot $0.30 | Rake $0.01 
Board [6c 2h 8d]
Seat 1: venÕm (button) folded before Flop (didn't bet)
Seat 2: HubertusB (small blind) folded on the Flop
Seat 3: büteknika (big blind) folded on the Flop
Seat 4: BigBadBoy779 collected ($0.29)
Seat 5: 3blessings folded before Flop (didn't bet)
Seat 6: alexandro156 folded before Flop (didn't bet)



PokerStars Zoom Hand #186016164130:  Hold'em No Limit ($0.05/$0.10) - 2018/05/05 2:42:08 CCT [2018/05/04 14:42:08 ET]
Table 'Aludra' 6-max Seat #1 is the button
Seat 1: Ludovik ($21.31 in chips) 
Seat 2: IntenseDnB ($11.77 in chips) 
Seat 3: Apap Noc ($23.14 in chips) 
Seat 4: HubertusB ($18.74 in chips) 
Seat 5: Draugsvoll ($10.55 in chips) 
Seat 6: UltimateHer0 ($12.27 in chips) 
IntenseDnB: posts small blind $0.05
Apap Noc: posts big blind $0.10
*** HOLE CARDS ***
Dealt to HubertusB [5c 8c]
HubertusB: folds 
Draugsvoll: folds 
UltimateHer0: raises $0.20 to $0.30
Ludovik: folds 
IntenseDnB: raises $0.80 to $1.10
Apap Noc: folds 
UltimateHer0: calls $0.80
*** FLOP *** [7h Qs 8h]
IntenseDnB: bets $0.73
UltimateHer0: calls $0.73
*** TURN *** [7h Qs 8h] [5h]
IntenseDnB: checks 
UltimateHer0: bets $2.37
IntenseDnB: folds 
Uncalled bet ($2.37) returned to UltimateHer0
UltimateHer0 collected $3.59 from pot
UltimateHer0: doesn't show hand 
*** SUMMARY ***
Total pot $3.76 | Rake $0.17 
Board [7h Qs 8h 5h]
Seat 1: Ludovik (button) folded before Flop (didn't bet)
Seat 2: IntenseDnB (small blind) folded on the Turn
Seat 3: Apap Noc (big blind) folded before Flop
Seat 4: HubertusB folded before Flop (didn't bet)
Seat 5: Draugsvoll folded before Flop (didn't bet)
Seat 6: UltimateHer0 collected ($3.59)



PokerStars Zoom Hand #186016188028:  Hold'em No Limit ($0.05/$0.10) - 2018/05/05 2:42:41 CCT [2018/05/04 14:42:41 ET]
Table 'Aludra' 6-max Seat #1 is the button
Seat 1: n3pYk ($11.26 in chips) 
Seat 2: Rabbit201529 ($9.89 in chips) 
Seat 3: HubertusB ($18.64 in chips) 
Seat 4: Hekanekoff ($10.01 in chips) 
Seat 5: Pho0n ($10.77 in chips) 
Seat 6: Submartingal ($11.23 in chips) 
Rabbit201529: posts small blind $0.05
HubertusB: posts big blind $0.10
*** HOLE CARDS ***
Dealt to HubertusB [5h 2h]
Hekanekoff: folds 
Pho0n: folds 
Submartingal: folds 
n3pYk: folds 
Rabbit201529: folds 
Uncalled bet ($0.05) returned to HubertusB
HubertusB collected $0.10 from pot
HubertusB: doesn't show hand 
*** SUMMARY ***
Total pot $0.10 | Rake $0 
Seat 1: n3pYk (button) folded before Flop (didn't bet)
Seat 2: Rabbit201529 (small blind) folded before Flop
Seat 3: HubertusB (big blind) collected ($0.10)
Seat 4: Hekanekoff folded before Flop (didn't bet)
Seat 5: Pho0n folded before Flop (didn't bet)
Seat 6: Submartingal folded before Flop (didn't bet)



PokerStars Zoom Hand #186016167753:  Hold'em No Limit ($0.05/$0.10) - 2018/05/05 2:42:13 CCT [2018/05/04 14:42:13 ET]
Table 'Aludra' 6-max Seat #1 is the button
Seat 1: HubertusB ($18.74 in chips) 
Seat 2: Kajtez97 ($10.20 in chips) 
Seat 3: DanceHappens ($10.88 in chips) 
Seat 4: Roland3399 ($16.46 in chips) 
Seat 5: belyi586 ($24.18 in chips) 
Seat 6: ImpalerPoker ($13.29 in chips) 
Kajtez97: posts small blind $0.05
DanceHappens: posts big blind $0.10
*** HOLE CARDS ***
Dealt to HubertusB [2c 4d]
Roland3399: folds 
belyi586: folds 
ImpalerPoker: raises $0.20 to $0.30
HubertusB: folds 
Kajtez97: folds 
DanceHappens: calls $0.20
*** FLOP *** [4h 7c 5c]
DanceHappens: checks 
ImpalerPoker: bets $0.41
DanceHappens: calls $0.41
*** TURN *** [4h 7c 5c] [5s]
DanceHappens: checks 
ImpalerPoker: bets $0.92
DanceHappens: folds 
Uncalled bet ($0.92) returned to ImpalerPoker
ImpalerPoker collected $1.40 from pot
ImpalerPoker: doesn't show hand 
*** SUMMARY ***
Total pot $1.47 | Rake $0.07 
Board [4h 7c 5c 5s]
Seat 1: HubertusB (button) folded before Flop (didn't bet)
Seat 2: Kajtez97 (small blind) folded before Flop
Seat 3: DanceHappens (big blind) folded on the Turn
Seat 4: Roland3399 folded before Flop (didn't bet)
Seat 5: belyi586 folded before Flop (didn't bet)
Seat 6: ImpalerPoker collected ($1.40)



PokerStars Zoom Hand #186016201217:  Hold'em No Limit ($0.05/$0.10) - 2018/05/05 2:42:59 CCT [2018/05/04 14:42:59 ET]
Table 'Aludra' 6-max Seat #1 is the button
Seat 1: 1989robin ($10.25 in chips) 
Seat 2: 3DMINSK ($10 in chips) 
Seat 3: mohandes81 ($14.46 in chips) 
Seat 4: Martlith ($11.45 in chips) 
Seat 5: turboden10 ($1.81 in chips) 
Seat 6: HubertusB ($18.69 in chips) 
3DMINSK: posts small blind $0.05
mohandes81: posts big blind $0.10
*** HOLE CARDS ***
Dealt to HubertusB [2h 7d]
Martlith: folds 
turboden10: folds 
HubertusB: folds 
1989robin: raises $0.15 to $0.25
3DMINSK: folds 
mohandes81: folds 
Uncalled bet ($0.15) returned to 1989robin
1989robin collected $0.25 from pot
1989robin: doesn't show hand 
*** SUMMARY ***
Total pot $0.25 | Rake $0 
Seat 1: 1989robin (button) collected ($0.25)
Seat 2: 3DMINSK (small blind) folded before Flop
Seat 3: mohandes81 (big blind) folded before Flop
Seat 4: Martlith folded before Flop (didn't bet)
Seat 5: turboden10 folded before Flop (didn't bet)
Seat 6: HubertusB folded before Flop (didn't bet)



PokerStars Zoom Hand #186016205654:  Hold'em No Limit ($0.05/$0.10) - 2018/05/05 2:43:05 CCT [2018/05/04 14:43:05 ET]
Table 'Aludra' 6-max Seat #1 is the button
Seat 1: vitamet ($9.70 in chips) 
Seat 2: Insignificant ($15.96 in chips) 
Seat 3: lArxangel ($18.23 in chips) 
Seat 4: mohandes81 ($10 in chips) 
Seat 5: HubertusB ($18.69 in chips) 
Seat 6: 3DMINSK ($14.66 in chips) 
Insignificant: posts small blind $0.05
lArxangel: posts big blind $0.10
*** HOLE CARDS ***
Dealt to HubertusB [Ad 3c]
mohandes81: folds 
HubertusB: folds 
3DMINSK: folds 
vitamet: folds 
Insignificant: raises $0.20 to $0.30
lArxangel: calls $0.20
*** FLOP *** [Ts 7d Ks]
Insignificant: bets $0.32
lArxangel: folds 
Uncalled bet ($0.32) returned to Insignificant
Insignificant collected $0.57 from pot
Insignificant: doesn't show hand 
*** SUMMARY ***
Total pot $0.60 | Rake $0.03 
Board [Ts 7d Ks]
Seat 1: vitamet (button) folded before Flop (didn't bet)
Seat 2: Insignificant (small blind) collected ($0.57)
Seat 3: lArxangel (big blind) folded on the Flop
Seat 4: mohandes81 folded before Flop (didn't bet)
Seat 5: HubertusB folded before Flop (didn't bet)
Seat 6: 3DMINSK folded before Flop (didn't bet)



PokerStars Zoom Hand #186016219520:  Hold'em No Limit ($0.05/$0.10) - 2018/05/05 2:43:24 CCT [2018/05/04 14:43:24 ET]
Table 'Aludra' 6-max Seat #1 is the button
Seat 1: janai22 ($7.91 in chips) 
Seat 2: MIT_PKR ($25.30 in chips) 
Seat 3: HubertusB ($18.69 in chips) 
Seat 4: tastyfeet ($13.28 in chips) 
Seat 5: IhanKujalla ($9.94 in chips) 
Seat 6: 3DMINSK ($10.41 in chips) 
MIT_PKR: posts small blind $0.05
HubertusB: posts big blind $0.10
*** HOLE CARDS ***
Dealt to HubertusB [5c Qs]
tastyfeet: folds 
IhanKujalla: folds 
3DMINSK: folds 
janai22: folds 
MIT_PKR: folds 
Uncalled bet ($0.05) returned to HubertusB
HubertusB collected $0.10 from pot
HubertusB: doesn't show hand 
*** SUMMARY ***
Total pot $0.10 | Rake $0 
Seat 1: janai22 (button) folded before Flop (didn't bet)
Seat 2: MIT_PKR (small blind) folded before Flop
Seat 3: HubertusB (big blind) collected ($0.10)
Seat 4: tastyfeet folded before Flop (didn't bet)
Seat 5: IhanKujalla folded before Flop (didn't bet)
Seat 6: 3DMINSK folded before Flop (didn't bet)



PokerStars Zoom Hand #186016209233:  Hold'em No Limit ($0.05/$0.10) - 2018/05/05 2:43:10 CCT [2018/05/04 14:43:10 ET]
Table 'Aludra' 6-max Seat #1 is the button
Seat 1: lexa@lexa198 ($4.85 in chips) 
Seat 2: Okkultist1888 ($17.73 in chips) 
Seat 3: Brammer73 ($10.49 in chips) 
Seat 4: HubertusB ($18.69 in chips) 
Seat 5: Boom591 ($14.46 in chips) 
Seat 6: SolitaryDan ($3.86 in chips) 
Okkultist1888: posts small blind $0.05
Brammer73: posts big blind $0.10
*** HOLE CARDS ***
Dealt to HubertusB [2h 9d]
HubertusB: folds 
Boom591: folds 
SolitaryDan: raises $0.20 to $0.30
lexa@lexa198: folds 
Okkultist1888: calls $0.25
Brammer73: folds 
*** FLOP *** [5c Ts 4h]
Okkultist1888: checks 
SolitaryDan: checks 
*** TURN *** [5c Ts 4h] [Kc]
Okkultist1888: checks 
SolitaryDan: bets $0.70
Okkultist1888: folds 
Uncalled bet ($0.70) returned to SolitaryDan
SolitaryDan collected $0.67 from pot
SolitaryDan: doesn't show hand 
*** SUMMARY ***
Total pot $0.70 | Rake $0.03 
Board [5c Ts 4h Kc]
Seat 1: lexa@lexa198 (button) folded before Flop (didn't bet)
Seat 2: Okkultist1888 (small blind) folded on the Turn
Seat 3: Brammer73 (big blind) folded before Flop
Seat 4: HubertusB folded before Flop (didn't bet)
Seat 5: Boom591 folded before Flop (didn't bet)
Seat 6: SolitaryDan collected ($0.67)



PokerStars Zoom Hand #186016212936:  Hold'em No Limit ($0.05/$0.10) - 2018/05/05 2:43:15 CCT [2018/05/04 14:43:15 ET]
Table 'Aludra' 6-max Seat #1 is the button
Seat 1: HubertusB ($18.69 in chips) 
Seat 2: Tub1610 ($11.29 in chips) 
Seat 3: Yoan022 ($10 in chips) 
Seat 4: AthleticZ ($12.26 in chips) 
Seat 5: mordwin03 ($12.72 in chips) 
Seat 6: fatruss1 ($10.05 in chips) 
Tub1610: posts small blind $0.05
Yoan022: posts big blind $0.10
*** HOLE CARDS ***
Dealt to HubertusB [7d 2h]
AthleticZ: folds 
mordwin03: raises $0.15 to $0.25
fatruss1: folds 
HubertusB: folds 
Tub1610: folds 
Yoan022: calls $0.15
*** FLOP *** [Qc Tc 8s]
Yoan022: checks 
mordwin03: bets $0.40
Yoan022: folds 
Uncalled bet ($0.40) returned to mordwin03
mordwin03 collected $0.53 from pot
mordwin03: doesn't show hand 
*** SUMMARY ***
Total pot $0.55 | Rake $0.02 
Board [Qc Tc 8s]
Seat 1: HubertusB (button) folded before Flop (didn't bet)
Seat 2: Tub1610 (small blind) folded before Flop
Seat 3: Yoan022 (big blind) folded on the Flop
Seat 4: AthleticZ folded before Flop (didn't bet)
Seat 5: mordwin03 collected ($0.53)
Seat 6: fatruss1 folded before Flop (didn't bet)



PokerStars Zoom Hand #186016232649:  Hold'em No Limit ($0.05/$0.10) - 2018/05/05 2:43:42 CCT [2018/05/04 14:43:42 ET]
Table 'Aludra' 6-max Seat #1 is the button
Seat 1: saspi ($13.97 in chips) 
Seat 2: Pho0n ($22.15 in chips) 
Seat 3: Scrat4es ($11.28 in chips) 
Seat 4: mysterion707 ($13.62 in chips) 
Seat 5: HubertusB ($18.69 in chips) 
Seat 6: fede 7ñl ($10 in chips) 
Pho0n: posts small blind $0.05
Scrat4es: posts big blind $0.10
*** HOLE CARDS ***
Dealt to HubertusB [6c 3s]
mysterion707: folds 
HubertusB: folds 
fede 7ñl: folds 
saspi: folds 
Pho0n: folds 
Uncalled bet ($0.05) returned to Scrat4es
Scrat4es collected $0.10 from pot
Scrat4es: doesn't show hand 
*** SUMMARY ***
Total pot $0.10 | Rake $0 
Seat 1: saspi (button) folded before Flop (didn't bet)
Seat 2: Pho0n (small blind) folded before Flop
Seat 3: Scrat4es (big blind) collected ($0.10)
Seat 4: mysterion707 folded before Flop (didn't bet)
Seat 5: HubertusB folded before Flop (didn't bet)
Seat 6: fede 7ñl folded before Flop (didn't bet)



PokerStars Zoom Hand #186016228278:  Hold'em No Limit ($0.05/$0.10) - 2018/05/05 2:43:36 CCT [2018/05/04 14:43:36 ET]
Table 'Aludra' 6-max Seat #1 is the button
Seat 1: kim05601 ($10.54 in chips) 
Seat 2: HubertusB ($18.74 in chips) 
Seat 3: CJIOHNK ($18.20 in chips) 
Seat 4: George wa833 ($14.16 in chips) 
Seat 5: oldfish347 ($10 in chips) 
Seat 6: Quatro007 ($11.58 in chips) 
HubertusB: posts small blind $0.05
CJIOHNK: posts big blind $0.10
*** HOLE CARDS ***
Dealt to HubertusB [6s 4s]
George wa833: raises $0.10 to $0.20
oldfish347: folds 
Quatro007: folds 
kim05601: folds 
HubertusB: folds 
CJIOHNK: calls $0.10
*** FLOP *** [4d 9d Kc]
CJIOHNK: bets $0.10
George wa833: folds 
Uncalled bet ($0.10) returned to CJIOHNK
CJIOHNK collected $0.43 from pot
CJIOHNK: doesn't show hand 
*** SUMMARY ***
Total pot $0.45 | Rake $0.02 
Board [4d 9d Kc]
Seat 1: kim05601 (button) folded before Flop (didn't bet)
Seat 2: HubertusB (small blind) folded before Flop
Seat 3: CJIOHNK (big blind) collected ($0.43)
Seat 4: George wa833 folded on the Flop
Seat 5: oldfish347 folded before Flop (didn't bet)
Seat 6: Quatro007 folded before Flop (didn't bet)



PokerStars Zoom Hand #186016215895:  Hold'em No Limit ($0.05/$0.10) - 2018/05/05 2:43:19 CCT [2018/05/04 14:43:19 ET]
Table 'Aludra' 6-max Seat #1 is the button
Seat 1: EffOrt100% ($10 in chips) 
Seat 2: ksava35 ($14.72 in chips) 
Seat 3: Lev016 ($7.78 in chips) 
Seat 4: cl3-067 ($23.34 in chips) 
Seat 5: EnterNumLock ($10.02 in chips) 
Seat 6: HubertusB ($18.69 in chips) 
ksava35: posts small blind $0.05
Lev016: posts big blind $0.10
*** HOLE CARDS ***
Dealt to HubertusB [Qs 6d]
cl3-067: raises $0.15 to $0.25
EnterNumLock: folds 
HubertusB: folds 
EffOrt100%: folds 
ksava35: folds 
Lev016: calls $0.15
*** FLOP *** [8s 7c 4s]
Lev016: checks 
cl3-067: checks 
*** TURN *** [8s 7c 4s] [2s]
Lev016: bets $0.10
cl3-067: raises $0.30 to $0.40
Lev016: raises $0.30 to $0.70
cl3-067: calls $0.30
*** RIVER *** [8s 7c 4s 2s] [As]
Lev016: bets $0.10
cl3-067: raises $3.09 to $3.19
Lev016: folds 
Uncalled bet ($3.09) returned to cl3-067
cl3-067 collected $2.05 from pot
cl3-067: doesn't show hand 
*** SUMMARY ***
Total pot $2.15 | Rake $0.10 
Board [8s 7c 4s 2s As]
Seat 1: EffOrt100% (button) folded before Flop (didn't bet)
Seat 2: ksava35 (small blind) folded before Flop
Seat 3: Lev016 (big blind) folded on the River
Seat 4: cl3-067 collected ($2.05)
Seat 5: EnterNumLock folded before Flop (didn't bet)
Seat 6: HubertusB folded before Flop (didn't bet)



PokerStars Zoom Hand #186016236280:  Hold'em No Limit ($0.05/$0.10) - 2018/05/05 2:43:47 CCT [2018/05/04 14:43:47 ET]
Table 'Aludra' 6-max Seat #1 is the button
Seat 1: mordwin03 ($26.90 in chips) 
Seat 2: 3DMINSK ($10.05 in chips) 
Seat 3: ImpalerPoker ($10 in chips) 
Seat 4: I Ba$im I ($10.80 in chips) 
Seat 5: sevenways ($10.85 in chips) 
Seat 6: HubertusB ($18.69 in chips) 
3DMINSK: posts small blind $0.05
ImpalerPoker: posts big blind $0.10
*** HOLE CARDS ***
Dealt to HubertusB [6h Qd]
I Ba$im I: folds 
sevenways: folds 
HubertusB: folds 
mordwin03: folds 
3DMINSK: raises $0.20 to $0.30
ImpalerPoker: folds 
Uncalled bet ($0.20) returned to 3DMINSK
3DMINSK collected $0.20 from pot
3DMINSK: doesn't show hand 
*** SUMMARY ***
Total pot $0.20 | Rake $0 
Seat 1: mordwin03 (button) folded before Flop (didn't bet)
Seat 2: 3DMINSK (small blind) collected ($0.20)
Seat 3: ImpalerPoker (big blind) folded before Flop
Seat 4: I Ba$im I folded before Flop (didn't bet)
Seat 5: sevenways folded before Flop (didn't bet)
Seat 6: HubertusB folded before Flop (didn't bet)



PokerStars Zoom Hand #186016239153:  Hold'em No Limit ($0.05/$0.10) - 2018/05/05 2:43:51 CCT [2018/05/04 14:43:51 ET]
Table 'Aludra' 6-max Seat #1 is the button
Seat 1: Pertuza ($12.49 in chips) 
Seat 2: ThePlayer227 ($9.45 in chips) 
Seat 3: klopen1982 ($15.84 in chips) 
Seat 4: HubertusB ($18.69 in chips) 
Seat 5: mohandes81 ($11.65 in chips) 
Seat 6: Scrat4es ($11.33 in chips) 
ThePlayer227: posts small blind $0.05
klopen1982: posts big blind $0.10
*** HOLE CARDS ***
Dealt to HubertusB [4d 4c]
HubertusB: raises $0.10 to $0.20
mohandes81: raises $0.50 to $0.70
Scrat4es: folds 
Pertuza: folds 
ThePlayer227: folds 
klopen1982: folds 
HubertusB: folds 
Uncalled bet ($0.50) returned to mohandes81
mohandes81 collected $0.55 from pot
mohandes81: doesn't show hand 
*** SUMMARY ***
Total pot $0.55 | Rake $0 
Seat 1: Pertuza (button) folded before Flop (didn't bet)
Seat 2: ThePlayer227 (small blind) folded before Flop
Seat 3: klopen1982 (big blind) folded before Flop
Seat 4: HubertusB folded before Flop
Seat 5: mohandes81 collected ($0.55)
Seat 6: Scrat4es folded before Flop (didn't bet)



PokerStars Zoom Hand #186016255896:  Hold'em No Limit ($0.05/$0.10) - 2018/05/05 2:44:14 CCT [2018/05/04 14:44:14 ET]
Table 'Aludra' 6-max Seat #1 is the button
Seat 1: HubertusB ($18.39 in chips) 
Seat 2: mordwin03 ($12.90 in chips) 
Seat 3: DP Neue ($7.60 in chips) 
Seat 4: Roland3399 ($10 in chips) 
Seat 5: Ro008 ($10.78 in chips) 
Seat 6: oNebibo235 ($16.47 in chips) 
mordwin03: posts small blind $0.05
DP Neue: posts big blind $0.10
*** HOLE CARDS ***
Dealt to HubertusB [9d 3s]
Roland3399: folds 
Ro008: folds 
oNebibo235: folds 
HubertusB: folds 
mordwin03: raises $0.15 to $0.25
DP Neue: folds 
Uncalled bet ($0.15) returned to mordwin03
mordwin03 collected $0.20 from pot
mordwin03: doesn't show hand 
*** SUMMARY ***
Total pot $0.20 | Rake $0 
Seat 1: HubertusB (button) folded before Flop (didn't bet)
Seat 2: mordwin03 (small blind) collected ($0.20)
Seat 3: DP Neue (big blind) folded before Flop
Seat 4: Roland3399 folded before Flop (didn't bet)
Seat 5: Ro008 folded before Flop (didn't bet)
Seat 6: oNebibo235 folded before Flop (didn't bet)



PokerStars Zoom Hand #186016264013:  Hold'em No Limit ($0.05/$0.10) - 2018/05/05 2:44:25 CCT [2018/05/04 14:44:25 ET]
Table 'Aludra' 6-max Seat #1 is the button
Seat 1: GizaGliwic ($20.58 in chips) 
Seat 2: HubertusB ($18.39 in chips) 
Seat 3: bacotero ($9.95 in chips) 
Seat 4: panton11 ($26.53 in chips) 
Seat 5: fff1d ($14.19 in chips) 
Seat 6: Yoan022 ($9.85 in chips) 
HubertusB: posts small blind $0.05
bacotero: posts big blind $0.10
*** HOLE CARDS ***
Dealt to HubertusB [Js 3c]
panton11: folds 
fff1d: folds 
Yoan022: folds 
GizaGliwic: folds 
HubertusB: folds 
Uncalled bet ($0.05) returned to bacotero
bacotero collected $0.10 from pot
bacotero: doesn't show hand 
*** SUMMARY ***
Total pot $0.10 | Rake $0 
Seat 1: GizaGliwic (button) folded before Flop (didn't bet)
Seat 2: HubertusB (small blind) folded before Flop
Seat 3: bacotero (big blind) collected ($0.10)
Seat 4: panton11 folded before Flop (didn't bet)
Seat 5: fff1d folded before Flop (didn't bet)
Seat 6: Yoan022 folded before Flop (didn't bet)



PokerStars Zoom Hand #186016261056:  Hold'em No Limit ($0.05/$0.10) - 2018/05/05 2:44:21 CCT [2018/05/04 14:44:21 ET]
Table 'Aludra' 6-max Seat #1 is the button
Seat 1: Tub1610 ($11.24 in chips) 
Seat 2: venÕm ($10 in chips) 
Seat 3: 1nsideMyMind ($10.15 in chips) 
Seat 4: HubertusB ($18.39 in chips) 
Seat 5: beroplayer ($10.95 in chips) 
Seat 6: TsitukDR ($10.53 in chips) 
venÕm: posts small blind $0.05
1nsideMyMind: posts big blind $0.10
*** HOLE CARDS ***
Dealt to HubertusB [4s 9s]
HubertusB: folds 
beroplayer: calls $0.10
TsitukDR: folds 
Tub1610: raises $0.30 to $0.40
venÕm: folds 
1nsideMyMind: folds 
beroplayer: calls $0.30
*** FLOP *** [4d 9d 5h]
beroplayer: checks 
Tub1610: bets $0.45
beroplayer: folds 
Uncalled bet ($0.45) returned to Tub1610
Tub1610 collected $0.91 from pot
Tub1610: doesn't show hand 
*** SUMMARY ***
Total pot $0.95 | Rake $0.04 
Board [4d 9d 5h]
Seat 1: Tub1610 (button) collected ($0.91)
Seat 2: venÕm (small blind) folded before Flop
Seat 3: 1nsideMyMind (big blind) folded before Flop
Seat 4: HubertusB folded before Flop (didn't bet)
Seat 5: beroplayer folded on the Flop
Seat 6: TsitukDR folded before Flop (didn't bet)



PokerStars Zoom Hand #186016247251:  Hold'em No Limit ($0.05/$0.10) - 2018/05/05 2:44:02 CCT [2018/05/04 14:44:02 ET]
Table 'Aludra' 6-max Seat #1 is the button
Seat 1: NegromJames ($14.20 in chips) 
Seat 2: BubbaNothing ($12.72 in chips) 
Seat 3: HubertusB ($18.49 in chips) 
Seat 4: Kajtez97 ($12.25 in chips) 
Seat 5: klopen1982 ($10.28 in chips) 
Seat 6: Alex.Corbu ($10.30 in chips) 
BubbaNothing: posts small blind $0.05
HubertusB: posts big blind $0.10
*** HOLE CARDS ***
Dealt to HubertusB [7d 3c]
Kajtez97: folds 
klopen1982: folds 
Alex.Corbu: raises $0.20 to $0.30
NegromJames: raises $0.60 to $0.90
BubbaNothing: folds 
HubertusB: folds 
Alex.Corbu: calls $0.60
*** FLOP *** [7c Js 8c]
Alex.Corbu: checks 
NegromJames: bets $0.97
Alex.Corbu: folds 
Uncalled bet ($0.97) returned to NegromJames
NegromJames collected $1.86 from pot
NegromJames: doesn't show hand 
*** SUMMARY ***
Total pot $1.95 | Rake $0.09 
Board [7c Js 8c]
Seat 1: NegromJames (button) collected ($1.86)
Seat 2: BubbaNothing (small blind) folded before Flop
Seat 3: HubertusB (big blind) folded before Flop
Seat 4: Kajtez97 folded before Flop (didn't bet)
Seat 5: klopen1982 folded before Flop (didn't bet)
Seat 6: Alex.Corbu folded on the Flop



PokerStars Zoom Hand #186016267619:  Hold'em No Limit ($0.05/$0.10) - 2018/05/05 2:44:30 CCT [2018/05/04 14:44:30 ET]
Table 'Aludra' 6-max Seat #1 is the button
Seat 1: HubertusB ($18.34 in chips) 
Seat 2: Litllking ($5.66 in chips) 
Seat 3: trenerok ($10 in chips) 
Seat 4: TiagoShow23 ($12.28 in chips) 
Seat 5: jhoelpatan ($10.87 in chips) 
Seat 6: HOMEP PA3 ($10.14 in chips) 
Litllking: posts small blind $0.05
trenerok: posts big blind $0.10
*** HOLE CARDS ***
Dealt to HubertusB [5s Tc]
TiagoShow23: folds 
jhoelpatan: folds 
HOMEP PA3: folds 
HubertusB: folds 
Litllking: calls $0.05
trenerok: raises $0.35 to $0.45
Litllking: calls $0.35
*** FLOP *** [Qs 4s 3h]
Litllking: checks 
trenerok: checks 
*** TURN *** [Qs 4s 3h] [Th]
Litllking: checks 
trenerok: checks 
*** RIVER *** [Qs 4s 3h Th] [6s]
Litllking: checks 
trenerok: checks 
*** SHOW DOWN ***
Litllking: shows [8d 9h] (high card Queen)
trenerok: mucks hand 
Litllking collected $0.86 from pot
*** SUMMARY ***
Total pot $0.90 | Rake $0.04 
Board [Qs 4s 3h Th 6s]
Seat 1: HubertusB (button) folded before Flop (didn't bet)
Seat 2: Litllking (small blind) showed [8d 9h] and won ($0.86) with high card Queen
Seat 3: trenerok (big blind) mucked [9c 5c]
Seat 4: TiagoShow23 folded before Flop (didn't bet)
Seat 5: jhoelpatan folded before Flop (didn't bet)
Seat 6: HOMEP PA3 folded before Flop (didn't bet)



PokerStars Zoom Hand #186016271248:  Hold'em No Limit ($0.05/$0.10) - 2018/05/05 2:44:35 CCT [2018/05/04 14:44:35 ET]
Table 'Aludra' 6-max Seat #1 is the button
Seat 1: ToVo22 ($8.79 in chips) 
Seat 2: EvgVa ($15.29 in chips) 
Seat 3: IntenseDnB ($17.45 in chips) 
Seat 4: Martlith ($13.92 in chips) 
Seat 5: HubertusB ($18.34 in chips) 
Seat 6: saspi ($13.31 in chips) 
EvgVa: posts small blind $0.05
IntenseDnB: posts big blind $0.10
*** HOLE CARDS ***
Dealt to HubertusB [Kh Jd]
Martlith: folds 
HubertusB: raises $0.13 to $0.23
saspi: folds 
ToVo22: calls $0.23
EvgVa: folds 
IntenseDnB: folds 
*** FLOP *** [Ac Qc Ts]
HubertusB: bets $0.42
ToVo22: calls $0.42
*** TURN *** [Ac Qc Ts] [5h]
HubertusB: bets $1.01
ToVo22: calls $1.01
*** RIVER *** [Ac Qc Ts 5h] [7s]
HubertusB: bets $2.50
ToVo22: calls $2.50
*** SHOW DOWN ***
HubertusB: shows [Kh Jd] (a straight, Ten to Ace)
ToVo22: mucks hand 
HubertusB collected $8.09 from pot
*** SUMMARY ***
Total pot $8.47 | Rake $0.38 
Board [Ac Qc Ts 5h 7s]
Seat 1: ToVo22 (button) mucked [Qh Th]
Seat 2: EvgVa (small blind) folded before Flop
Seat 3: IntenseDnB (big blind) folded before Flop
Seat 4: Martlith folded before Flop (didn't bet)
Seat 5: HubertusB showed [Kh Jd] and won ($8.09) with a straight, Ten to Ace
Seat 6: saspi folded before Flop (didn't bet)



PokerStars Zoom Hand #186016303248:  Hold'em No Limit ($0.05/$0.10) - 2018/05/05 2:45:20 CCT [2018/05/04 14:45:20 ET]
Table 'Aludra' 6-max Seat #1 is the button
Seat 1: Slavzhik7 ($12.60 in chips) 
Seat 2: trenerok ($10 in chips) 
Seat 3: janai22 ($9.92 in chips) 
Seat 4: BamBin2k1 ($11.80 in chips) 
Seat 5: HubertusB ($22.27 in chips) 
Seat 6: Di_RJJ ($15.59 in chips) 
trenerok: posts small blind $0.05
janai22: posts big blind $0.10
*** HOLE CARDS ***
Dealt to HubertusB [6c 5d]
BamBin2k1: folds 
HubertusB: folds 
Di_RJJ: folds 
Slavzhik7: raises $0.10 to $0.20
trenerok: folds 
janai22: folds 
Uncalled bet ($0.10) returned to Slavzhik7
Slavzhik7 collected $0.25 from pot
Slavzhik7: doesn't show hand 
*** SUMMARY ***
Total pot $0.25 | Rake $0 
Seat 1: Slavzhik7 (button) collected ($0.25)
Seat 2: trenerok (small blind) folded before Flop
Seat 3: janai22 (big blind) folded before Flop
Seat 4: BamBin2k1 folded before Flop (didn't bet)
Seat 5: HubertusB folded before Flop (didn't bet)
Seat 6: Di_RJJ folded before Flop (didn't bet)



PokerStars Zoom Hand #186016308677:  Hold'em No Limit ($0.05/$0.10) - 2018/05/05 2:45:28 CCT [2018/05/04 14:45:28 ET]
Table 'Aludra' 6-max Seat #1 is the button
Seat 1: Khutor ($5 in chips) 
Seat 2: NegromJames ($14.96 in chips) 
Seat 3: HubertusB ($22.27 in chips) 
Seat 4: LumpyBadbeat ($3.96 in chips) 
Seat 5: mordwin03 ($25.21 in chips) 
Seat 6: viktor_KK ($10.10 in chips) 
NegromJames: posts small blind $0.05
HubertusB: posts big blind $0.10
*** HOLE CARDS ***
Dealt to HubertusB [5c 6s]
LumpyBadbeat: folds 
mordwin03: folds 
viktor_KK: folds 
Khutor: raises $0.10 to $0.20
NegromJames: folds 
HubertusB: folds 
Uncalled bet ($0.10) returned to Khutor
Khutor collected $0.25 from pot
Khutor: doesn't show hand 
*** SUMMARY ***
Total pot $0.25 | Rake $0 
Seat 1: Khutor (button) collected ($0.25)
Seat 2: NegromJames (small blind) folded before Flop
Seat 3: HubertusB (big blind) folded before Flop
Seat 4: LumpyBadbeat folded before Flop (didn't bet)
Seat 5: mordwin03 folded before Flop (didn't bet)
Seat 6: viktor_KK folded before Flop (didn't bet)



PokerStars Zoom Hand #186016318719:  Hold'em No Limit ($0.05/$0.10) - 2018/05/05 2:45:43 CCT [2018/05/04 14:45:43 ET]
Table 'Aludra' 6-max Seat #1 is the button
Seat 1: Martlith ($13.62 in chips) 
Seat 2: HubertusB ($22.17 in chips) 
Seat 3: sevenways ($17.20 in chips) 
Seat 4: arsvegas777 ($4.65 in chips) 
Seat 5: domitorii ($11.60 in chips) 
Seat 6: 3blessings ($4.89 in chips) 
HubertusB: posts small blind $0.05
sevenways: posts big blind $0.10
*** HOLE CARDS ***
Dealt to HubertusB [3d 7d]
arsvegas777: folds 
domitorii: folds 
3blessings: folds 
Martlith: folds 
HubertusB: folds 
Uncalled bet ($0.05) returned to sevenways
sevenways collected $0.10 from pot
sevenways: doesn't show hand 
*** SUMMARY ***
Total pot $0.10 | Rake $0 
Seat 1: Martlith (button) folded before Flop (didn't bet)
Seat 2: HubertusB (small blind) folded before Flop
Seat 3: sevenways (big blind) collected ($0.10)
Seat 4: arsvegas777 folded before Flop (didn't bet)
Seat 5: domitorii folded before Flop (didn't bet)
Seat 6: 3blessings folded before Flop (didn't bet)



PokerStars Zoom Hand #186016328779:  Hold'em No Limit ($0.05/$0.10) - 2018/05/05 2:45:56 CCT [2018/05/04 14:45:56 ET]
Table 'Aludra' 6-max Seat #1 is the button
Seat 1: maciejka888 ($5 in chips) 
Seat 2: DM_312 ($12.97 in chips) 
Seat 3: BubbaNothing ($17.59 in chips) 
Seat 4: Ro008 ($10.58 in chips) 
Seat 5: HubertusB ($22.12 in chips) 
Seat 6: Atheist X ($12.86 in chips) 
DM_312: posts small blind $0.05
BubbaNothing: posts big blind $0.10
*** HOLE CARDS ***
Dealt to HubertusB [Td 6s]
Ro008: folds 
HubertusB: folds 
Atheist X: raises $0.15 to $0.25
maciejka888: folds 
DM_312: folds 
BubbaNothing: calls $0.15
*** FLOP *** [6h 4h Kh]
BubbaNothing: checks 
Atheist X: checks 
*** TURN *** [6h 4h Kh] [2h]
BubbaNothing: checks 
Atheist X: checks 
*** RIVER *** [6h 4h Kh 2h] [8d]
BubbaNothing: bets $0.29
Atheist X: calls $0.29
*** SHOW DOWN ***
BubbaNothing: shows [9h Kc] (a flush, King high)
Atheist X: mucks hand 
BubbaNothing collected $1.08 from pot
*** SUMMARY ***
Total pot $1.13 | Rake $0.05 
Board [6h 4h Kh 2h 8d]
Seat 1: maciejka888 (button) folded before Flop (didn't bet)
Seat 2: DM_312 (small blind) folded before Flop
Seat 3: BubbaNothing (big blind) showed [9h Kc] and won ($1.08) with a flush, King high
Seat 4: Ro008 folded before Flop (didn't bet)
Seat 5: HubertusB folded before Flop (didn't bet)
Seat 6: Atheist X mucked [5h 5c]



PokerStars Zoom Hand #186016332115:  Hold'em No Limit ($0.05/$0.10) - 2018/05/05 2:46:01 CCT [2018/05/04 14:46:01 ET]
Table 'Aludra' 6-max Seat #1 is the button
Seat 1: klopen1982 ($10 in chips) 
Seat 2: offuca ($15.86 in chips) 
Seat 3: salomone29 ($6.95 in chips) 
Seat 4: UltimateHer0 ($15.31 in chips) 
Seat 5: fff1d ($11.93 in chips) 
Seat 6: HubertusB ($22.12 in chips) 
offuca: posts small blind $0.05
salomone29: posts big blind $0.10
*** HOLE CARDS ***
Dealt to HubertusB [7c 8c]
UltimateHer0: folds 
fff1d: folds 
HubertusB: raises $0.10 to $0.20
klopen1982: folds 
offuca: folds 
salomone29: folds 
Uncalled bet ($0.10) returned to HubertusB
HubertusB collected $0.25 from pot
HubertusB: doesn't show hand 
*** SUMMARY ***
Total pot $0.25 | Rake $0 
Seat 1: klopen1982 (button) folded before Flop (didn't bet)
Seat 2: offuca (small blind) folded before Flop
Seat 3: salomone29 (big blind) folded before Flop
Seat 4: UltimateHer0 folded before Flop (didn't bet)
Seat 5: fff1d folded before Flop (didn't bet)
Seat 6: HubertusB collected ($0.25)



PokerStars Zoom Hand #186016323880:  Hold'em No Limit ($0.05/$0.10) - 2018/05/05 2:45:49 CCT [2018/05/04 14:45:49 ET]
Table 'Aludra' 6-max Seat #1 is the button
Seat 1: domitorii ($10 in chips) 
Seat 2: TheWitchCat ($10 in chips) 
Seat 3: DimMak92 ($19.57 in chips) 
Seat 4: nl_shizik ($23.59 in chips) 
Seat 5: Ro008 ($10.58 in chips) 
Seat 6: HubertusB ($22.12 in chips) 
TheWitchCat: posts small blind $0.05
DimMak92: posts big blind $0.10
*** HOLE CARDS ***
Dealt to HubertusB [Td Qc]
nl_shizik: folds 
Ro008: folds 
HubertusB: folds 
domitorii: raises $0.12 to $0.22
TheWitchCat: folds 
DimMak92: calls $0.12
*** FLOP *** [9h Tc Qd]
DimMak92: checks 
domitorii: checks 
*** TURN *** [9h Tc Qd] [3h]
DimMak92: checks 
domitorii: bets $0.35
DimMak92: calls $0.35
*** RIVER *** [9h Tc Qd 3h] [8s]
DimMak92: checks 
domitorii: checks 
*** SHOW DOWN ***
DimMak92: shows [Ks 9d] (a pair of Nines)
domitorii: mucks hand 
DimMak92 collected $1.14 from pot
*** SUMMARY ***
Total pot $1.19 | Rake $0.05 
Board [9h Tc Qd 3h 8s]
Seat 1: domitorii (button) mucked [6d 6s]
Seat 2: TheWitchCat (small blind) folded before Flop
Seat 3: DimMak92 (big blind) showed [Ks 9d] and won ($1.14) with a pair of Nines
Seat 4: nl_shizik folded before Flop (didn't bet)
Seat 5: Ro008 folded before Flop (didn't bet)
Seat 6: HubertusB folded before Flop (didn't bet)



PokerStars Zoom Hand #186016348200:  Hold'em No Limit ($0.05/$0.10) - 2018/05/05 2:46:23 CCT [2018/05/04 14:46:23 ET]
Table 'Aludra' 6-max Seat #1 is the button
Seat 1: Nihil_Novi ($13.31 in chips) 
Seat 2: hoss145 ($12.47 in chips) 
Seat 3: kenneeoin ($2.80 in chips) 
Seat 4: HubertusB ($22.27 in chips) 
Seat 5: DimMak92 ($20.14 in chips) 
Seat 6: Pietro211 ($24.80 in chips) 
hoss145: posts small blind $0.05
kenneeoin: posts big blind $0.10
*** HOLE CARDS ***
Dealt to HubertusB [Ah 2d]
HubertusB: folds 
DimMak92: folds 
Pietro211: folds 
Nihil_Novi: raises $0.16 to $0.26
hoss145: folds 
kenneeoin: folds 
Uncalled bet ($0.16) returned to Nihil_Novi
Nihil_Novi collected $0.25 from pot
Nihil_Novi: doesn't show hand 
*** SUMMARY ***
Total pot $0.25 | Rake $0 
Seat 1: Nihil_Novi (button) collected ($0.25)
Seat 2: hoss145 (small blind) folded before Flop
Seat 3: kenneeoin (big blind) folded before Flop
Seat 4: HubertusB folded before Flop (didn't bet)
Seat 5: DimMak92 folded before Flop (didn't bet)
Seat 6: Pietro211 folded before Flop (didn't bet)



PokerStars Zoom Hand #186016356133:  Hold'em No Limit ($0.05/$0.10) - 2018/05/05 2:46:34 CCT [2018/05/04 14:46:34 ET]
Table 'Aludra' 6-max Seat #1 is the button
Seat 1: nl_shizik ($21.21 in chips) 
Seat 2: I Ba$im I ($10.24 in chips) 
Seat 3: HubertusB ($22.27 in chips) 
Seat 4: Brammer73 ($10 in chips) 
Seat 5: mqsan ($27.51 in chips) 
Seat 6: domitorii ($10 in chips) 
I Ba$im I: posts small blind $0.05
HubertusB: posts big blind $0.10
*** HOLE CARDS ***
Dealt to HubertusB [6h 7c]
Brammer73: folds 
mqsan: folds 
domitorii: folds 
nl_shizik: folds 
I Ba$im I: folds 
Uncalled bet ($0.05) returned to HubertusB
HubertusB collected $0.10 from pot
HubertusB: doesn't show hand 
*** SUMMARY ***
Total pot $0.10 | Rake $0 
Seat 1: nl_shizik (button) folded before Flop (didn't bet)
Seat 2: I Ba$im I (small blind) folded before Flop
Seat 3: HubertusB (big blind) collected ($0.10)
Seat 4: Brammer73 folded before Flop (didn't bet)
Seat 5: mqsan folded before Flop (didn't bet)
Seat 6: domitorii folded before Flop (didn't bet)



PokerStars Zoom Hand #186016351768:  Hold'em No Limit ($0.05/$0.10) - 2018/05/05 2:46:28 CCT [2018/05/04 14:46:28 ET]
Table 'Aludra' 6-max Seat #1 is the button
Seat 1: HubertusB ($22.27 in chips) 
Seat 2: cl3-067 ($20.93 in chips) 
Seat 3: Rumak87 ($13.51 in chips) 
Seat 4: IntenseDnB ($17.20 in chips) 
Seat 5: C14n0 ($10 in chips) 
Seat 6: GizaGliwic ($21.04 in chips) 
cl3-067: posts small blind $0.05
Rumak87: posts big blind $0.10
*** HOLE CARDS ***
Dealt to HubertusB [9d 7s]
IntenseDnB: folds 
C14n0: folds 
GizaGliwic: folds 
HubertusB: folds 
cl3-067: raises $0.20 to $0.30
Rumak87: raises $0.70 to $1
cl3-067: folds 
Uncalled bet ($0.70) returned to Rumak87
Rumak87 collected $0.60 from pot
Rumak87: doesn't show hand 
*** SUMMARY ***
Total pot $0.60 | Rake $0 
Seat 1: HubertusB (button) folded before Flop (didn't bet)
Seat 2: cl3-067 (small blind) folded before Flop
Seat 3: Rumak87 (big blind) collected ($0.60)
Seat 4: IntenseDnB folded before Flop (didn't bet)
Seat 5: C14n0 folded before Flop (didn't bet)
Seat 6: GizaGliwic folded before Flop (didn't bet)



PokerStars Zoom Hand #186016361980:  Hold'em No Limit ($0.05/$0.10) - 2018/05/05 2:46:42 CCT [2018/05/04 14:46:42 ET]
Table 'Aludra' 6-max Seat #1 is the button
Seat 1: sevenways ($17.05 in chips) 
Seat 2: HubertusB ($22.32 in chips) 
Seat 3: Boom591 ($17.38 in chips) 
Seat 4: RuffeEA ($10.61 in chips) 
Seat 5: Tub1610 ($11.45 in chips) 
Seat 6: Synsmaster1 ($11.54 in chips) 
HubertusB: posts small blind $0.05
Boom591: posts big blind $0.10
*** HOLE CARDS ***
Dealt to HubertusB [6c Ac]
RuffeEA: folds 
Tub1610: raises $0.20 to $0.30
Synsmaster1: folds 
sevenways: folds 
HubertusB: folds 
Boom591: folds 
Uncalled bet ($0.20) returned to Tub1610
Tub1610 collected $0.25 from pot
Tub1610: doesn't show hand 
*** SUMMARY ***
Total pot $0.25 | Rake $0 
Seat 1: sevenways (button) folded before Flop (didn't bet)
Seat 2: HubertusB (small blind) folded before Flop
Seat 3: Boom591 (big blind) folded before Flop
Seat 4: RuffeEA folded before Flop (didn't bet)
Seat 5: Tub1610 collected ($0.25)
Seat 6: Synsmaster1 folded before Flop (didn't bet)



PokerStars Zoom Hand #186016378284:  Hold'em No Limit ($0.05/$0.10) - 2018/05/05 2:47:04 CCT [2018/05/04 14:47:04 ET]
Table 'Aludra' 6-max Seat #1 is the button
Seat 1: Tolik_QQQQ ($42.19 in chips) 
Seat 2: JaydenIp ($22.48 in chips) 
Seat 3: advmurillo ($13.07 in chips) 
Seat 4: Pertuza ($17.48 in chips) 
Seat 5: rack1777 ($15.49 in chips) 
Seat 6: HubertusB ($22.27 in chips) 
JaydenIp: posts small blind $0.05
advmurillo: posts big blind $0.10
*** HOLE CARDS ***
Dealt to HubertusB [Js 5h]
Pertuza: folds 
rack1777: folds 
HubertusB: folds 
Tolik_QQQQ: folds 
JaydenIp: folds 
Uncalled bet ($0.05) returned to advmurillo
advmurillo collected $0.10 from pot
advmurillo: doesn't show hand 
*** SUMMARY ***
Total pot $0.10 | Rake $0 
Seat 1: Tolik_QQQQ (button) folded before Flop (didn't bet)
Seat 2: JaydenIp (small blind) folded before Flop
Seat 3: advmurillo (big blind) collected ($0.10)
Seat 4: Pertuza folded before Flop (didn't bet)
Seat 5: rack1777 folded before Flop (didn't bet)
Seat 6: HubertusB folded before Flop (didn't bet)



PokerStars Zoom Hand #186016374548:  Hold'em No Limit ($0.05/$0.10) - 2018/05/05 2:46:59 CCT [2018/05/04 14:46:59 ET]
Table 'Aludra' 6-max Seat #1 is the button
Seat 1: 1nsideMyMind ($10 in chips) 
Seat 2: Drawzee ($12.07 in chips) 
Seat 3: 0FWGKT4 ($10 in chips) 
Seat 4: HubertusB ($22.27 in chips) 
Seat 5: Ro008 ($12.58 in chips) 
Seat 6: ImpalerPoker ($11.19 in chips) 
Drawzee: posts small blind $0.05
0FWGKT4: posts big blind $0.10
*** HOLE CARDS ***
Dealt to HubertusB [8d 5h]
HubertusB: folds 
Ro008: folds 
ImpalerPoker: folds 
1nsideMyMind: folds 
Drawzee: folds 
Uncalled bet ($0.05) returned to 0FWGKT4
0FWGKT4 collected $0.10 from pot
0FWGKT4: doesn't show hand 
*** SUMMARY ***
Total pot $0.10 | Rake $0 
Seat 1: 1nsideMyMind (button) folded before Flop (didn't bet)
Seat 2: Drawzee (small blind) folded before Flop
Seat 3: 0FWGKT4 (big blind) collected ($0.10)
Seat 4: HubertusB folded before Flop (didn't bet)
Seat 5: Ro008 folded before Flop (didn't bet)
Seat 6: ImpalerPoker folded before Flop (didn't bet)



PokerStars Zoom Hand #186016370847:  Hold'em No Limit ($0.05/$0.10) - 2018/05/05 2:46:54 CCT [2018/05/04 14:46:54 ET]
Table 'Aludra' 6-max Seat #1 is the button
Seat 1: HubertusB ($22.27 in chips) 
Seat 2: Rumak87 ($13.81 in chips) 
Seat 3: Kiuhelbeker ($10 in chips) 
Seat 4: shadowmooon ($10.66 in chips) 
Seat 5: Okkultist1888 ($17.34 in chips) 
Seat 6: hoss145 ($10.05 in chips) 
Rumak87: posts small blind $0.05
Kiuhelbeker: posts big blind $0.10
*** HOLE CARDS ***
Dealt to HubertusB [3d 9d]
shadowmooon: raises $0.15 to $0.25
Okkultist1888: calls $0.25
hoss145: folds 
HubertusB: folds 
Rumak87: folds 
Kiuhelbeker: calls $0.15
*** FLOP *** [9c 7c 7h]
Kiuhelbeker: checks 
shadowmooon: checks 
Okkultist1888: bets $0.38
Kiuhelbeker: folds 
shadowmooon: calls $0.38
*** TURN *** [9c 7c 7h] [4c]
shadowmooon: checks 
Okkultist1888: checks 
*** RIVER *** [9c 7c 7h 4c] [Ac]
shadowmooon: bets $0.35
Okkultist1888: folds 
Uncalled bet ($0.35) returned to shadowmooon
shadowmooon collected $1.49 from pot
shadowmooon: doesn't show hand 
*** SUMMARY ***
Total pot $1.56 | Rake $0.07 
Board [9c 7c 7h 4c Ac]
Seat 1: HubertusB (button) folded before Flop (didn't bet)
Seat 2: Rumak87 (small blind) folded before Flop
Seat 3: Kiuhelbeker (big blind) folded on the Flop
Seat 4: shadowmooon collected ($1.49)
Seat 5: Okkultist1888 folded on the River
Seat 6: hoss145 folded before Flop (didn't bet)



