PokerStars Zoom Hand #178483893576:  Hold'em No Limit ($0.02/$0.05) - 2017/11/20 22:03:17 CCT [2017/11/20 9:03:17 ET]
Table 'Donati' 6-max Seat #1 is the button
Seat 1: nervss ($5.16 in chips) 
Seat 2: Project2003 ($5 in chips) 
Seat 3: HubertusB ($5 in chips) 
Seat 4: brazerOK ($13.42 in chips) 
Seat 5: kaesspo ($16.68 in chips) 
Seat 6: djuniorm ($5.44 in chips) 
Project2003: posts small blind $0.02
HubertusB: posts big blind $0.05
*** HOLE CARDS ***
Dealt to HubertusB [6h 6c]
brazerOK: folds 
kaesspo: folds 
djuniorm: folds 
nervss: folds 
Project2003: folds 
Uncalled bet ($0.03) returned to HubertusB
HubertusB collected $0.04 from pot
HubertusB: doesn't show hand 
*** SUMMARY ***
Total pot $0.04 | Rake $0 
Seat 1: nervss (button) folded before Flop (didn't bet)
Seat 2: Project2003 (small blind) folded before Flop
Seat 3: HubertusB (big blind) collected ($0.04)
Seat 4: brazerOK folded before Flop (didn't bet)
Seat 5: kaesspo folded before Flop (didn't bet)
Seat 6: djuniorm folded before Flop (didn't bet)



PokerStars Zoom Hand #178483897571:  Hold'em No Limit ($0.02/$0.05) - 2017/11/20 22:03:25 CCT [2017/11/20 9:03:25 ET]
Table 'Donati' 6-max Seat #1 is the button
Seat 1: aspik2k ($2.63 in chips) 
Seat 2: HubertusB ($5.02 in chips) 
Seat 3: SHUR43 ($5 in chips) 
Seat 4: dem912 ($6.14 in chips) 
Seat 5: dark h0r$e ($5.13 in chips) 
Seat 6: rack1777 ($5.08 in chips) 
HubertusB: posts small blind $0.02
SHUR43: posts big blind $0.05
*** HOLE CARDS ***
Dealt to HubertusB [2c Jh]
dem912: folds 
dark h0r$e: folds 
rack1777: folds 
aspik2k: raises $0.10 to $0.15
HubertusB: folds 
SHUR43: folds 
Uncalled bet ($0.10) returned to aspik2k
aspik2k collected $0.12 from pot
aspik2k: doesn't show hand 
*** SUMMARY ***
Total pot $0.12 | Rake $0 
Seat 1: aspik2k (button) collected ($0.12)
Seat 2: HubertusB (small blind) folded before Flop
Seat 3: SHUR43 (big blind) folded before Flop
Seat 4: dem912 folded before Flop (didn't bet)
Seat 5: dark h0r$e folded before Flop (didn't bet)
Seat 6: rack1777 folded before Flop (didn't bet)



PokerStars Zoom Hand #178483906212:  Hold'em No Limit ($0.02/$0.05) - 2017/11/20 22:03:42 CCT [2017/11/20 9:03:42 ET]
Table 'Donati' 6-max Seat #1 is the button
Seat 1: KikMalo ($5.23 in chips) 
Seat 2: skychevsky ($5.91 in chips) 
Seat 3: Nikols320 ($7.39 in chips) 
Seat 4: serj.zp ($5 in chips) 
Seat 5: filifera ($2.79 in chips) 
Seat 6: HubertusB ($5 in chips) 
skychevsky: posts small blind $0.02
Nikols320: posts big blind $0.05
*** HOLE CARDS ***
Dealt to HubertusB [7h 3s]
serj.zp: folds 
filifera: folds 
HubertusB: folds 
KikMalo: folds 
skychevsky: raises $0.10 to $0.15
Nikols320: folds 
Uncalled bet ($0.10) returned to skychevsky
skychevsky collected $0.10 from pot
skychevsky: doesn't show hand 
*** SUMMARY ***
Total pot $0.10 | Rake $0 
Seat 1: KikMalo (button) folded before Flop (didn't bet)
Seat 2: skychevsky (small blind) collected ($0.10)
Seat 3: Nikols320 (big blind) folded before Flop
Seat 4: serj.zp folded before Flop (didn't bet)
Seat 5: filifera folded before Flop (didn't bet)
Seat 6: HubertusB folded before Flop (didn't bet)



PokerStars Zoom Hand #178483909205:  Hold'em No Limit ($0.02/$0.05) - 2017/11/20 22:03:48 CCT [2017/11/20 9:03:48 ET]
Table 'Donati' 6-max Seat #1 is the button
Seat 1: fmo01 ($6.57 in chips) 
Seat 2: toby20121 ($13.98 in chips) 
Seat 3: Kutis33 ($5 in chips) 
Seat 4: 0201yuta ($4.51 in chips) 
Seat 5: HubertusB ($5 in chips) 
Seat 6: vasiliy99925 ($5.78 in chips) 
toby20121: posts small blind $0.02
Kutis33: posts big blind $0.05
*** HOLE CARDS ***
Dealt to HubertusB [7c Ac]
0201yuta: folds 
HubertusB: raises $0.05 to $0.10
vasiliy99925: folds 
fmo01: folds 
toby20121: folds 
Kutis33: raises $0.30 to $0.40
HubertusB: folds 
Uncalled bet ($0.30) returned to Kutis33
Kutis33 collected $0.22 from pot
Kutis33: doesn't show hand 
*** SUMMARY ***
Total pot $0.22 | Rake $0 
Seat 1: fmo01 (button) folded before Flop (didn't bet)
Seat 2: toby20121 (small blind) folded before Flop
Seat 3: Kutis33 (big blind) collected ($0.22)
Seat 4: 0201yuta folded before Flop (didn't bet)
Seat 5: HubertusB folded before Flop
Seat 6: vasiliy99925 folded before Flop (didn't bet)



PokerStars Zoom Hand #178483901138:  Hold'em No Limit ($0.02/$0.05) - 2017/11/20 22:03:32 CCT [2017/11/20 9:03:32 ET]
Table 'Donati' 6-max Seat #1 is the button
Seat 1: HubertusB ($5 in chips) 
Seat 2: averzia ($5.11 in chips) 
Seat 3: tsukasou ($5.05 in chips) 
Seat 4: timon901901 ($11.17 in chips) 
Seat 5: 3iourou ($5.35 in chips) 
Seat 6: illia16 ($2.37 in chips) 
averzia: posts small blind $0.02
tsukasou: posts big blind $0.05
*** HOLE CARDS ***
Dealt to HubertusB [4h 6c]
timon901901: folds 
3iourou: raises $0.07 to $0.12
illia16: folds 
HubertusB: folds 
averzia: folds 
tsukasou: calls $0.07
*** FLOP *** [Jd 8c 5s]
tsukasou: checks 
3iourou: bets $0.13
tsukasou: calls $0.13
*** TURN *** [Jd 8c 5s] [9d]
tsukasou: checks 
3iourou: bets $0.41
tsukasou: folds 
Uncalled bet ($0.41) returned to 3iourou
3iourou collected $0.50 from pot
3iourou: doesn't show hand 
*** SUMMARY ***
Total pot $0.52 | Rake $0.02 
Board [Jd 8c 5s 9d]
Seat 1: HubertusB (button) folded before Flop (didn't bet)
Seat 2: averzia (small blind) folded before Flop
Seat 3: tsukasou (big blind) folded on the Turn
Seat 4: timon901901 folded before Flop (didn't bet)
Seat 5: 3iourou collected ($0.50)
Seat 6: illia16 folded before Flop (didn't bet)



PokerStars Zoom Hand #178483916891:  Hold'em No Limit ($0.02/$0.05) - 2017/11/20 22:04:03 CCT [2017/11/20 9:04:03 ET]
Table 'Donati' 6-max Seat #1 is the button
Seat 1: serj.zp ($5 in chips) 
Seat 2: Guest533 ($9.54 in chips) 
Seat 3: Galaktika74 ($7.43 in chips) 
Seat 4: mydjaxet ($6.08 in chips) 
Seat 5: croissantje ($5 in chips) 
Seat 6: HubertusB ($4.90 in chips) 
Guest533: posts small blind $0.02
Galaktika74: posts big blind $0.05
*** HOLE CARDS ***
Dealt to HubertusB [7h 3d]
mydjaxet: folds 
croissantje: folds 
HubertusB: folds 
serj.zp: folds 
Guest533: raises $0.10 to $0.15
Galaktika74: folds 
Uncalled bet ($0.10) returned to Guest533
Guest533 collected $0.10 from pot
Guest533: doesn't show hand 
*** SUMMARY ***
Total pot $0.10 | Rake $0 
Seat 1: serj.zp (button) folded before Flop (didn't bet)
Seat 2: Guest533 (small blind) collected ($0.10)
Seat 3: Galaktika74 (big blind) folded before Flop
Seat 4: mydjaxet folded before Flop (didn't bet)
Seat 5: croissantje folded before Flop (didn't bet)
Seat 6: HubertusB folded before Flop (didn't bet)



PokerStars Zoom Hand #178483923993:  Hold'em No Limit ($0.02/$0.05) - 2017/11/20 22:04:17 CCT [2017/11/20 9:04:17 ET]
Table 'Donati' 6-max Seat #1 is the button
Seat 1: HubertusB ($4.85 in chips) 
Seat 2: Caxep_58 ($4.73 in chips) 
Seat 3: Eng.producao ($5.27 in chips) 
Seat 4: SLuTxTReMe ($6.74 in chips) 
Seat 5: mydjaxet ($6.47 in chips) 
Seat 6: collapse.n1 ($5.07 in chips) 
Caxep_58: posts small blind $0.02
Eng.producao: posts big blind $0.05
*** HOLE CARDS ***
Dealt to HubertusB [Kc 2d]
SLuTxTReMe: raises $0.10 to $0.15
mydjaxet: folds 
collapse.n1: folds 
HubertusB: folds 
Caxep_58: folds 
Eng.producao: folds 
Uncalled bet ($0.10) returned to SLuTxTReMe
SLuTxTReMe collected $0.12 from pot
SLuTxTReMe: doesn't show hand 
*** SUMMARY ***
Total pot $0.12 | Rake $0 
Seat 1: HubertusB (button) folded before Flop (didn't bet)
Seat 2: Caxep_58 (small blind) folded before Flop
Seat 3: Eng.producao (big blind) folded before Flop
Seat 4: SLuTxTReMe collected ($0.12)
Seat 5: mydjaxet folded before Flop (didn't bet)
Seat 6: collapse.n1 folded before Flop (didn't bet)



PokerStars Zoom Hand #178483927034:  Hold'em No Limit ($0.02/$0.05) - 2017/11/20 22:04:23 CCT [2017/11/20 9:04:23 ET]
Table 'Donati' 6-max Seat #1 is the button
Seat 1: expertpoker7 ($5 in chips) 
Seat 2: HubertusB ($4.85 in chips) 
Seat 3: dutchpokeown ($5.77 in chips) 
Seat 4: xGzusS ($5 in chips) 
Seat 5: timon901901 ($5 in chips) 
Seat 6: Sumow ($7.56 in chips) 
HubertusB: posts small blind $0.02
dutchpokeown: posts big blind $0.05
*** HOLE CARDS ***
Dealt to HubertusB [Td Ad]
xGzusS: raises $0.10 to $0.15
timon901901: folds 
Sumow: folds 
expertpoker7: calls $0.15
HubertusB: folds 
dutchpokeown: folds 
*** FLOP *** [Th 2c 4c]
xGzusS: checks 
expertpoker7: bets $0.20
xGzusS: folds 
Uncalled bet ($0.20) returned to expertpoker7
expertpoker7 collected $0.35 from pot
expertpoker7: doesn't show hand 
*** SUMMARY ***
Total pot $0.37 | Rake $0.02 
Board [Th 2c 4c]
Seat 1: expertpoker7 (button) collected ($0.35)
Seat 2: HubertusB (small blind) folded before Flop
Seat 3: dutchpokeown (big blind) folded before Flop
Seat 4: xGzusS folded on the Flop
Seat 5: timon901901 folded before Flop (didn't bet)
Seat 6: Sumow folded before Flop (didn't bet)



PokerStars Zoom Hand #178483920401:  Hold'em No Limit ($0.02/$0.05) - 2017/11/20 22:04:10 CCT [2017/11/20 9:04:10 ET]
Table 'Donati' 6-max Seat #1 is the button
Seat 1: leo08238118 ($5.40 in chips) 
Seat 2: MalCriado47 ($4.85 in chips) 
Seat 3: HubertusB ($4.90 in chips) 
Seat 4: burger1957 ($5.21 in chips) 
Seat 5: alex2-a.a ($3.01 in chips) 
Seat 6: DollaMagn3t ($6.36 in chips) 
MalCriado47: posts small blind $0.02
HubertusB: posts big blind $0.05
*** HOLE CARDS ***
Dealt to HubertusB [Jd Qc]
burger1957: raises $0.10 to $0.15
alex2-a.a: calls $0.15
DollaMagn3t: folds 
leo08238118: folds 
MalCriado47: calls $0.13
HubertusB: folds 
*** FLOP *** [2d Ac 3d]
MalCriado47: checks 
burger1957: bets $0.55
alex2-a.a: calls $0.55
MalCriado47: folds 
*** TURN *** [2d Ac 3d] [Ts]
burger1957: checks 
alex2-a.a: bets $0.77
burger1957: calls $0.77
*** RIVER *** [2d Ac 3d Ts] [4s]
burger1957: checks 
alex2-a.a: checks 
*** SHOW DOWN ***
burger1957: shows [Qd Td] (a pair of Tens)
alex2-a.a: shows [Ad Qh] (a pair of Aces)
alex2-a.a collected $3.01 from pot
*** SUMMARY ***
Total pot $3.14 | Rake $0.13 
Board [2d Ac 3d Ts 4s]
Seat 1: leo08238118 (button) folded before Flop (didn't bet)
Seat 2: MalCriado47 (small blind) folded on the Flop
Seat 3: HubertusB (big blind) folded before Flop
Seat 4: burger1957 showed [Qd Td] and lost with a pair of Tens
Seat 5: alex2-a.a showed [Ad Qh] and won ($3.01) with a pair of Aces
Seat 6: DollaMagn3t folded before Flop (didn't bet)



PokerStars Zoom Hand #178483936776:  Hold'em No Limit ($0.02/$0.05) - 2017/11/20 22:04:42 CCT [2017/11/20 9:04:42 ET]
Table 'Donati' 6-max Seat #1 is the button
Seat 1: MoeWoe ($5.17 in chips) 
Seat 2: alebomos ($5.13 in chips) 
Seat 3: HubertusB ($4.83 in chips) 
Seat 4: sasher royal ($2.95 in chips) 
Seat 5: Roman5530 ($4.22 in chips) 
Seat 6: Guest533 ($6.09 in chips) 
alebomos: posts small blind $0.02
HubertusB: posts big blind $0.05
*** HOLE CARDS ***
Dealt to HubertusB [2c 6s]
sasher royal: raises $0.10 to $0.15
Roman5530: folds 
Guest533: folds 
MoeWoe: folds 
alebomos: folds 
HubertusB: folds 
Uncalled bet ($0.10) returned to sasher royal
sasher royal collected $0.12 from pot
sasher royal: doesn't show hand 
*** SUMMARY ***
Total pot $0.12 | Rake $0 
Seat 1: MoeWoe (button) folded before Flop (didn't bet)
Seat 2: alebomos (small blind) folded before Flop
Seat 3: HubertusB (big blind) folded before Flop
Seat 4: sasher royal collected ($0.12)
Seat 5: Roman5530 folded before Flop (didn't bet)
Seat 6: Guest533 folded before Flop (didn't bet)



PokerStars Zoom Hand #178483931715:  Hold'em No Limit ($0.02/$0.05) - 2017/11/20 22:04:32 CCT [2017/11/20 9:04:32 ET]
Table 'Donati' 6-max Seat #1 is the button
Seat 1: annita44 ($5 in chips) 
Seat 2: lifeguard03 ($5.15 in chips) 
Seat 3: MalCriado47 ($4.76 in chips) 
Seat 4: HubertusB ($4.83 in chips) 
Seat 5: Morsl666 ($5.64 in chips) 
Seat 6: nervss ($5.32 in chips) 
lifeguard03: posts small blind $0.02
MalCriado47: posts big blind $0.05
*** HOLE CARDS ***
Dealt to HubertusB [4d 8h]
HubertusB: folds 
Morsl666: raises $0.05 to $0.10
nervss: folds 
annita44: raises $0.30 to $0.40
lifeguard03: folds 
MalCriado47: folds 
Morsl666: folds 
Uncalled bet ($0.30) returned to annita44
annita44 collected $0.27 from pot
annita44: doesn't show hand 
*** SUMMARY ***
Total pot $0.27 | Rake $0 
Seat 1: annita44 (button) collected ($0.27)
Seat 2: lifeguard03 (small blind) folded before Flop
Seat 3: MalCriado47 (big blind) folded before Flop
Seat 4: HubertusB folded before Flop (didn't bet)
Seat 5: Morsl666 folded before Flop
Seat 6: nervss folded before Flop (didn't bet)



PokerStars Zoom Hand #178483934225:  Hold'em No Limit ($0.02/$0.05) - 2017/11/20 22:04:37 CCT [2017/11/20 9:04:37 ET]
Table 'Donati' 6-max Seat #1 is the button
Seat 1: botrobot777 ($5.57 in chips) 
Seat 2: winsstorm ($5 in chips) 
Seat 3: Maras^018 ($3.37 in chips) 
Seat 4: oskican ($13.83 in chips) 
Seat 5: HubertusB ($4.83 in chips) 
Seat 6: GGxCrAzYxGER ($9.14 in chips) 
winsstorm: posts small blind $0.02
Maras^018: posts big blind $0.05
*** HOLE CARDS ***
Dealt to HubertusB [8h 4c]
oskican: folds 
HubertusB: folds 
GGxCrAzYxGER: folds 
botrobot777: folds 
winsstorm: raises $0.09 to $0.14
Maras^018: calls $0.09
*** FLOP *** [Jc Ah 7s]
winsstorm: checks 
Maras^018: checks 
*** TURN *** [Jc Ah 7s] [As]
winsstorm: checks 
Maras^018: checks 
*** RIVER *** [Jc Ah 7s As] [Th]
winsstorm: checks 
Maras^018: checks 
*** SHOW DOWN ***
winsstorm: shows [2h Jh] (two pair, Aces and Jacks)
Maras^018: mucks hand 
winsstorm collected $0.27 from pot
*** SUMMARY ***
Total pot $0.28 | Rake $0.01 
Board [Jc Ah 7s As Th]
Seat 1: botrobot777 (button) folded before Flop (didn't bet)
Seat 2: winsstorm (small blind) showed [2h Jh] and won ($0.27) with two pair, Aces and Jacks
Seat 3: Maras^018 (big blind) mucked [Kh 9s]
Seat 4: oskican folded before Flop (didn't bet)
Seat 5: HubertusB folded before Flop (didn't bet)
Seat 6: GGxCrAzYxGER folded before Flop (didn't bet)



PokerStars Zoom Hand #178483943932:  Hold'em No Limit ($0.02/$0.05) - 2017/11/20 22:04:56 CCT [2017/11/20 9:04:56 ET]
Table 'Donati' 6-max Seat #1 is the button
Seat 1: 3iourou ($5 in chips) 
Seat 2: Card_Sharp78 ($5.06 in chips) 
Seat 3: KKrtva ($5.28 in chips) 
Seat 4: HubertusB ($4.78 in chips) 
Seat 5: azukimochi ($5.48 in chips) 
Seat 6: AchiKouros ($9.56 in chips) 
Card_Sharp78: posts small blind $0.02
KKrtva: posts big blind $0.05
*** HOLE CARDS ***
Dealt to HubertusB [3d Qc]
HubertusB: folds 
azukimochi: folds 
AchiKouros: folds 
3iourou: folds 
Card_Sharp78: folds 
Uncalled bet ($0.03) returned to KKrtva
KKrtva collected $0.04 from pot
KKrtva: doesn't show hand 
*** SUMMARY ***
Total pot $0.04 | Rake $0 
Seat 1: 3iourou (button) folded before Flop (didn't bet)
Seat 2: Card_Sharp78 (small blind) folded before Flop
Seat 3: KKrtva (big blind) collected ($0.04)
Seat 4: HubertusB folded before Flop (didn't bet)
Seat 5: azukimochi folded before Flop (didn't bet)
Seat 6: AchiKouros folded before Flop (didn't bet)



PokerStars Zoom Hand #178483947075:  Hold'em No Limit ($0.02/$0.05) - 2017/11/20 22:05:02 CCT [2017/11/20 9:05:02 ET]
Table 'Donati' 6-max Seat #1 is the button
Seat 1: Snegul ($3.41 in chips) 
Seat 2: Mike3stakana ($7.85 in chips) 
Seat 3: dimarik_nur1 ($10.22 in chips) 
Seat 4: HubertusB ($4.78 in chips) 
Seat 5: medallo486 ($9.23 in chips) 
Seat 6: Dreinnn ($7.13 in chips) 
Mike3stakana: posts small blind $0.02
dimarik_nur1: posts big blind $0.05
*** HOLE CARDS ***
Dealt to HubertusB [Jc Kh]
HubertusB: folds 
medallo486: folds 
Dreinnn: folds 
Snegul: folds 
Mike3stakana: raises $0.10 to $0.15
dimarik_nur1: folds 
Uncalled bet ($0.10) returned to Mike3stakana
Mike3stakana collected $0.10 from pot
Mike3stakana: doesn't show hand 
*** SUMMARY ***
Total pot $0.10 | Rake $0 
Seat 1: Snegul (button) folded before Flop (didn't bet)
Seat 2: Mike3stakana (small blind) collected ($0.10)
Seat 3: dimarik_nur1 (big blind) folded before Flop
Seat 4: HubertusB folded before Flop (didn't bet)
Seat 5: medallo486 folded before Flop (didn't bet)
Seat 6: Dreinnn folded before Flop (didn't bet)



PokerStars Zoom Hand #178483955524:  Hold'em No Limit ($0.02/$0.05) - 2017/11/20 22:05:17 CCT [2017/11/20 9:05:17 ET]
Table 'Donati' 6-max Seat #1 is the button
Seat 1: Anrs23 ($4.93 in chips) 
Seat 2: HubertusB ($4.78 in chips) 
Seat 3: 27061967 ($5.66 in chips) 
Seat 4: bob185 ($5.51 in chips) 
Seat 5: xGzusS ($5.05 in chips) 
Seat 6: Project2003 ($5.56 in chips) 
HubertusB: posts small blind $0.02
27061967: posts big blind $0.05
*** HOLE CARDS ***
Dealt to HubertusB [Th 8h]
bob185: folds 
xGzusS: folds 
Project2003: raises $0.10 to $0.15
Anrs23: folds 
HubertusB: folds 
27061967: folds 
Uncalled bet ($0.10) returned to Project2003
Project2003 collected $0.12 from pot
Project2003: doesn't show hand 
*** SUMMARY ***
Total pot $0.12 | Rake $0 
Seat 1: Anrs23 (button) folded before Flop (didn't bet)
Seat 2: HubertusB (small blind) folded before Flop
Seat 3: 27061967 (big blind) folded before Flop
Seat 4: bob185 folded before Flop (didn't bet)
Seat 5: xGzusS folded before Flop (didn't bet)
Seat 6: Project2003 collected ($0.12)



PokerStars Zoom Hand #178483958594:  Hold'em No Limit ($0.02/$0.05) - 2017/11/20 22:05:23 CCT [2017/11/20 9:05:23 ET]
Table 'Donati' 6-max Seat #1 is the button
Seat 1: MalCriado47 ($4.40 in chips) 
Seat 2: #Jang123# ($5.62 in chips) 
Seat 3: LostMillions ($6.19 in chips) 
Seat 4: alebomos ($5.36 in chips) 
Seat 5: fmo01 ($5.07 in chips) 
Seat 6: HubertusB ($4.76 in chips) 
#Jang123#: posts small blind $0.02
LostMillions: posts big blind $0.05
*** HOLE CARDS ***
Dealt to HubertusB [6d 5c]
alebomos: folds 
fmo01: folds 
HubertusB: folds 
MalCriado47: folds 
#Jang123#: raises $0.10 to $0.15
LostMillions: folds 
Uncalled bet ($0.10) returned to #Jang123#
#Jang123# collected $0.10 from pot
#Jang123#: doesn't show hand 
*** SUMMARY ***
Total pot $0.10 | Rake $0 
Seat 1: MalCriado47 (button) folded before Flop (didn't bet)
Seat 2: #Jang123# (small blind) collected ($0.10)
Seat 3: LostMillions (big blind) folded before Flop
Seat 4: alebomos folded before Flop (didn't bet)
Seat 5: fmo01 folded before Flop (didn't bet)
Seat 6: HubertusB folded before Flop (didn't bet)



PokerStars Zoom Hand #178483950971:  Hold'em No Limit ($0.02/$0.05) - 2017/11/20 22:05:08 CCT [2017/11/20 9:05:08 ET]
Table 'Donati' 6-max Seat #1 is the button
Seat 1: HubertusB ($4.78 in chips) 
Seat 2: sauruman990 ($7.15 in chips) 
Seat 3: ALazarev157 ($21.41 in chips) 
Seat 4: coolgrays ($3.71 in chips) 
Seat 5: t1mka09367 ($14.34 in chips) 
Seat 6: seawolf111 ($11.14 in chips) 
sauruman990: posts small blind $0.02
ALazarev157: posts big blind $0.05
*** HOLE CARDS ***
Dealt to HubertusB [9s As]
coolgrays: raises $0.10 to $0.15
t1mka09367: folds 
seawolf111: folds 
HubertusB: folds 
sauruman990: calls $0.13
ALazarev157: folds 
*** FLOP *** [5s 2d 7h]
sauruman990: checks 
coolgrays: bets $0.20
sauruman990: raises $0.50 to $0.70
coolgrays: calls $0.50
*** TURN *** [5s 2d 7h] [Qc]
sauruman990: checks 
coolgrays: checks 
*** RIVER *** [5s 2d 7h Qc] [4h]
sauruman990: bets $0.50
coolgrays: calls $0.50
*** SHOW DOWN ***
sauruman990: shows [Qs 8c] (a pair of Queens)
coolgrays: mucks hand 
sauruman990 collected $2.64 from pot
*** SUMMARY ***
Total pot $2.75 | Rake $0.11 
Board [5s 2d 7h Qc 4h]
Seat 1: HubertusB (button) folded before Flop (didn't bet)
Seat 2: sauruman990 (small blind) showed [Qs 8c] and won ($2.64) with a pair of Queens
Seat 3: ALazarev157 (big blind) folded before Flop
Seat 4: coolgrays mucked [Js Jd]
Seat 5: t1mka09367 folded before Flop (didn't bet)
Seat 6: seawolf111 folded before Flop (didn't bet)



PokerStars Zoom Hand #178483961696:  Hold'em No Limit ($0.02/$0.05) - 2017/11/20 22:05:29 CCT [2017/11/20 9:05:29 ET]
Table 'Donati' 6-max Seat #1 is the button
Seat 1: acidwav ($2.43 in chips) 
Seat 2: svansong ($5 in chips) 
Seat 3: HubertusB ($4.76 in chips) 
Seat 4: leo08238118 ($9.25 in chips) 
Seat 5: apikos415 ($10.21 in chips) 
Seat 6: dem912 ($6.18 in chips) 
svansong: posts small blind $0.02
HubertusB: posts big blind $0.05
*** HOLE CARDS ***
Dealt to HubertusB [5d Ks]
leo08238118: folds 
apikos415: raises $0.05 to $0.10
dem912: folds 
acidwav: calls $0.10
svansong: folds 
HubertusB: folds 
*** FLOP *** [Ac 4h 9d]
apikos415: bets $0.15
acidwav: folds 
Uncalled bet ($0.15) returned to apikos415
apikos415 collected $0.26 from pot
apikos415: doesn't show hand 
*** SUMMARY ***
Total pot $0.27 | Rake $0.01 
Board [Ac 4h 9d]
Seat 1: acidwav (button) folded on the Flop
Seat 2: svansong (small blind) folded before Flop
Seat 3: HubertusB (big blind) folded before Flop
Seat 4: leo08238118 folded before Flop (didn't bet)
Seat 5: apikos415 collected ($0.26)
Seat 6: dem912 folded before Flop (didn't bet)



PokerStars Zoom Hand #178483970403:  Hold'em No Limit ($0.02/$0.05) - 2017/11/20 22:05:46 CCT [2017/11/20 9:05:46 ET]
Table 'Donati' 6-max Seat #1 is the button
Seat 1: LostMillions ($5.74 in chips) 
Seat 2: port083 ($2.46 in chips) 
Seat 3: lautaropetho ($5.58 in chips) 
Seat 4: Brunazza8$8 ($4.93 in chips) 
Seat 5: dem912 ($6.30 in chips) 
Seat 6: HubertusB ($4.71 in chips) 
port083: posts small blind $0.02
lautaropetho: posts big blind $0.05
*** HOLE CARDS ***
Dealt to HubertusB [Js Qc]
Brunazza8$8: calls $0.05
dem912: folds 
HubertusB: folds 
LostMillions: folds 
port083: folds 
lautaropetho: checks 
*** FLOP *** [2c Qd 4s]
lautaropetho: checks 
Brunazza8$8: checks 
*** TURN *** [2c Qd 4s] [3s]
lautaropetho: bets $0.09
Brunazza8$8: folds 
Uncalled bet ($0.09) returned to lautaropetho
lautaropetho collected $0.12 from pot
lautaropetho: doesn't show hand 
*** SUMMARY ***
Total pot $0.12 | Rake $0 
Board [2c Qd 4s 3s]
Seat 1: LostMillions (button) folded before Flop (didn't bet)
Seat 2: port083 (small blind) folded before Flop
Seat 3: lautaropetho (big blind) collected ($0.12)
Seat 4: Brunazza8$8 folded on the Turn
Seat 5: dem912 folded before Flop (didn't bet)
Seat 6: HubertusB folded before Flop (didn't bet)



PokerStars Zoom Hand #178483973590:  Hold'em No Limit ($0.02/$0.05) - 2017/11/20 22:05:52 CCT [2017/11/20 9:05:52 ET]
Table 'Donati' 6-max Seat #1 is the button
Seat 1: dark h0r$e ($5.26 in chips) 
Seat 2: HubertusB ($4.71 in chips) 
Seat 3: #Jang123# ($5.67 in chips) 
Seat 4: cikacikacika ($4.94 in chips) 
Seat 5: Project2003 ($10.58 in chips) 
Seat 6: 0201yuta ($4.39 in chips) 
HubertusB: posts small blind $0.02
#Jang123#: posts big blind $0.05
*** HOLE CARDS ***
Dealt to HubertusB [7c 7d]
cikacikacika: folds 
Project2003: folds 
0201yuta: folds 
dark h0r$e: folds 
HubertusB: raises $0.05 to $0.10
#Jang123#: raises $0.25 to $0.35
HubertusB: folds 
Uncalled bet ($0.25) returned to #Jang123#
#Jang123# collected $0.20 from pot
#Jang123#: doesn't show hand 
*** SUMMARY ***
Total pot $0.20 | Rake $0 
Seat 1: dark h0r$e (button) folded before Flop (didn't bet)
Seat 2: HubertusB (small blind) folded before Flop
Seat 3: #Jang123# (big blind) collected ($0.20)
Seat 4: cikacikacika folded before Flop (didn't bet)
Seat 5: Project2003 folded before Flop (didn't bet)
Seat 6: 0201yuta folded before Flop (didn't bet)



PokerStars Zoom Hand #178483984601:  Hold'em No Limit ($0.02/$0.05) - 2017/11/20 22:06:13 CCT [2017/11/20 9:06:13 ET]
Table 'Donati' 6-max Seat #1 is the button
Seat 1: HubertusB ($4.61 in chips) 
Seat 2: the_Joker'83 ($12.19 in chips) 
Seat 3: Kutis33 ($5 in chips) 
Seat 4: A-Hsien ($5.12 in chips) 
Seat 5: Bsgmz ($9.94 in chips) 
Seat 6: rack1777 ($5.29 in chips) 
the_Joker'83: posts small blind $0.02
Kutis33: posts big blind $0.05
*** HOLE CARDS ***
Dealt to HubertusB [5d 9c]
A-Hsien: folds 
Bsgmz: folds 
rack1777: folds 
HubertusB: raises $0.05 to $0.10
the_Joker'83: folds 
Kutis33: folds 
Uncalled bet ($0.05) returned to HubertusB
HubertusB collected $0.12 from pot
HubertusB: doesn't show hand 
*** SUMMARY ***
Total pot $0.12 | Rake $0 
Seat 1: HubertusB (button) collected ($0.12)
Seat 2: the_Joker'83 (small blind) folded before Flop
Seat 3: Kutis33 (big blind) folded before Flop
Seat 4: A-Hsien folded before Flop (didn't bet)
Seat 5: Bsgmz folded before Flop (didn't bet)
Seat 6: rack1777 folded before Flop (didn't bet)



PokerStars Zoom Hand #178484003035:  Hold'em No Limit ($0.02/$0.05) - 2017/11/20 22:06:48 CCT [2017/11/20 9:06:48 ET]
Table 'Donati' 6-max Seat #1 is the button
Seat 1: Kostya Red ($5 in chips) 
Seat 2: aDYTKINa ($5 in chips) 
Seat 3: kylebic ($27.67 in chips) 
Seat 4: HubertusB ($4.68 in chips) 
Seat 5: LostMillions ($5.33 in chips) 
Seat 6: SLuTxTReMe ($6.69 in chips) 
aDYTKINa: posts small blind $0.02
kylebic: posts big blind $0.05
*** HOLE CARDS ***
Dealt to HubertusB [8c Ad]
HubertusB: folds 
LostMillions: folds 
SLuTxTReMe: folds 
Kostya Red: folds 
aDYTKINa: folds 
Uncalled bet ($0.03) returned to kylebic
kylebic collected $0.04 from pot
kylebic: doesn't show hand 
*** SUMMARY ***
Total pot $0.04 | Rake $0 
Seat 1: Kostya Red (button) folded before Flop (didn't bet)
Seat 2: aDYTKINa (small blind) folded before Flop
Seat 3: kylebic (big blind) collected ($0.04)
Seat 4: HubertusB folded before Flop (didn't bet)
Seat 5: LostMillions folded before Flop (didn't bet)
Seat 6: SLuTxTReMe folded before Flop (didn't bet)



PokerStars Zoom Hand #178484006274:  Hold'em No Limit ($0.02/$0.05) - 2017/11/20 22:06:54 CCT [2017/11/20 9:06:54 ET]
Table 'Donati' 6-max Seat #1 is the button
Seat 1: Oliana88 ($6.18 in chips) 
Seat 2: nappiperse ($10.07 in chips) 
Seat 3: Hyena777210 ($5 in chips) 
Seat 4: svansong ($5.22 in chips) 
Seat 5: HubertusB ($4.68 in chips) 
Seat 6: skixan ($6.83 in chips) 
nappiperse: posts small blind $0.02
Hyena777210: posts big blind $0.05
*** HOLE CARDS ***
Dealt to HubertusB [3c 9h]
svansong: folds 
HubertusB: folds 
skixan: folds 
Oliana88: raises $0.07 to $0.12
nappiperse: folds 
Hyena777210: folds 
Uncalled bet ($0.07) returned to Oliana88
Oliana88 collected $0.12 from pot
Oliana88: doesn't show hand 
*** SUMMARY ***
Total pot $0.12 | Rake $0 
Seat 1: Oliana88 (button) collected ($0.12)
Seat 2: nappiperse (small blind) folded before Flop
Seat 3: Hyena777210 (big blind) folded before Flop
Seat 4: svansong folded before Flop (didn't bet)
Seat 5: HubertusB folded before Flop (didn't bet)
Seat 6: skixan folded before Flop (didn't bet)



PokerStars Zoom Hand #178484009465:  Hold'em No Limit ($0.02/$0.05) - 2017/11/20 22:07:00 CCT [2017/11/20 9:07:00 ET]
Table 'Donati' 6-max Seat #1 is the button
Seat 1: anthoxyz1 ($4.48 in chips) 
Seat 2: Kasabian961 ($19.65 in chips) 
Seat 3: HubertusB ($4.68 in chips) 
Seat 4: 3iourou ($8.18 in chips) 
Seat 5: MrNobody346 ($8.23 in chips) 
Seat 6: axeldada ($8.50 in chips) 
Kasabian961: posts small blind $0.02
HubertusB: posts big blind $0.05
*** HOLE CARDS ***
Dealt to HubertusB [7c 5s]
3iourou: folds 
MrNobody346: folds 
axeldada: raises $0.07 to $0.12
anthoxyz1: folds 
Kasabian961: folds 
HubertusB: folds 
Uncalled bet ($0.07) returned to axeldada
axeldada collected $0.12 from pot
axeldada: doesn't show hand 
*** SUMMARY ***
Total pot $0.12 | Rake $0 
Seat 1: anthoxyz1 (button) folded before Flop (didn't bet)
Seat 2: Kasabian961 (small blind) folded before Flop
Seat 3: HubertusB (big blind) folded before Flop
Seat 4: 3iourou folded before Flop (didn't bet)
Seat 5: MrNobody346 folded before Flop (didn't bet)
Seat 6: axeldada collected ($0.12)



PokerStars Zoom Hand #178483999905:  Hold'em No Limit ($0.02/$0.05) - 2017/11/20 22:06:42 CCT [2017/11/20 9:06:42 ET]
Table 'Donati' 6-max Seat #1 is the button
Seat 1: MalCriado47 ($5.01 in chips) 
Seat 2: bob185 ($5.64 in chips) 
Seat 3: chipa chips ($11.25 in chips) 
Seat 4: NikKram ($5.29 in chips) 
Seat 5: HubertusB ($4.68 in chips) 
Seat 6: xGzusS ($6.49 in chips) 
bob185: posts small blind $0.02
chipa chips: posts big blind $0.05
*** HOLE CARDS ***
Dealt to HubertusB [9h Qc]
NikKram: folds 
HubertusB: folds 
xGzusS: raises $0.07 to $0.12
MalCriado47: folds 
bob185: folds 
chipa chips: calls $0.07
*** FLOP *** [Kd Tc 2s]
chipa chips: checks 
xGzusS: bets $0.14
chipa chips: calls $0.14
*** TURN *** [Kd Tc 2s] [Jh]
chipa chips: checks 
xGzusS: bets $0.30
chipa chips: calls $0.30
*** RIVER *** [Kd Tc 2s Jh] [2c]
chipa chips: checks 
xGzusS: checks 
*** SHOW DOWN ***
chipa chips: shows [Kh Jc] (two pair, Kings and Jacks)
xGzusS: mucks hand 
chipa chips collected $1.09 from pot
*** SUMMARY ***
Total pot $1.14 | Rake $0.05 
Board [Kd Tc 2s Jh 2c]
Seat 1: MalCriado47 (button) folded before Flop (didn't bet)
Seat 2: bob185 (small blind) folded before Flop
Seat 3: chipa chips (big blind) showed [Kh Jc] and won ($1.09) with two pair, Kings and Jacks
Seat 4: NikKram folded before Flop (didn't bet)
Seat 5: HubertusB folded before Flop (didn't bet)
Seat 6: xGzusS mucked [Ts Js]



PokerStars Zoom Hand #178483996727:  Hold'em No Limit ($0.02/$0.05) - 2017/11/20 22:06:36 CCT [2017/11/20 9:06:36 ET]
Table 'Donati' 6-max Seat #1 is the button
Seat 1: flyinggnu ($3.91 in chips) 
Seat 2: Shuitian ($14.91 in chips) 
Seat 3: bob185 ($5.56 in chips) 
Seat 4: chester8676 ($6.09 in chips) 
Seat 5: HubertusB ($4.68 in chips) 
Seat 6: fdmsabrndv ($5.57 in chips) 
Shuitian: posts small blind $0.02
bob185: posts big blind $0.05
*** HOLE CARDS ***
Dealt to HubertusB [Kd 3s]
chester8676: folds 
HubertusB: folds 
fdmsabrndv: raises $0.07 to $0.12
flyinggnu: calls $0.12
Shuitian: calls $0.10
bob185: folds 
*** FLOP *** [3d 8h Jd]
Shuitian: checks 
fdmsabrndv: checks 
flyinggnu: checks 
*** TURN *** [3d 8h Jd] [Ks]
Shuitian: checks 
fdmsabrndv: bets $0.28
flyinggnu: folds 
Shuitian: calls $0.28
*** RIVER *** [3d 8h Jd Ks] [9c]
Shuitian: checks 
fdmsabrndv: bets $0.70
Shuitian: folds 
Uncalled bet ($0.70) returned to fdmsabrndv
fdmsabrndv collected $0.93 from pot
fdmsabrndv: doesn't show hand 
*** SUMMARY ***
Total pot $0.97 | Rake $0.04 
Board [3d 8h Jd Ks 9c]
Seat 1: flyinggnu (button) folded on the Turn
Seat 2: Shuitian (small blind) folded on the River
Seat 3: bob185 (big blind) folded before Flop
Seat 4: chester8676 folded before Flop (didn't bet)
Seat 5: HubertusB folded before Flop (didn't bet)
Seat 6: fdmsabrndv collected ($0.93)



PokerStars Zoom Hand #178484017858:  Hold'em No Limit ($0.02/$0.05) - 2017/11/20 22:07:16 CCT [2017/11/20 9:07:16 ET]
Table 'Donati' 6-max Seat #1 is the button
Seat 1: HubertusB ($4.61 in chips) 
Seat 2: JCG22222 ($9.04 in chips) 
Seat 3: pro100like13 ($8.21 in chips) 
Seat 4: ALazarev157 ($5 in chips) 
Seat 5: leo08238118 ($8.76 in chips) 
Seat 6: vmorgenstein ($5.84 in chips) 
JCG22222: posts small blind $0.02
pro100like13: posts big blind $0.05
*** HOLE CARDS ***
Dealt to HubertusB [Qs 2s]
ALazarev157: folds 
leo08238118: folds 
vmorgenstein: folds 
HubertusB: raises $0.05 to $0.10
JCG22222: calls $0.08
pro100like13: folds 
*** FLOP *** [Td 6s 7d]
JCG22222: checks 
HubertusB: bets $0.10
JCG22222: calls $0.10
*** TURN *** [Td 6s 7d] [Jd]
JCG22222: checks 
HubertusB: checks 
*** RIVER *** [Td 6s 7d Jd] [6d]
JCG22222: checks 
HubertusB: checks 
*** SHOW DOWN ***
JCG22222: shows [Qc Ac] (a pair of Sixes)
HubertusB: mucks hand 
JCG22222 collected $0.43 from pot
*** SUMMARY ***
Total pot $0.45 | Rake $0.02 
Board [Td 6s 7d Jd 6d]
Seat 1: HubertusB (button) mucked [Qs 2s]
Seat 2: JCG22222 (small blind) showed [Qc Ac] and won ($0.43) with a pair of Sixes
Seat 3: pro100like13 (big blind) folded before Flop
Seat 4: ALazarev157 folded before Flop (didn't bet)
Seat 5: leo08238118 folded before Flop (didn't bet)
Seat 6: vmorgenstein folded before Flop (didn't bet)



PokerStars Zoom Hand #178484014685:  Hold'em No Limit ($0.02/$0.05) - 2017/11/20 22:07:10 CCT [2017/11/20 9:07:10 ET]
Table 'Donati' 6-max Seat #1 is the button
Seat 1: Felix UA777 ($5 in chips) 
Seat 2: HubertusB ($4.63 in chips) 
Seat 3: KKrtva ($7.40 in chips) 
Seat 4: freakmania86 ($5.24 in chips) 
Seat 5: nenadhebiv ($5.44 in chips) 
Seat 6: illia16 ($11.25 in chips) 
HubertusB: posts small blind $0.02
KKrtva: posts big blind $0.05
*** HOLE CARDS ***
Dealt to HubertusB [Jd 9h]
freakmania86: folds 
nenadhebiv: raises $0.07 to $0.12
illia16: folds 
Felix UA777: folds 
HubertusB: folds 
KKrtva: calls $0.07
*** FLOP *** [7s 2c 4c]
KKrtva: checks 
nenadhebiv: bets $0.08
KKrtva: calls $0.08
*** TURN *** [7s 2c 4c] [6s]
KKrtva: checks 
nenadhebiv: checks 
*** RIVER *** [7s 2c 4c 6s] [5d]
KKrtva: bets $0.30
nenadhebiv: folds 
Uncalled bet ($0.30) returned to KKrtva
KKrtva collected $0.40 from pot
KKrtva: doesn't show hand 
*** SUMMARY ***
Total pot $0.42 | Rake $0.02 
Board [7s 2c 4c 6s 5d]
Seat 1: Felix UA777 (button) folded before Flop (didn't bet)
Seat 2: HubertusB (small blind) folded before Flop
Seat 3: KKrtva (big blind) collected ($0.40)
Seat 4: freakmania86 folded before Flop (didn't bet)
Seat 5: nenadhebiv folded on the River
Seat 6: illia16 folded before Flop (didn't bet)



PokerStars Zoom Hand #178484036964:  Hold'em No Limit ($0.02/$0.05) - 2017/11/20 22:07:52 CCT [2017/11/20 9:07:52 ET]
Table 'Donati' 6-max Seat #1 is the button
Seat 1: illia16 ($11.25 in chips) 
Seat 2: #Jang123# ($7.53 in chips) 
Seat 3: lehaara2 ($46.13 in chips) 
Seat 4: artem3660 ($4.79 in chips) 
Seat 5: MVVSjeng ($7.11 in chips) 
Seat 6: HubertusB ($4.41 in chips) 
#Jang123#: posts small blind $0.02
lehaara2: posts big blind $0.05
*** HOLE CARDS ***
Dealt to HubertusB [5h 7h]
artem3660: folds 
MVVSjeng: folds 
HubertusB: raises $0.05 to $0.10
illia16: raises $0.20 to $0.30
#Jang123#: folds 
lehaara2: folds 
HubertusB: folds 
Uncalled bet ($0.20) returned to illia16
illia16 collected $0.27 from pot
illia16: doesn't show hand 
*** SUMMARY ***
Total pot $0.27 | Rake $0 
Seat 1: illia16 (button) collected ($0.27)
Seat 2: #Jang123# (small blind) folded before Flop
Seat 3: lehaara2 (big blind) folded before Flop
Seat 4: artem3660 folded before Flop (didn't bet)
Seat 5: MVVSjeng folded before Flop (didn't bet)
Seat 6: HubertusB folded before Flop



PokerStars Zoom Hand #178484033856:  Hold'em No Limit ($0.02/$0.05) - 2017/11/20 22:07:46 CCT [2017/11/20 9:07:46 ET]
Table 'Donati' 6-max Seat #1 is the button
Seat 1: HubertusB ($4.41 in chips) 
Seat 2: ALazarev157 ($5 in chips) 
Seat 3: alexey9210a ($10.39 in chips) 
Seat 4: botrobot777 ($5 in chips) 
Seat 5: reeqar ($5.22 in chips) 
Seat 6: yumi2003 ($4.23 in chips) 
ALazarev157: posts small blind $0.02
alexey9210a: posts big blind $0.05
*** HOLE CARDS ***
Dealt to HubertusB [Qh 8s]
botrobot777: folds 
reeqar: folds 
yumi2003: folds 
HubertusB: folds 
ALazarev157: raises $0.07 to $0.12
alexey9210a: raises $0.33 to $0.45
ALazarev157: calls $0.33
*** FLOP *** [Kd As 8c]
ALazarev157: checks 
alexey9210a: bets $0.57
ALazarev157: folds 
Uncalled bet ($0.57) returned to alexey9210a
alexey9210a collected $0.86 from pot
alexey9210a: doesn't show hand 
*** SUMMARY ***
Total pot $0.90 | Rake $0.04 
Board [Kd As 8c]
Seat 1: HubertusB (button) folded before Flop (didn't bet)
Seat 2: ALazarev157 (small blind) folded on the Flop
Seat 3: alexey9210a (big blind) collected ($0.86)
Seat 4: botrobot777 folded before Flop (didn't bet)
Seat 5: reeqar folded before Flop (didn't bet)
Seat 6: yumi2003 folded before Flop (didn't bet)



PokerStars Zoom Hand #178484047184:  Hold'em No Limit ($0.02/$0.05) - 2017/11/20 22:08:11 CCT [2017/11/20 9:08:11 ET]
Table 'Donati' 6-max Seat #1 is the button
Seat 1: KarinaFil ($8.13 in chips) 
Seat 2: nervss ($6.29 in chips) 
Seat 3: HubertusB ($4.31 in chips) 
Seat 4: alex2-a.a ($3.29 in chips) 
Seat 5: Cäse27 ($4.92 in chips) 
Seat 6: ALazarev157 ($21.09 in chips) 
nervss: posts small blind $0.02
HubertusB: posts big blind $0.05
*** HOLE CARDS ***
Dealt to HubertusB [As 6s]
alex2-a.a: folds 
Cäse27: raises $0.05 to $0.10
ALazarev157: folds 
KarinaFil: folds 
nervss: raises $0.25 to $0.35
HubertusB: folds 
Cäse27: folds 
Uncalled bet ($0.25) returned to nervss
nervss collected $0.25 from pot
nervss: doesn't show hand 
*** SUMMARY ***
Total pot $0.25 | Rake $0 
Seat 1: KarinaFil (button) folded before Flop (didn't bet)
Seat 2: nervss (small blind) collected ($0.25)
Seat 3: HubertusB (big blind) folded before Flop
Seat 4: alex2-a.a folded before Flop (didn't bet)
Seat 5: Cäse27 folded before Flop
Seat 6: ALazarev157 folded before Flop (didn't bet)



PokerStars Zoom Hand #178484058307:  Hold'em No Limit ($0.02/$0.05) - 2017/11/20 22:08:32 CCT [2017/11/20 9:08:32 ET]
Table 'Donati' 6-max Seat #1 is the button
Seat 1: DudinAndrey ($5.24 in chips) 
Seat 2: nervss ($5.25 in chips) 
Seat 3: FriskyBear ($5.17 in chips) 
Seat 4: Bonch241 ($8.35 in chips) 
Seat 5: PsBadBluff ($8.76 in chips) 
Seat 6: HubertusB ($4.26 in chips) 
nervss: posts small blind $0.02
FriskyBear: posts big blind $0.05
*** HOLE CARDS ***
Dealt to HubertusB [Kc Jc]
Bonch241: folds 
PsBadBluff: folds 
HubertusB: raises $0.05 to $0.10
DudinAndrey: folds 
nervss: folds 
FriskyBear: folds 
Uncalled bet ($0.05) returned to HubertusB
HubertusB collected $0.12 from pot
HubertusB: doesn't show hand 
*** SUMMARY ***
Total pot $0.12 | Rake $0 
Seat 1: DudinAndrey (button) folded before Flop (didn't bet)
Seat 2: nervss (small blind) folded before Flop
Seat 3: FriskyBear (big blind) folded before Flop
Seat 4: Bonch241 folded before Flop (didn't bet)
Seat 5: PsBadBluff folded before Flop (didn't bet)
Seat 6: HubertusB collected ($0.12)



PokerStars Zoom Hand #178484055145:  Hold'em No Limit ($0.02/$0.05) - 2017/11/20 22:08:26 CCT [2017/11/20 9:08:26 ET]
Table 'Donati' 6-max Seat #1 is the button
Seat 1: coolgrays ($3.78 in chips) 
Seat 2: bounceworld3 ($5.33 in chips) 
Seat 3: ALazarev157 ($5.07 in chips) 
Seat 4: NoOutsToCall ($5.09 in chips) 
Seat 5: HubertusB ($4.26 in chips) 
Seat 6: JoelCrisp ($5.14 in chips) 
bounceworld3: posts small blind $0.02
ALazarev157: posts big blind $0.05
*** HOLE CARDS ***
Dealt to HubertusB [3s 8h]
NoOutsToCall: folds 
HubertusB: folds 
JoelCrisp: raises $0.10 to $0.15
coolgrays: folds 
bounceworld3: folds 
ALazarev157: folds 
Uncalled bet ($0.10) returned to JoelCrisp
JoelCrisp collected $0.12 from pot
JoelCrisp: doesn't show hand 
*** SUMMARY ***
Total pot $0.12 | Rake $0 
Seat 1: coolgrays (button) folded before Flop (didn't bet)
Seat 2: bounceworld3 (small blind) folded before Flop
Seat 3: ALazarev157 (big blind) folded before Flop
Seat 4: NoOutsToCall folded before Flop (didn't bet)
Seat 5: HubertusB folded before Flop (didn't bet)
Seat 6: JoelCrisp collected ($0.12)



PokerStars Zoom Hand #178484066352:  Hold'em No Limit ($0.02/$0.05) - 2017/11/20 22:08:47 CCT [2017/11/20 9:08:47 ET]
Table 'Donati' 6-max Seat #1 is the button
Seat 1: sw11223 ($3.01 in chips) 
Seat 2: HubertusB ($4.33 in chips) 
Seat 3: Fartovi707 ($5.18 in chips) 
Seat 4: kaktak223 ($8.37 in chips) 
Seat 5: freakmania86 ($5.24 in chips) 
Seat 6: yvahero87 ($3.98 in chips) 
HubertusB: posts small blind $0.02
Fartovi707: posts big blind $0.05
*** HOLE CARDS ***
Dealt to HubertusB [Td Qh]
kaktak223: folds 
freakmania86: folds 
yvahero87: raises $0.10 to $0.15
sw11223: folds 
HubertusB: folds 
Fartovi707: calls $0.10
*** FLOP *** [3d 9s 9c]
Fartovi707: checks 
yvahero87: checks 
*** TURN *** [3d 9s 9c] [4h]
Fartovi707: checks 
yvahero87: checks 
*** RIVER *** [3d 9s 9c 4h] [Kc]
Fartovi707: checks 
yvahero87: bets $0.20
Fartovi707: folds 
Uncalled bet ($0.20) returned to yvahero87
yvahero87 collected $0.31 from pot
yvahero87: doesn't show hand 
*** SUMMARY ***
Total pot $0.32 | Rake $0.01 
Board [3d 9s 9c 4h Kc]
Seat 1: sw11223 (button) folded before Flop (didn't bet)
Seat 2: HubertusB (small blind) folded before Flop
Seat 3: Fartovi707 (big blind) folded on the River
Seat 4: kaktak223 folded before Flop (didn't bet)
Seat 5: freakmania86 folded before Flop (didn't bet)
Seat 6: yvahero87 collected ($0.31)



PokerStars Zoom Hand #178484070647:  Hold'em No Limit ($0.02/$0.05) - 2017/11/20 22:08:55 CCT [2017/11/20 9:08:55 ET]
Table 'Donati' 6-max Seat #1 is the button
Seat 1: Oliana88 ($5 in chips) 
Seat 2: Moskvich951 ($13.87 in chips) 
Seat 3: ckob731 ($5.38 in chips) 
Seat 4: HubertusB ($4.31 in chips) 
Seat 5: oskican ($4.60 in chips) 
Seat 6: Kostya Red ($5 in chips) 
Moskvich951: posts small blind $0.02
ckob731: posts big blind $0.05
*** HOLE CARDS ***
Dealt to HubertusB [As 5h]
HubertusB: folds 
oskican: folds 
Kostya Red: folds 
Oliana88: raises $0.07 to $0.12
Moskvich951: folds 
ckob731: folds 
Uncalled bet ($0.07) returned to Oliana88
Oliana88 collected $0.12 from pot
Oliana88: doesn't show hand 
*** SUMMARY ***
Total pot $0.12 | Rake $0 
Seat 1: Oliana88 (button) collected ($0.12)
Seat 2: Moskvich951 (small blind) folded before Flop
Seat 3: ckob731 (big blind) folded before Flop
Seat 4: HubertusB folded before Flop (didn't bet)
Seat 5: oskican folded before Flop (didn't bet)
Seat 6: Kostya Red folded before Flop (didn't bet)



PokerStars Zoom Hand #178484077577:  Hold'em No Limit ($0.02/$0.05) - 2017/11/20 22:09:08 CCT [2017/11/20 9:09:08 ET]
Table 'Donati' 6-max Seat #1 is the button
Seat 1: HubertusB ($4.31 in chips) 
Seat 2: razergpro ($5.34 in chips) 
Seat 3: nervss ($5.37 in chips) 
Seat 4: alexey9210a ($7.73 in chips) 
Seat 5: t1mka09367 ($24.75 in chips) 
Seat 6: coolgrays ($3.78 in chips) 
razergpro: posts small blind $0.02
nervss: posts big blind $0.05
*** HOLE CARDS ***
Dealt to HubertusB [2s Qs]
alexey9210a: raises $0.10 to $0.15
t1mka09367: folds 
coolgrays: folds 
HubertusB: folds 
razergpro: folds 
nervss: folds 
Uncalled bet ($0.10) returned to alexey9210a
alexey9210a collected $0.12 from pot
alexey9210a: doesn't show hand 
*** SUMMARY ***
Total pot $0.12 | Rake $0 
Seat 1: HubertusB (button) folded before Flop (didn't bet)
Seat 2: razergpro (small blind) folded before Flop
Seat 3: nervss (big blind) folded before Flop
Seat 4: alexey9210a collected ($0.12)
Seat 5: t1mka09367 folded before Flop (didn't bet)
Seat 6: coolgrays folded before Flop (didn't bet)



PokerStars Zoom Hand #178484074421:  Hold'em No Limit ($0.02/$0.05) - 2017/11/20 22:09:02 CCT [2017/11/20 9:09:02 ET]
Table 'Donati' 6-max Seat #1 is the button
Seat 1: Project2003 ($5 in chips) 
Seat 2: HardVanTT ($12.29 in chips) 
Seat 3: oleg777886 ($5.98 in chips) 
Seat 4: MalCriado47 ($4.26 in chips) 
Seat 5: HubertusB ($4.31 in chips) 
Seat 6: TheNightStar ($2.43 in chips) 
HardVanTT: posts small blind $0.02
oleg777886: posts big blind $0.05
*** HOLE CARDS ***
Dealt to HubertusB [2d Ts]
MalCriado47 has timed out
MalCriado47: folds 
HubertusB: folds 
TheNightStar: folds 
Project2003: folds 
HardVanTT: folds 
Uncalled bet ($0.03) returned to oleg777886
oleg777886 collected $0.04 from pot
oleg777886: doesn't show hand 
*** SUMMARY ***
Total pot $0.04 | Rake $0 
Seat 1: Project2003 (button) folded before Flop (didn't bet)
Seat 2: HardVanTT (small blind) folded before Flop
Seat 3: oleg777886 (big blind) collected ($0.04)
Seat 4: MalCriado47 folded before Flop (didn't bet)
Seat 5: HubertusB folded before Flop (didn't bet)
Seat 6: TheNightStar folded before Flop (didn't bet)



PokerStars Zoom Hand #178484081325:  Hold'em No Limit ($0.02/$0.05) - 2017/11/20 22:09:15 CCT [2017/11/20 9:09:15 ET]
Table 'Donati' 6-max Seat #1 is the button
Seat 1: Mike3stakana ($22.11 in chips) 
Seat 2: ChungkingExp ($5.17 in chips) 
Seat 3: HubertusB ($4.31 in chips) 
Seat 4: wade190689 ($5.94 in chips) 
Seat 5: Caxep_58 ($5.32 in chips) 
Seat 6: vickolay ($5 in chips) 
ChungkingExp: posts small blind $0.02
HubertusB: posts big blind $0.05
*** HOLE CARDS ***
Dealt to HubertusB [5h 3d]
wade190689: folds 
Caxep_58: folds 
vickolay: folds 
Mike3stakana: raises $0.10 to $0.15
ChungkingExp: folds 
HubertusB: folds 
Uncalled bet ($0.10) returned to Mike3stakana
Mike3stakana collected $0.12 from pot
Mike3stakana: doesn't show hand 
*** SUMMARY ***
Total pot $0.12 | Rake $0 
Seat 1: Mike3stakana (button) collected ($0.12)
Seat 2: ChungkingExp (small blind) folded before Flop
Seat 3: HubertusB (big blind) folded before Flop
Seat 4: wade190689 folded before Flop (didn't bet)
Seat 5: Caxep_58 folded before Flop (didn't bet)
Seat 6: vickolay folded before Flop (didn't bet)



PokerStars Zoom Hand #178484091984:  Hold'em No Limit ($0.02/$0.05) - 2017/11/20 22:09:35 CCT [2017/11/20 9:09:35 ET]
Table 'Donati' 6-max Seat #1 is the button
Seat 1: t1mka09367 ($24.70 in chips) 
Seat 2: HubertusB ($4.26 in chips) 
Seat 3: alexey9210a ($11.05 in chips) 
Seat 4: Dorogoi57 ($6.64 in chips) 
Seat 5: zikin444 ($8.98 in chips) 
Seat 6: croissantje ($5 in chips) 
HubertusB: posts small blind $0.02
alexey9210a: posts big blind $0.05
*** HOLE CARDS ***
Dealt to HubertusB [7s 4c]
Dorogoi57: folds 
zikin444: folds 
croissantje: folds 
t1mka09367: folds 
HubertusB: folds 
Uncalled bet ($0.03) returned to alexey9210a
alexey9210a collected $0.04 from pot
alexey9210a: doesn't show hand 
*** SUMMARY ***
Total pot $0.04 | Rake $0 
Seat 1: t1mka09367 (button) folded before Flop (didn't bet)
Seat 2: HubertusB (small blind) folded before Flop
Seat 3: alexey9210a (big blind) collected ($0.04)
Seat 4: Dorogoi57 folded before Flop (didn't bet)
Seat 5: zikin444 folded before Flop (didn't bet)
Seat 6: croissantje folded before Flop (didn't bet)



PokerStars Zoom Hand #178484102137:  Hold'em No Limit ($0.02/$0.05) - 2017/11/20 22:09:54 CCT [2017/11/20 9:09:54 ET]
Table 'Donati' 6-max Seat #1 is the button
Seat 1: HubertusB ($4.24 in chips) 
Seat 2: Bsgmz ($6.29 in chips) 
Seat 3: padureanu656 ($6.59 in chips) 
Seat 4: vmorgenstein ($6.57 in chips) 
Seat 5: vickolay ($5 in chips) 
Seat 6: feRaliX ($5.51 in chips) 
Bsgmz: posts small blind $0.02
padureanu656: posts big blind $0.05
*** HOLE CARDS ***
Dealt to HubertusB [3c 3s]
vmorgenstein: raises $0.10 to $0.15
vickolay: calls $0.15
feRaliX: calls $0.15
HubertusB: folds 
Bsgmz: folds 
padureanu656: folds 
*** FLOP *** [Ac 2c Qs]
vmorgenstein: checks 
vickolay: checks 
feRaliX: bets $0.21
vmorgenstein: folds 
vickolay: folds 
Uncalled bet ($0.21) returned to feRaliX
feRaliX collected $0.50 from pot
feRaliX: doesn't show hand 
*** SUMMARY ***
Total pot $0.52 | Rake $0.02 
Board [Ac 2c Qs]
Seat 1: HubertusB (button) folded before Flop (didn't bet)
Seat 2: Bsgmz (small blind) folded before Flop
Seat 3: padureanu656 (big blind) folded before Flop
Seat 4: vmorgenstein folded on the Flop
Seat 5: vickolay folded on the Flop
Seat 6: feRaliX collected ($0.50)



PokerStars Zoom Hand #178484105378:  Hold'em No Limit ($0.02/$0.05) - 2017/11/20 22:10:00 CCT [2017/11/20 9:10:00 ET]
Table 'Donati' 6-max Seat #1 is the button
Seat 1: yumi2003 ($4.93 in chips) 
Seat 2: HubertusB ($4.24 in chips) 
Seat 3: qqpewpew112 ($4.49 in chips) 
Seat 4: Knaix ($5.12 in chips) 
Seat 5: kiitek ($5 in chips) 
Seat 6: alexey9210a ($11.05 in chips) 
HubertusB: posts small blind $0.02
qqpewpew112: posts big blind $0.05
*** HOLE CARDS ***
Dealt to HubertusB [Qh 2c]
Knaix: folds 
kiitek: folds 
alexey9210a: folds 
yumi2003: raises $0.10 to $0.15
HubertusB: folds 
qqpewpew112: folds 
Uncalled bet ($0.10) returned to yumi2003
yumi2003 collected $0.12 from pot
yumi2003: doesn't show hand 
*** SUMMARY ***
Total pot $0.12 | Rake $0 
Seat 1: yumi2003 (button) collected ($0.12)
Seat 2: HubertusB (small blind) folded before Flop
Seat 3: qqpewpew112 (big blind) folded before Flop
Seat 4: Knaix folded before Flop (didn't bet)
Seat 5: kiitek folded before Flop (didn't bet)
Seat 6: alexey9210a folded before Flop (didn't bet)



PokerStars Zoom Hand #178484098399:  Hold'em No Limit ($0.02/$0.05) - 2017/11/20 22:09:47 CCT [2017/11/20 9:09:47 ET]
Table 'Donati' 6-max Seat #1 is the button
Seat 1: Dorogoi57 ($6.64 in chips) 
Seat 2: kaktak223 ($8.78 in chips) 
Seat 3: timon901901 ($6.18 in chips) 
Seat 4: HubertusB ($4.24 in chips) 
Seat 5: Tupoun007 ($4.31 in chips) 
Seat 6: kuansheng ($7.28 in chips) 
kaktak223: posts small blind $0.02
timon901901: posts big blind $0.05
*** HOLE CARDS ***
Dealt to HubertusB [Kh 8d]
HubertusB: folds 
Tupoun007: folds 
kuansheng: folds 
Dorogoi57: folds 
kaktak223: folds 
Uncalled bet ($0.03) returned to timon901901
timon901901 collected $0.04 from pot
timon901901: doesn't show hand 
*** SUMMARY ***
Total pot $0.04 | Rake $0 
Seat 1: Dorogoi57 (button) folded before Flop (didn't bet)
Seat 2: kaktak223 (small blind) folded before Flop
Seat 3: timon901901 (big blind) collected ($0.04)
Seat 4: HubertusB folded before Flop (didn't bet)
Seat 5: Tupoun007 folded before Flop (didn't bet)
Seat 6: kuansheng folded before Flop (didn't bet)



PokerStars Zoom Hand #178484108622:  Hold'em No Limit ($0.02/$0.05) - 2017/11/20 22:10:06 CCT [2017/11/20 9:10:06 ET]
Table 'Donati' 6-max Seat #1 is the button
Seat 1: jase28 ($9.95 in chips) 
Seat 2: Polypops ($6.23 in chips) 
Seat 3: HubertusB ($4.22 in chips) 
Seat 4: serhio77 ($9.94 in chips) 
Seat 5: olsekpoker ($5.19 in chips) 
Seat 6: kostet100 ($5.69 in chips) 
Polypops: posts small blind $0.02
HubertusB: posts big blind $0.05
*** HOLE CARDS ***
Dealt to HubertusB [Ah As]
serhio77: folds 
olsekpoker: raises $0.10 to $0.15
kostet100: calls $0.15
jase28: folds 
Polypops: folds 
HubertusB: raises $0.45 to $0.60
olsekpoker: calls $0.45
kostet100: folds 
*** FLOP *** [8h Kc Kh]
HubertusB: bets $0.55
olsekpoker: calls $0.55
*** TURN *** [8h Kc Kh] [6s]
HubertusB: bets $1.30
olsekpoker: raises $1.30 to $2.60
HubertusB: raises $0.47 to $3.07 and is all-in
olsekpoker: calls $0.47
*** RIVER *** [8h Kc Kh 6s] [4c]
*** SHOW DOWN ***
HubertusB: shows [Ah As] (two pair, Aces and Kings)
olsekpoker: shows [6c 8c] (two pair, Kings and Eights)
HubertusB collected $8.25 from pot
*** SUMMARY ***
Total pot $8.61 | Rake $0.36 
Board [8h Kc Kh 6s 4c]
Seat 1: jase28 (button) folded before Flop (didn't bet)
Seat 2: Polypops (small blind) folded before Flop
Seat 3: HubertusB (big blind) showed [Ah As] and won ($8.25) with two pair, Aces and Kings
Seat 4: serhio77 folded before Flop (didn't bet)
Seat 5: olsekpoker showed [6c 8c] and lost with two pair, Kings and Eights
Seat 6: kostet100 folded before Flop



PokerStars Zoom Hand #178484143681:  Hold'em No Limit ($0.02/$0.05) - 2017/11/20 22:11:12 CCT [2017/11/20 9:11:12 ET]
Table 'Donati' 6-max Seat #1 is the button
Seat 1: KKrtva ($5.61 in chips) 
Seat 2: DudinAndrey ($5.16 in chips) 
Seat 3: Trickshot625 ($9.27 in chips) 
Seat 4: paradiseg174 ($5.19 in chips) 
Seat 5: 8197kotonoha ($5.64 in chips) 
Seat 6: HubertusB ($8.25 in chips) 
DudinAndrey: posts small blind $0.02
Trickshot625: posts big blind $0.05
*** HOLE CARDS ***
Dealt to HubertusB [2c 7h]
paradiseg174: folds 
8197kotonoha: folds 
HubertusB: folds 
KKrtva: raises $0.07 to $0.12
DudinAndrey: folds 
Trickshot625: calls $0.07
*** FLOP *** [7c 9d 5c]
Trickshot625: checks 
KKrtva: checks 
*** TURN *** [7c 9d 5c] [6h]
Trickshot625: checks 
KKrtva: checks 
*** RIVER *** [7c 9d 5c 6h] [2d]
Trickshot625: bets $0.10
KKrtva: folds 
Uncalled bet ($0.10) returned to Trickshot625
Trickshot625 collected $0.25 from pot
Trickshot625: doesn't show hand 
*** SUMMARY ***
Total pot $0.26 | Rake $0.01 
Board [7c 9d 5c 6h 2d]
Seat 1: KKrtva (button) folded on the River
Seat 2: DudinAndrey (small blind) folded before Flop
Seat 3: Trickshot625 (big blind) collected ($0.25)
Seat 4: paradiseg174 folded before Flop (didn't bet)
Seat 5: 8197kotonoha folded before Flop (didn't bet)
Seat 6: HubertusB folded before Flop (didn't bet)



PokerStars Zoom Hand #178484201554:  Hold'em No Limit ($0.02/$0.05) - 2017/11/20 22:13:00 CCT [2017/11/20 9:13:00 ET]
Table 'Donati' 6-max Seat #1 is the button
Seat 1: C3TN1K ($3.71 in chips) 
Seat 2: ChungkingExp ($5.07 in chips) 
Seat 3: Vicoxzjke ($5 in chips) 
Seat 4: HubertusB ($8.25 in chips) 
Seat 5: 666gomen ($6.33 in chips) 
Seat 6: lfunabashi ($5.79 in chips) 
ChungkingExp: posts small blind $0.02
Vicoxzjke: posts big blind $0.05
*** HOLE CARDS ***
Dealt to HubertusB [5d 7h]
HubertusB: folds 
666gomen: folds 
lfunabashi: folds 
C3TN1K: folds 
ChungkingExp: folds 
Uncalled bet ($0.03) returned to Vicoxzjke
Vicoxzjke collected $0.04 from pot
Vicoxzjke: doesn't show hand 
*** SUMMARY ***
Total pot $0.04 | Rake $0 
Seat 1: C3TN1K (button) folded before Flop (didn't bet)
Seat 2: ChungkingExp (small blind) folded before Flop
Seat 3: Vicoxzjke (big blind) collected ($0.04)
Seat 4: HubertusB folded before Flop (didn't bet)
Seat 5: 666gomen folded before Flop (didn't bet)
Seat 6: lfunabashi folded before Flop (didn't bet)



PokerStars Zoom Hand #178484204836:  Hold'em No Limit ($0.02/$0.05) - 2017/11/20 22:13:06 CCT [2017/11/20 9:13:06 ET]
Table 'Donati' 6-max Seat #1 is the button
Seat 1: ViktoryFox ($9.47 in chips) 
Seat 2: wchivas ($3.23 in chips) 
Seat 3: spamec ($5.48 in chips) 
Seat 4: genzo510 ($5.15 in chips) 
Seat 5: timon901901 ($5.25 in chips) 
Seat 6: HubertusB ($8.25 in chips) 
wchivas: posts small blind $0.02
spamec: posts big blind $0.05
*** HOLE CARDS ***
Dealt to HubertusB [4d 9s]
genzo510: folds 
timon901901: folds 
HubertusB: folds 
ViktoryFox: raises $0.10 to $0.15
wchivas: folds 
spamec: folds 
Uncalled bet ($0.10) returned to ViktoryFox
ViktoryFox collected $0.12 from pot
ViktoryFox: doesn't show hand 
*** SUMMARY ***
Total pot $0.12 | Rake $0 
Seat 1: ViktoryFox (button) collected ($0.12)
Seat 2: wchivas (small blind) folded before Flop
Seat 3: spamec (big blind) folded before Flop
Seat 4: genzo510 folded before Flop (didn't bet)
Seat 5: timon901901 folded before Flop (didn't bet)
Seat 6: HubertusB folded before Flop (didn't bet)



PokerStars Zoom Hand #178484208024:  Hold'em No Limit ($0.02/$0.05) - 2017/11/20 22:13:12 CCT [2017/11/20 9:13:12 ET]
Table 'Donati' 6-max Seat #1 is the button
Seat 1: PeterPoker21 ($5.46 in chips) 
Seat 2: Carlostibu94 ($5.74 in chips) 
Seat 3: A.Kavetskyi ($5.05 in chips) 
Seat 4: AverianovA ($5.03 in chips) 
Seat 5: HubertusB ($8.25 in chips) 
Seat 6: sw11223 ($4.25 in chips) 
Carlostibu94: posts small blind $0.02
A.Kavetskyi: posts big blind $0.05
*** HOLE CARDS ***
Dealt to HubertusB [Ac 8c]
AverianovA: folds 
HubertusB: raises $0.05 to $0.10
sw11223: folds 
PeterPoker21: folds 
Carlostibu94: raises $0.25 to $0.35
A.Kavetskyi: folds 
HubertusB: folds 
Uncalled bet ($0.25) returned to Carlostibu94
Carlostibu94 collected $0.25 from pot
Carlostibu94: doesn't show hand 
*** SUMMARY ***
Total pot $0.25 | Rake $0 
Seat 1: PeterPoker21 (button) folded before Flop (didn't bet)
Seat 2: Carlostibu94 (small blind) collected ($0.25)
Seat 3: A.Kavetskyi (big blind) folded before Flop
Seat 4: AverianovA folded before Flop (didn't bet)
Seat 5: HubertusB folded before Flop
Seat 6: sw11223 folded before Flop (didn't bet)



PokerStars Zoom Hand #178484218663:  Hold'em No Limit ($0.02/$0.05) - 2017/11/20 22:13:32 CCT [2017/11/20 9:13:32 ET]
Table 'Donati' 6-max Seat #1 is the button
Seat 1: nervss ($7.56 in chips) 
Seat 2: brazerOK ($5.11 in chips) 
Seat 3: HubertusB ($8.15 in chips) 
Seat 4: VoSKeSeNSK ($5.02 in chips) 
Seat 5: wade190689 ($5.60 in chips) 
Seat 6: nappiperse ($6.43 in chips) 
brazerOK: posts small blind $0.02
HubertusB: posts big blind $0.05
*** HOLE CARDS ***
Dealt to HubertusB [Th 7s]
VoSKeSeNSK: folds 
wade190689: raises $0.15 to $0.20
nappiperse: folds 
nervss: raises $0.47 to $0.67
brazerOK: folds 
HubertusB: folds 
wade190689: calls $0.47
*** FLOP *** [Jh Qd 6d]
wade190689: bets $0.30
nervss: raises $0.76 to $1.06
wade190689: raises $3.87 to $4.93 and is all-in
nervss: calls $3.87
*** TURN *** [Jh Qd 6d] [7h]
*** RIVER *** [Jh Qd 6d 7h] [2d]
*** SHOW DOWN ***
wade190689: shows [Qs Ad] (a pair of Queens)
nervss: shows [Qh As] (a pair of Queens)
wade190689 collected $5.40 from pot
nervss collected $5.40 from pot
*** SUMMARY ***
Total pot $11.27 | Rake $0.47 
Board [Jh Qd 6d 7h 2d]
Seat 1: nervss (button) showed [Qh As] and won ($5.40) with a pair of Queens
Seat 2: brazerOK (small blind) folded before Flop
Seat 3: HubertusB (big blind) folded before Flop
Seat 4: VoSKeSeNSK folded before Flop (didn't bet)
Seat 5: wade190689 showed [Qs Ad] and won ($5.40) with a pair of Queens
Seat 6: nappiperse folded before Flop (didn't bet)



PokerStars Zoom Hand #178484223994:  Hold'em No Limit ($0.02/$0.05) - 2017/11/20 22:13:42 CCT [2017/11/20 9:13:42 ET]
Table 'Donati' 6-max Seat #1 is the button
Seat 1: Thundercub ($5.53 in chips) 
Seat 2: Sasha307500 ($5.48 in chips) 
Seat 3: serj.zp ($5.35 in chips) 
Seat 4: HubertusB ($8.10 in chips) 
Seat 5: Carlostibu94 ($5.91 in chips) 
Seat 6: paradiseg174 ($12.84 in chips) 
Sasha307500: posts small blind $0.02
serj.zp: posts big blind $0.05
*** HOLE CARDS ***
Dealt to HubertusB [7h 7c]
HubertusB: raises $0.05 to $0.10
Carlostibu94: folds 
paradiseg174: calls $0.10
Thundercub: folds 
Sasha307500: folds 
serj.zp: folds 
*** FLOP *** [Ah 9s Ks]
HubertusB: checks 
paradiseg174: checks 
*** TURN *** [Ah 9s Ks] [Jh]
HubertusB: checks 
paradiseg174: bets $0.15
HubertusB: folds 
Uncalled bet ($0.15) returned to paradiseg174
paradiseg174 collected $0.26 from pot
paradiseg174: doesn't show hand 
*** SUMMARY ***
Total pot $0.27 | Rake $0.01 
Board [Ah 9s Ks Jh]
Seat 1: Thundercub (button) folded before Flop (didn't bet)
Seat 2: Sasha307500 (small blind) folded before Flop
Seat 3: serj.zp (big blind) folded before Flop
Seat 4: HubertusB folded on the Turn
Seat 5: Carlostibu94 folded before Flop (didn't bet)
Seat 6: paradiseg174 collected ($0.26)



PokerStars Zoom Hand #178484246495:  Hold'em No Limit ($0.02/$0.05) - 2017/11/20 22:14:24 CCT [2017/11/20 9:14:24 ET]
Table 'Donati' 6-max Seat #1 is the button
Seat 1: TheNightStar ($3.19 in chips) 
Seat 2: HubertusB ($8 in chips) 
Seat 3: coolgrays ($5.79 in chips) 
Seat 4: rack1777 ($5.07 in chips) 
Seat 5: Bsgmz ($6.26 in chips) 
Seat 6: Dorogoi57 ($6.55 in chips) 
HubertusB: posts small blind $0.02
coolgrays: posts big blind $0.05
*** HOLE CARDS ***
Dealt to HubertusB [Qh Ac]
rack1777: folds 
Bsgmz: folds 
Dorogoi57: folds 
TheNightStar: folds 
HubertusB: raises $0.06 to $0.11
coolgrays: calls $0.06
*** FLOP *** [7c 7d Th]
HubertusB: checks 
coolgrays: checks 
*** TURN *** [7c 7d Th] [Kc]
HubertusB: checks 
coolgrays: bets $0.20
HubertusB: calls $0.20
*** RIVER *** [7c 7d Th Kc] [9d]
HubertusB: checks 
coolgrays: checks 
*** SHOW DOWN ***
HubertusB: shows [Qh Ac] (a pair of Sevens)
coolgrays: mucks hand 
HubertusB collected $0.59 from pot
*** SUMMARY ***
Total pot $0.62 | Rake $0.03 
Board [7c 7d Th Kc 9d]
Seat 1: TheNightStar (button) folded before Flop (didn't bet)
Seat 2: HubertusB (small blind) showed [Qh Ac] and won ($0.59) with a pair of Sevens
Seat 3: coolgrays (big blind) mucked [Jc Ad]
Seat 4: rack1777 folded before Flop (didn't bet)
Seat 5: Bsgmz folded before Flop (didn't bet)
Seat 6: Dorogoi57 folded before Flop (didn't bet)



PokerStars Zoom Hand #178484269055:  Hold'em No Limit ($0.02/$0.05) - 2017/11/20 22:15:06 CCT [2017/11/20 9:15:06 ET]
Table 'Donati' 6-max Seat #1 is the button
Seat 1: Sumow ($5.24 in chips) 
Seat 2: hsw666 ($6.22 in chips) 
Seat 3: RiSk.Fortune ($5.30 in chips) 
Seat 4: KRAWA101 ($9.32 in chips) 
Seat 5: serega55reg ($11.06 in chips) 
Seat 6: HubertusB ($8.28 in chips) 
hsw666: posts small blind $0.02
RiSk.Fortune: posts big blind $0.05
*** HOLE CARDS ***
Dealt to HubertusB [6h Kh]
KRAWA101: folds 
serega55reg: folds 
HubertusB: raises $0.05 to $0.10
Sumow: folds 
hsw666: folds 
RiSk.Fortune: folds 
Uncalled bet ($0.05) returned to HubertusB
HubertusB collected $0.12 from pot
HubertusB: doesn't show hand 
*** SUMMARY ***
Total pot $0.12 | Rake $0 
Seat 1: Sumow (button) folded before Flop (didn't bet)
Seat 2: hsw666 (small blind) folded before Flop
Seat 3: RiSk.Fortune (big blind) folded before Flop
Seat 4: KRAWA101 folded before Flop (didn't bet)
Seat 5: serega55reg folded before Flop (didn't bet)
Seat 6: HubertusB collected ($0.12)



PokerStars Zoom Hand #178484264176:  Hold'em No Limit ($0.02/$0.05) - 2017/11/20 22:14:57 CCT [2017/11/20 9:14:57 ET]
Table 'Donati' 6-max Seat #1 is the button
Seat 1: HubertusB ($8.28 in chips) 
Seat 2: sw11223 ($4.01 in chips) 
Seat 3: str911 ($4.78 in chips) 
Seat 4: ViktoryFox ($9.23 in chips) 
Seat 5: b72rus ($5.04 in chips) 
Seat 6: Svirepun ($8.67 in chips) 
sw11223: posts small blind $0.02
str911: posts big blind $0.05
*** HOLE CARDS ***
Dealt to HubertusB [4c Td]
ViktoryFox: raises $0.15 to $0.20
b72rus: folds 
Svirepun: folds 
HubertusB: folds 
sw11223: folds 
str911: raises $0.42 to $0.62
ViktoryFox: raises $0.67 to $1.29
str911: raises $3.49 to $4.78 and is all-in
ViktoryFox: calls $3.49
*** FLOP *** [5h Ac 6s]
*** TURN *** [5h Ac 6s] [3h]
*** RIVER *** [5h Ac 6s 3h] [6c]
*** SHOW DOWN ***
str911: shows [Kc Ad] (two pair, Aces and Sixes)
ViktoryFox: shows [Ks Kh] (two pair, Kings and Sixes)
str911 collected $9.18 from pot
*** SUMMARY ***
Total pot $9.58 | Rake $0.40 
Board [5h Ac 6s 3h 6c]
Seat 1: HubertusB (button) folded before Flop (didn't bet)
Seat 2: sw11223 (small blind) folded before Flop
Seat 3: str911 (big blind) showed [Kc Ad] and won ($9.18) with two pair, Aces and Sixes
Seat 4: ViktoryFox showed [Ks Kh] and lost with two pair, Kings and Sixes
Seat 5: b72rus folded before Flop (didn't bet)
Seat 6: Svirepun folded before Flop (didn't bet)



PokerStars Zoom Hand #178484278644:  Hold'em No Limit ($0.02/$0.05) - 2017/11/20 22:15:24 CCT [2017/11/20 9:15:24 ET]
Table 'Donati' 6-max Seat #1 is the button
Seat 1: freakmania86 ($5 in chips) 
Seat 2: XtZ1 ($5.25 in chips) 
Seat 3: Oliana88 ($7.53 in chips) 
Seat 4: padureanu656 ($6.46 in chips) 
Seat 5: HubertusB ($8.35 in chips) 
Seat 6: A-Hsien ($5.41 in chips) 
XtZ1: posts small blind $0.02
Oliana88: posts big blind $0.05
*** HOLE CARDS ***
Dealt to HubertusB [9h 4s]
padureanu656: raises $0.07 to $0.12
HubertusB: folds 
A-Hsien: folds 
freakmania86: folds 
XtZ1: folds 
Oliana88: folds 
Uncalled bet ($0.07) returned to padureanu656
padureanu656 collected $0.12 from pot
padureanu656: doesn't show hand 
*** SUMMARY ***
Total pot $0.12 | Rake $0 
Seat 1: freakmania86 (button) folded before Flop (didn't bet)
Seat 2: XtZ1 (small blind) folded before Flop
Seat 3: Oliana88 (big blind) folded before Flop
Seat 4: padureanu656 collected ($0.12)
Seat 5: HubertusB folded before Flop (didn't bet)
Seat 6: A-Hsien folded before Flop (didn't bet)



PokerStars Zoom Hand #178484282314:  Hold'em No Limit ($0.02/$0.05) - 2017/11/20 22:15:31 CCT [2017/11/20 9:15:31 ET]
Table 'Donati' 6-max Seat #1 is the button
Seat 1: A-Hsien ($7.31 in chips) 
Seat 2: spamec ($5.20 in chips) 
Seat 3: Snegul ($2.85 in chips) 
Seat 4: HubertusB ($8.35 in chips) 
Seat 5: JNissian ($5 in chips) 
Seat 6: lifeguard03 ($5.12 in chips) 
spamec: posts small blind $0.02
Snegul: posts big blind $0.05
*** HOLE CARDS ***
Dealt to HubertusB [7h Qd]
HubertusB: folds 
JNissian: folds 
lifeguard03: folds 
A-Hsien: folds 
spamec: raises $0.10 to $0.15
Snegul: folds 
Uncalled bet ($0.10) returned to spamec
spamec collected $0.10 from pot
spamec: doesn't show hand 
*** SUMMARY ***
Total pot $0.10 | Rake $0 
Seat 1: A-Hsien (button) folded before Flop (didn't bet)
Seat 2: spamec (small blind) collected ($0.10)
Seat 3: Snegul (big blind) folded before Flop
Seat 4: HubertusB folded before Flop (didn't bet)
Seat 5: JNissian folded before Flop (didn't bet)
Seat 6: lifeguard03 folded before Flop (didn't bet)



PokerStars Zoom Hand #178484285528:  Hold'em No Limit ($0.02/$0.05) - 2017/11/20 22:15:37 CCT [2017/11/20 9:15:37 ET]
Table 'Donati' 6-max Seat #1 is the button
Seat 1: Maras^018 ($1.50 in chips) 
Seat 2: Smigiel83 ($12.95 in chips) 
Seat 3: HubertusB ($8.35 in chips) 
Seat 4: Fartovi707 ($4.09 in chips) 
Seat 5: oskican ($4.99 in chips) 
Seat 6: makoJP ($5.05 in chips) 
Smigiel83: posts small blind $0.02
HubertusB: posts big blind $0.05
*** HOLE CARDS ***
Dealt to HubertusB [7c 8s]
Fartovi707: folds 
oskican: folds 
makoJP: folds 
Maras^018: folds 
Smigiel83: calls $0.03
HubertusB: checks 
*** FLOP *** [4d 7d Ts]
Smigiel83: checks 
HubertusB: bets $0.05
Smigiel83: calls $0.05
*** TURN *** [4d 7d Ts] [Ah]
Smigiel83: bets $0.20
HubertusB: folds 
Uncalled bet ($0.20) returned to Smigiel83
Smigiel83 collected $0.19 from pot
Smigiel83: doesn't show hand 
*** SUMMARY ***
Total pot $0.20 | Rake $0.01 
Board [4d 7d Ts Ah]
Seat 1: Maras^018 (button) folded before Flop (didn't bet)
Seat 2: Smigiel83 (small blind) collected ($0.19)
Seat 3: HubertusB (big blind) folded on the Turn
Seat 4: Fartovi707 folded before Flop (didn't bet)
Seat 5: oskican folded before Flop (didn't bet)
Seat 6: makoJP folded before Flop (didn't bet)



PokerStars Zoom Hand #178484312417:  Hold'em No Limit ($0.02/$0.05) - 2017/11/20 22:16:27 CCT [2017/11/20 9:16:27 ET]
Table 'Donati' 6-max Seat #1 is the button
Seat 1: Project2003 ($5 in chips) 
Seat 2: HubertusB ($8.25 in chips) 
Seat 3: TitanX1 ($1.97 in chips) 
Seat 4: Bsgmz ($6.15 in chips) 
Seat 5: 3iourou ($5.52 in chips) 
Seat 6: kiitek ($5.02 in chips) 
HubertusB: posts small blind $0.02
TitanX1: posts big blind $0.05
*** HOLE CARDS ***
Dealt to HubertusB [8s 3d]
Bsgmz: raises $0.07 to $0.12
3iourou: folds 
kiitek: folds 
Project2003: calls $0.12
HubertusB: folds 
TitanX1: folds 
*** FLOP *** [Qd Ah Jc]
Bsgmz: bets $0.23
Project2003: folds 
Uncalled bet ($0.23) returned to Bsgmz
Bsgmz collected $0.30 from pot
Bsgmz: doesn't show hand 
*** SUMMARY ***
Total pot $0.31 | Rake $0.01 
Board [Qd Ah Jc]
Seat 1: Project2003 (button) folded on the Flop
Seat 2: HubertusB (small blind) folded before Flop
Seat 3: TitanX1 (big blind) folded before Flop
Seat 4: Bsgmz collected ($0.30)
Seat 5: 3iourou folded before Flop (didn't bet)
Seat 6: kiitek folded before Flop (didn't bet)



PokerStars Zoom Hand #178484342477:  Hold'em No Limit ($0.02/$0.05) - 2017/11/20 22:17:22 CCT [2017/11/20 9:17:22 ET]
Table 'Donati' 6-max Seat #1 is the button
Seat 1: Novice218 ($5.12 in chips) 
Seat 2: HubertusB ($8.18 in chips) 
Seat 3: kidsonik ($8.60 in chips) 
Seat 4: 27michal27 ($5.19 in chips) 
Seat 5: vasiliy99925 ($5.55 in chips) 
Seat 6: VoSKeSeNSK ($5.12 in chips) 
HubertusB: posts small blind $0.02
kidsonik: posts big blind $0.05
*** HOLE CARDS ***
Dealt to HubertusB [7h As]
27michal27: folds 
vasiliy99925: folds 
VoSKeSeNSK: folds 
Novice218: folds 
HubertusB: folds 
Uncalled bet ($0.03) returned to kidsonik
kidsonik collected $0.04 from pot
kidsonik: doesn't show hand 
*** SUMMARY ***
Total pot $0.04 | Rake $0 
Seat 1: Novice218 (button) folded before Flop (didn't bet)
Seat 2: HubertusB (small blind) folded before Flop
Seat 3: kidsonik (big blind) collected ($0.04)
Seat 4: 27michal27 folded before Flop (didn't bet)
Seat 5: vasiliy99925 folded before Flop (didn't bet)
Seat 6: VoSKeSeNSK folded before Flop (didn't bet)



PokerStars Zoom Hand #178484336500:  Hold'em No Limit ($0.02/$0.05) - 2017/11/20 22:17:11 CCT [2017/11/20 9:17:11 ET]
Table 'Donati' 6-max Seat #1 is the button
Seat 1: mydjaxet ($6.97 in chips) 
Seat 2: ELVNET ($5.09 in chips) 
Seat 3: KKrtva ($5 in chips) 
Seat 4: DimanFlrrr ($2.35 in chips) 
Seat 5: Nicosan.ru ($14.25 in chips) 
Seat 6: HubertusB ($8.18 in chips) 
ELVNET: posts small blind $0.02
KKrtva: posts big blind $0.05
*** HOLE CARDS ***
Dealt to HubertusB [5d 6c]
DimanFlrrr: folds 
Nicosan.ru: folds 
HubertusB: folds 
mydjaxet: folds 
ELVNET: raises $0.07 to $0.12
KKrtva: folds 
Uncalled bet ($0.07) returned to ELVNET
ELVNET collected $0.10 from pot
ELVNET: doesn't show hand 
*** SUMMARY ***
Total pot $0.10 | Rake $0 
Seat 1: mydjaxet (button) folded before Flop (didn't bet)
Seat 2: ELVNET (small blind) collected ($0.10)
Seat 3: KKrtva (big blind) folded before Flop
Seat 4: DimanFlrrr folded before Flop (didn't bet)
Seat 5: Nicosan.ru folded before Flop (didn't bet)
Seat 6: HubertusB folded before Flop (didn't bet)



PokerStars Zoom Hand #178484315688:  Hold'em No Limit ($0.02/$0.05) - 2017/11/20 22:16:33 CCT [2017/11/20 9:16:33 ET]
Table 'Donati' 6-max Seat #1 is the button
Seat 1: HubertusB ($8.23 in chips) 
Seat 2: wchivas ($5.03 in chips) 
Seat 3: SHARK44444 ($5 in chips) 
Seat 4: Smigiel83 ($13.04 in chips) 
Seat 5: alexey9210a ($5 in chips) 
Seat 6: xGzusS ($5.18 in chips) 
wchivas: posts small blind $0.02
SHARK44444: posts big blind $0.05
*** HOLE CARDS ***
Dealt to HubertusB [5h 7h]
Smigiel83: calls $0.05
alexey9210a: folds 
xGzusS: folds 
HubertusB: calls $0.05
wchivas: folds 
SHARK44444: checks 
*** FLOP *** [Kd 2d 8d]
SHARK44444: checks 
Smigiel83: checks 
HubertusB: checks 
*** TURN *** [Kd 2d 8d] [Js]
SHARK44444: bets $0.05
Smigiel83: calls $0.05
HubertusB: folds 
*** RIVER *** [Kd 2d 8d Js] [4h]
SHARK44444: bets $0.05
Smigiel83: raises $12.89 to $12.94 and is all-in
SHARK44444: folds 
Uncalled bet ($12.89) returned to Smigiel83
Smigiel83 collected $0.35 from pot
Smigiel83: doesn't show hand 
*** SUMMARY ***
Total pot $0.37 | Rake $0.02 
Board [Kd 2d 8d Js 4h]
Seat 1: HubertusB (button) folded on the Turn
Seat 2: wchivas (small blind) folded before Flop
Seat 3: SHARK44444 (big blind) folded on the River
Seat 4: Smigiel83 collected ($0.35)
Seat 5: alexey9210a folded before Flop (didn't bet)
Seat 6: xGzusS folded before Flop (didn't bet)



PokerStars Zoom Hand #178484339727:  Hold'em No Limit ($0.02/$0.05) - 2017/11/20 22:17:17 CCT [2017/11/20 9:17:17 ET]
Table 'Donati' 6-max Seat #1 is the button
Seat 1: ckob731 ($3.77 in chips) 
Seat 2: tsukasou ($8.77 in chips) 
Seat 3: falcao991 ($5.76 in chips) 
Seat 4: NikDream999 ($4.80 in chips) 
Seat 5: HubertusB ($8.18 in chips) 
Seat 6: Blita53 ($5 in chips) 
tsukasou: posts small blind $0.02
falcao991: posts big blind $0.05
*** HOLE CARDS ***
Dealt to HubertusB [7c 8s]
NikDream999: folds 
HubertusB: folds 
Blita53: raises $0.10 to $0.15
ckob731: calls $0.15
tsukasou: folds 
falcao991: folds 
*** FLOP *** [Js 9c Jh]
Blita53: bets $0.18
ckob731: folds 
Uncalled bet ($0.18) returned to Blita53
Blita53 collected $0.35 from pot
Blita53: doesn't show hand 
*** SUMMARY ***
Total pot $0.37 | Rake $0.02 
Board [Js 9c Jh]
Seat 1: ckob731 (button) folded on the Flop
Seat 2: tsukasou (small blind) folded before Flop
Seat 3: falcao991 (big blind) folded before Flop
Seat 4: NikDream999 folded before Flop (didn't bet)
Seat 5: HubertusB folded before Flop (didn't bet)
Seat 6: Blita53 collected ($0.35)



PokerStars Zoom Hand #178484352190:  Hold'em No Limit ($0.02/$0.05) - 2017/11/20 22:17:40 CCT [2017/11/20 9:17:40 ET]
Table 'Donati' 6-max Seat #1 is the button
Seat 1: HubertusB ($8.11 in chips) 
Seat 2: fdmsabrndv ($5.22 in chips) 
Seat 3: JCG22222 ($5.33 in chips) 
Seat 4: Kostya Red ($5.41 in chips) 
Seat 5: Acedan1369 ($24.40 in chips) 
Seat 6: serhio77 ($8.75 in chips) 
fdmsabrndv: posts small blind $0.02
JCG22222: posts big blind $0.05
*** HOLE CARDS ***
Dealt to HubertusB [4c Qh]
Kostya Red: folds 
Acedan1369: folds 
serhio77: folds 
HubertusB: folds 
fdmsabrndv: raises $0.09 to $0.14
JCG22222: folds 
Uncalled bet ($0.09) returned to fdmsabrndv
fdmsabrndv collected $0.10 from pot
fdmsabrndv: doesn't show hand 
*** SUMMARY ***
Total pot $0.10 | Rake $0 
Seat 1: HubertusB (button) folded before Flop (didn't bet)
Seat 2: fdmsabrndv (small blind) collected ($0.10)
Seat 3: JCG22222 (big blind) folded before Flop
Seat 4: Kostya Red folded before Flop (didn't bet)
Seat 5: Acedan1369 folded before Flop (didn't bet)
Seat 6: serhio77 folded before Flop (didn't bet)



PokerStars Zoom Hand #178484354919:  Hold'em No Limit ($0.02/$0.05) - 2017/11/20 22:17:45 CCT [2017/11/20 9:17:45 ET]
Table 'Donati' 6-max Seat #1 is the button
Seat 1: folydr ($9.37 in chips) 
Seat 2: Hyena777210 ($5 in chips) 
Seat 3: razergpro ($7.10 in chips) 
Seat 4: Bossnia007 ($5 in chips) 
Seat 5: danjmekeru ($8.47 in chips) 
Seat 6: HubertusB ($8.11 in chips) 
Hyena777210: posts small blind $0.02
razergpro: posts big blind $0.05
*** HOLE CARDS ***
Dealt to HubertusB [4c 2d]
Bossnia007: folds 
danjmekeru: folds 
HubertusB: folds 
folydr: folds 
Hyena777210: folds 
Uncalled bet ($0.03) returned to razergpro
razergpro collected $0.04 from pot
razergpro: doesn't show hand 
*** SUMMARY ***
Total pot $0.04 | Rake $0 
Seat 1: folydr (button) folded before Flop (didn't bet)
Seat 2: Hyena777210 (small blind) folded before Flop
Seat 3: razergpro (big blind) collected ($0.04)
Seat 4: Bossnia007 folded before Flop (didn't bet)
Seat 5: danjmekeru folded before Flop (didn't bet)
Seat 6: HubertusB folded before Flop (didn't bet)



PokerStars Zoom Hand #178484345685:  Hold'em No Limit ($0.02/$0.05) - 2017/11/20 22:17:28 CCT [2017/11/20 9:17:28 ET]
Table 'Donati' 6-max Seat #1 is the button
Seat 1: walhalla48 ($5.34 in chips) 
Seat 2: Project2003 ($5 in chips) 
Seat 3: Fi$hAndChipz ($10.64 in chips) 
Seat 4: HubertusB ($8.16 in chips) 
Seat 5: averzia ($5.15 in chips) 
Seat 6: vcf2013 ($12.78 in chips) 
Project2003: posts small blind $0.02
Fi$hAndChipz: posts big blind $0.05
*** HOLE CARDS ***
Dealt to HubertusB [Kc 4h]
HubertusB: folds 
averzia: folds 
vcf2013: raises $0.10 to $0.15
walhalla48: folds 
Project2003: raises $0.35 to $0.50
Fi$hAndChipz: folds 
vcf2013: raises $12.28 to $12.78 and is all-in
Project2003: folds 
Uncalled bet ($12.28) returned to vcf2013
vcf2013 collected $1.05 from pot
vcf2013: doesn't show hand 
*** SUMMARY ***
Total pot $1.05 | Rake $0 
Seat 1: walhalla48 (button) folded before Flop (didn't bet)
Seat 2: Project2003 (small blind) folded before Flop
Seat 3: Fi$hAndChipz (big blind) folded before Flop
Seat 4: HubertusB folded before Flop (didn't bet)
Seat 5: averzia folded before Flop (didn't bet)
Seat 6: vcf2013 collected ($1.05)



PokerStars Zoom Hand #178484361391:  Hold'em No Limit ($0.02/$0.05) - 2017/11/20 22:17:57 CCT [2017/11/20 9:17:57 ET]
Table 'Donati' 6-max Seat #1 is the button
Seat 1: nappiperse ($6.20 in chips) 
Seat 2: lolenkilen ($5.09 in chips) 
Seat 3: MyFantassy ($2.50 in chips) 
Seat 4: 3iourou ($8.85 in chips) 
Seat 5: HubertusB ($8.11 in chips) 
Seat 6: Yolff ($9.66 in chips) 
lolenkilen: posts small blind $0.02
MyFantassy: posts big blind $0.05
*** HOLE CARDS ***
Dealt to HubertusB [3d 9h]
3iourou: folds 
HubertusB: folds 
Yolff: folds 
nappiperse: raises $0.10 to $0.15
lolenkilen: folds 
MyFantassy: folds 
Uncalled bet ($0.10) returned to nappiperse
nappiperse collected $0.12 from pot
nappiperse: doesn't show hand 
*** SUMMARY ***
Total pot $0.12 | Rake $0 
Seat 1: nappiperse (button) collected ($0.12)
Seat 2: lolenkilen (small blind) folded before Flop
Seat 3: MyFantassy (big blind) folded before Flop
Seat 4: 3iourou folded before Flop (didn't bet)
Seat 5: HubertusB folded before Flop (didn't bet)
Seat 6: Yolff folded before Flop (didn't bet)



PokerStars Zoom Hand #178484358157:  Hold'em No Limit ($0.02/$0.05) - 2017/11/20 22:17:51 CCT [2017/11/20 9:17:51 ET]
Table 'Donati' 6-max Seat #1 is the button
Seat 1: vmorgenstein ($5.27 in chips) 
Seat 2: dutchpokeown ($6.58 in chips) 
Seat 3: StealSteeler ($6.35 in chips) 
Seat 4: HubertusB ($8.11 in chips) 
Seat 5: Blita53 ($5.20 in chips) 
Seat 6: Kasabian961 ($20.50 in chips) 
dutchpokeown: posts small blind $0.02
StealSteeler: posts big blind $0.05
*** HOLE CARDS ***
Dealt to HubertusB [Ts Jh]
HubertusB: folds 
Blita53: folds 
Kasabian961: folds 
vmorgenstein: folds 
dutchpokeown: calls $0.03
StealSteeler: raises $0.15 to $0.20
dutchpokeown: calls $0.15
*** FLOP *** [4s Kh 4h]
dutchpokeown: checks 
StealSteeler: bets $0.25
dutchpokeown: folds 
Uncalled bet ($0.25) returned to StealSteeler
StealSteeler collected $0.38 from pot
StealSteeler: doesn't show hand 
*** SUMMARY ***
Total pot $0.40 | Rake $0.02 
Board [4s Kh 4h]
Seat 1: vmorgenstein (button) folded before Flop (didn't bet)
Seat 2: dutchpokeown (small blind) folded on the Flop
Seat 3: StealSteeler (big blind) collected ($0.38)
Seat 4: HubertusB folded before Flop (didn't bet)
Seat 5: Blita53 folded before Flop (didn't bet)
Seat 6: Kasabian961 folded before Flop (didn't bet)



PokerStars Zoom Hand #178484348325:  Hold'em No Limit ($0.02/$0.05) - 2017/11/20 22:17:33 CCT [2017/11/20 9:17:33 ET]
Table 'Donati' 6-max Seat #1 is the button
Seat 1: chicho198414 ($8.97 in chips) 
Seat 2: Project2003 ($5.07 in chips) 
Seat 3: HubertusB ($8.16 in chips) 
Seat 4: malle09 ($6.16 in chips) 
Seat 5: arestantik13 ($9.19 in chips) 
Seat 6: xarichi ($11.18 in chips) 
Project2003: posts small blind $0.02
HubertusB: posts big blind $0.05
*** HOLE CARDS ***
Dealt to HubertusB [5c 9h]
malle09: calls $0.05
arestantik13: raises $0.05 to $0.10
xarichi: folds 
chicho198414: folds 
Project2003: calls $0.08
HubertusB: folds 
malle09: calls $0.05
*** FLOP *** [9d Kc 3c]
Project2003: checks 
malle09: checks 
arestantik13: bets $0.15
Project2003: calls $0.15
malle09: folds 
*** TURN *** [9d Kc 3c] [4s]
Project2003: checks 
arestantik13: bets $0.05
Project2003: raises $0.43 to $0.48
arestantik13: folds 
Uncalled bet ($0.43) returned to Project2003
Project2003 collected $0.72 from pot
Project2003: doesn't show hand 
*** SUMMARY ***
Total pot $0.75 | Rake $0.03 
Board [9d Kc 3c 4s]
Seat 1: chicho198414 (button) folded before Flop (didn't bet)
Seat 2: Project2003 (small blind) collected ($0.72)
Seat 3: HubertusB (big blind) folded before Flop
Seat 4: malle09 folded on the Flop
Seat 5: arestantik13 folded on the Turn
Seat 6: xarichi folded before Flop (didn't bet)



PokerStars Zoom Hand #178484364639:  Hold'em No Limit ($0.02/$0.05) - 2017/11/20 22:18:03 CCT [2017/11/20 9:18:03 ET]
Table 'Donati' 6-max Seat #1 is the button
Seat 1: Bossnia007 ($5 in chips) 
Seat 2: HubertusB ($8.11 in chips) 
Seat 3: Kutis33 ($12.99 in chips) 
Seat 4: Sumow ($6.06 in chips) 
Seat 5: felakers ($4.93 in chips) 
Seat 6: vmorgenstein ($5.84 in chips) 
HubertusB: posts small blind $0.02
Kutis33: posts big blind $0.05
*** HOLE CARDS ***
Dealt to HubertusB [Td Kd]
Sumow: folds 
felakers: raises $0.07 to $0.12
vmorgenstein: folds 
Bossnia007: folds 
HubertusB: folds 
Kutis33: folds 
Uncalled bet ($0.07) returned to felakers
felakers collected $0.12 from pot
felakers: doesn't show hand 
*** SUMMARY ***
Total pot $0.12 | Rake $0 
Seat 1: Bossnia007 (button) folded before Flop (didn't bet)
Seat 2: HubertusB (small blind) folded before Flop
Seat 3: Kutis33 (big blind) folded before Flop
Seat 4: Sumow folded before Flop (didn't bet)
Seat 5: felakers collected ($0.12)
Seat 6: vmorgenstein folded before Flop (didn't bet)



PokerStars Zoom Hand #178484373806:  Hold'em No Limit ($0.02/$0.05) - 2017/11/20 22:18:20 CCT [2017/11/20 9:18:20 ET]
Table 'Donati' 6-max Seat #1 is the button
Seat 1: halesc19 ($3.48 in chips) 
Seat 2: luckyjim vd ($6.33 in chips) 
Seat 3: HubertusB ($8.09 in chips) 
Seat 4: nenadhebiv ($6.02 in chips) 
Seat 5: LostMillions ($6.97 in chips) 
Seat 6: SVG7777 ($8.68 in chips) 
luckyjim vd: posts small blind $0.02
HubertusB: posts big blind $0.05
*** HOLE CARDS ***
Dealt to HubertusB [Ad 6c]
nenadhebiv: folds 
LostMillions: folds 
SVG7777: folds 
halesc19: raises $0.05 to $0.10
luckyjim vd: folds 
HubertusB: folds 
Uncalled bet ($0.05) returned to halesc19
halesc19 collected $0.12 from pot
halesc19: doesn't show hand 
*** SUMMARY ***
Total pot $0.12 | Rake $0 
Seat 1: halesc19 (button) collected ($0.12)
Seat 2: luckyjim vd (small blind) folded before Flop
Seat 3: HubertusB (big blind) folded before Flop
Seat 4: nenadhebiv folded before Flop (didn't bet)
Seat 5: LostMillions folded before Flop (didn't bet)
Seat 6: SVG7777 folded before Flop (didn't bet)



PokerStars Zoom Hand #178484381896:  Hold'em No Limit ($0.02/$0.05) - 2017/11/20 22:18:35 CCT [2017/11/20 9:18:35 ET]
Table 'Donati' 6-max Seat #1 is the button
Seat 1: Tiltnesss ($10.25 in chips) 
Seat 2: kidsonik ($5.90 in chips) 
Seat 3: JNissian ($5.11 in chips) 
Seat 4: HubertusB ($8.04 in chips) 
Seat 5: ViktoryFox ($7.76 in chips) 
Seat 6: chester8676 ($5.72 in chips) 
kidsonik: posts small blind $0.02
JNissian: posts big blind $0.05
*** HOLE CARDS ***
Dealt to HubertusB [3d Kc]
HubertusB: folds 
ViktoryFox: raises $0.10 to $0.15
chester8676: folds 
Tiltnesss: calls $0.15
kidsonik: folds 
JNissian: folds 
*** FLOP *** [Ad 6c Ah]
ViktoryFox: bets $0.20
Tiltnesss: folds 
Uncalled bet ($0.20) returned to ViktoryFox
ViktoryFox collected $0.35 from pot
ViktoryFox: doesn't show hand 
*** SUMMARY ***
Total pot $0.37 | Rake $0.02 
Board [Ad 6c Ah]
Seat 1: Tiltnesss (button) folded on the Flop
Seat 2: kidsonik (small blind) folded before Flop
Seat 3: JNissian (big blind) folded before Flop
Seat 4: HubertusB folded before Flop (didn't bet)
Seat 5: ViktoryFox collected ($0.35)
Seat 6: chester8676 folded before Flop (didn't bet)



PokerStars Zoom Hand #178484388059:  Hold'em No Limit ($0.02/$0.05) - 2017/11/20 22:18:46 CCT [2017/11/20 9:18:46 ET]
Table 'Donati' 6-max Seat #1 is the button
Seat 1: walhalla48 ($5 in chips) 
Seat 2: jase28 ($6.46 in chips) 
Seat 3: HubertusB ($8.04 in chips) 
Seat 4: $Denisson71$ ($2.11 in chips) 
Seat 5: Fi$hAndChipz ($5 in chips) 
Seat 6: Zire99 ($5 in chips) 
jase28: posts small blind $0.02
HubertusB: posts big blind $0.05
*** HOLE CARDS ***
Dealt to HubertusB [4c 8c]
$Denisson71$: raises $0.10 to $0.15
Fi$hAndChipz: folds 
Zire99: folds 
walhalla48: folds 
jase28: raises $0.35 to $0.50
HubertusB: folds 
$Denisson71$: raises $1.61 to $2.11 and is all-in
jase28: folds 
Uncalled bet ($1.61) returned to $Denisson71$
$Denisson71$ collected $1.05 from pot
$Denisson71$: doesn't show hand 
*** SUMMARY ***
Total pot $1.05 | Rake $0 
Seat 1: walhalla48 (button) folded before Flop (didn't bet)
Seat 2: jase28 (small blind) folded before Flop
Seat 3: HubertusB (big blind) folded before Flop
Seat 4: $Denisson71$ collected ($1.05)
Seat 5: Fi$hAndChipz folded before Flop (didn't bet)
Seat 6: Zire99 folded before Flop (didn't bet)



PokerStars Zoom Hand #178484384712:  Hold'em No Limit ($0.02/$0.05) - 2017/11/20 22:18:40 CCT [2017/11/20 9:18:40 ET]
Table 'Donati' 6-max Seat #1 is the button
Seat 1: HubertusB ($8.04 in chips) 
Seat 2: Barba Ruim ($5 in chips) 
Seat 3: danjmekeru ($8.25 in chips) 
Seat 4: Alter3g049 ($4.54 in chips) 
Seat 5: MPMTL ($10.92 in chips) 
Seat 6: Thundercub ($5.64 in chips) 
Barba Ruim: posts small blind $0.02
danjmekeru: posts big blind $0.05
*** HOLE CARDS ***
Dealt to HubertusB [5s Td]
Alter3g049: folds 
MPMTL: folds 
Thundercub: folds 
HubertusB: folds 
Barba Ruim: raises $0.10 to $0.15
danjmekeru: folds 
Uncalled bet ($0.10) returned to Barba Ruim
Barba Ruim collected $0.10 from pot
Barba Ruim: doesn't show hand 
*** SUMMARY ***
Total pot $0.10 | Rake $0 
Seat 1: HubertusB (button) folded before Flop (didn't bet)
Seat 2: Barba Ruim (small blind) collected ($0.10)
Seat 3: danjmekeru (big blind) folded before Flop
Seat 4: Alter3g049 folded before Flop (didn't bet)
Seat 5: MPMTL folded before Flop (didn't bet)
Seat 6: Thundercub folded before Flop (didn't bet)



PokerStars Zoom Hand #178484397342:  Hold'em No Limit ($0.02/$0.05) - 2017/11/20 22:19:03 CCT [2017/11/20 9:19:03 ET]
Table 'Donati' 6-max Seat #1 is the button
Seat 1: t1mka09367 ($6.31 in chips) 
Seat 2: HubertusB ($7.99 in chips) 
Seat 3: zikin444 ($10.50 in chips) 
Seat 4: Capwn-06 ($5.18 in chips) 
Seat 5: Wojtanczi ($3.72 in chips) 
Seat 6: Sizing5 ($8.43 in chips) 
HubertusB: posts small blind $0.02
zikin444: posts big blind $0.05
*** HOLE CARDS ***
Dealt to HubertusB [7c Kd]
Capwn-06: folds 
Wojtanczi: folds 
Sizing5: folds 
t1mka09367: raises $0.07 to $0.12
HubertusB: folds 
zikin444: folds 
Uncalled bet ($0.07) returned to t1mka09367
t1mka09367 collected $0.12 from pot
t1mka09367: doesn't show hand 
*** SUMMARY ***
Total pot $0.12 | Rake $0 
Seat 1: t1mka09367 (button) collected ($0.12)
Seat 2: HubertusB (small blind) folded before Flop
Seat 3: zikin444 (big blind) folded before Flop
Seat 4: Capwn-06 folded before Flop (didn't bet)
Seat 5: Wojtanczi folded before Flop (didn't bet)
Seat 6: Sizing5 folded before Flop (didn't bet)



PokerStars Zoom Hand #178484391306:  Hold'em No Limit ($0.02/$0.05) - 2017/11/20 22:18:52 CCT [2017/11/20 9:18:52 ET]
Table 'Donati' 6-max Seat #1 is the button
Seat 1: InFlames86 ($5.68 in chips) 
Seat 2: serega55reg ($5.05 in chips) 
Seat 3: GOGOELEPHANT ($4.70 in chips) 
Seat 4: Rappitt ($5.84 in chips) 
Seat 5: Project2003 ($5.40 in chips) 
Seat 6: HubertusB ($7.99 in chips) 
serega55reg: posts small blind $0.02
GOGOELEPHANT: posts big blind $0.05
*** HOLE CARDS ***
Dealt to HubertusB [Qd 4h]
Rappitt: folds 
Project2003: folds 
HubertusB: folds 
InFlames86: folds 
serega55reg: raises $0.06 to $0.11
GOGOELEPHANT: calls $0.06
*** FLOP *** [8d 6s 9s]
serega55reg: bets $0.11
GOGOELEPHANT: raises $0.19 to $0.30
serega55reg: folds 
Uncalled bet ($0.19) returned to GOGOELEPHANT
GOGOELEPHANT collected $0.42 from pot
GOGOELEPHANT: doesn't show hand 
*** SUMMARY ***
Total pot $0.44 | Rake $0.02 
Board [8d 6s 9s]
Seat 1: InFlames86 (button) folded before Flop (didn't bet)
Seat 2: serega55reg (small blind) folded on the Flop
Seat 3: GOGOELEPHANT (big blind) collected ($0.42)
Seat 4: Rappitt folded before Flop (didn't bet)
Seat 5: Project2003 folded before Flop (didn't bet)
Seat 6: HubertusB folded before Flop (didn't bet)



PokerStars Zoom Hand #178484394531:  Hold'em No Limit ($0.02/$0.05) - 2017/11/20 22:18:58 CCT [2017/11/20 9:18:58 ET]
Table 'Donati' 6-max Seat #1 is the button
Seat 1: HubertusB ($7.99 in chips) 
Seat 2: paradiseg174 ($19.33 in chips) 
Seat 3: Hyena777210 ($5 in chips) 
Seat 4: luckyjim vd ($6.31 in chips) 
Seat 5: lolenkilen ($5.38 in chips) 
Seat 6: genzo510 ($4.47 in chips) 
paradiseg174: posts small blind $0.02
Hyena777210: posts big blind $0.05
*** HOLE CARDS ***
Dealt to HubertusB [4h 2d]
luckyjim vd: folds 
lolenkilen: folds 
genzo510: raises $0.10 to $0.15
HubertusB: folds 
paradiseg174: folds 
Hyena777210: calls $0.10
*** FLOP *** [2c Kd 9c]
Hyena777210: checks 
genzo510: checks 
*** TURN *** [2c Kd 9c] [8s]
Hyena777210: checks 
genzo510: checks 
*** RIVER *** [2c Kd 9c 8s] [4s]
Hyena777210: bets $0.09
genzo510: folds 
Uncalled bet ($0.09) returned to Hyena777210
Hyena777210 collected $0.31 from pot
Hyena777210: doesn't show hand 
*** SUMMARY ***
Total pot $0.32 | Rake $0.01 
Board [2c Kd 9c 8s 4s]
Seat 1: HubertusB (button) folded before Flop (didn't bet)
Seat 2: paradiseg174 (small blind) folded before Flop
Seat 3: Hyena777210 (big blind) collected ($0.31)
Seat 4: luckyjim vd folded before Flop (didn't bet)
Seat 5: lolenkilen folded before Flop (didn't bet)
Seat 6: genzo510 folded on the River



PokerStars Zoom Hand #178484400037:  Hold'em No Limit ($0.02/$0.05) - 2017/11/20 22:19:08 CCT [2017/11/20 9:19:08 ET]
Table 'Donati' 6-max Seat #1 is the button
Seat 1: Fartovi707 ($4.36 in chips) 
Seat 2: InFlames86 ($8.33 in chips) 
Seat 3: NikDream999 ($5.15 in chips) 
Seat 4: nappiperse ($5 in chips) 
Seat 5: HubertusB ($7.97 in chips) 
Seat 6: TENEBRIS 666 ($1.82 in chips) 
InFlames86: posts small blind $0.02
NikDream999: posts big blind $0.05
*** HOLE CARDS ***
Dealt to HubertusB [Qd Jd]
nappiperse: raises $0.10 to $0.15
HubertusB: calls $0.15
TENEBRIS 666: calls $0.15
Fartovi707: folds 
InFlames86: folds 
NikDream999: folds 
*** FLOP *** [Qc 2s 6s]
nappiperse: bets $0.50
HubertusB: calls $0.50
TENEBRIS 666: folds 
*** TURN *** [Qc 2s 6s] [Ad]
nappiperse: bets $1.46
HubertusB: folds 
Uncalled bet ($1.46) returned to nappiperse
nappiperse collected $1.46 from pot
nappiperse: doesn't show hand 
*** SUMMARY ***
Total pot $1.52 | Rake $0.06 
Board [Qc 2s 6s Ad]
Seat 1: Fartovi707 (button) folded before Flop (didn't bet)
Seat 2: InFlames86 (small blind) folded before Flop
Seat 3: NikDream999 (big blind) folded before Flop
Seat 4: nappiperse collected ($1.46)
Seat 5: HubertusB folded on the Turn
Seat 6: TENEBRIS 666 folded on the Flop



PokerStars Zoom Hand #178484425844:  Hold'em No Limit ($0.02/$0.05) - 2017/11/20 22:19:55 CCT [2017/11/20 9:19:55 ET]
Table 'Donati' 6-max Seat #1 is the button
Seat 1: kimai_pks ($5.31 in chips) 
Seat 2: timon901901 ($5.59 in chips) 
Seat 3: Azanvic ($5.55 in chips) 
Seat 4: ananoliiy ($7.62 in chips) 
Seat 5: HubertusB ($7.32 in chips) 
Seat 6: b72rus ($5 in chips) 
timon901901: posts small blind $0.02
Azanvic: posts big blind $0.05
*** HOLE CARDS ***
Dealt to HubertusB [Ad 9c]
ananoliiy: folds 
HubertusB: folds 
b72rus: folds 
kimai_pks: raises $0.10 to $0.15
timon901901: folds 
Azanvic: folds 
Uncalled bet ($0.10) returned to kimai_pks
kimai_pks collected $0.12 from pot
kimai_pks: doesn't show hand 
*** SUMMARY ***
Total pot $0.12 | Rake $0 
Seat 1: kimai_pks (button) collected ($0.12)
Seat 2: timon901901 (small blind) folded before Flop
Seat 3: Azanvic (big blind) folded before Flop
Seat 4: ananoliiy folded before Flop (didn't bet)
Seat 5: HubertusB folded before Flop (didn't bet)
Seat 6: b72rus folded before Flop (didn't bet)



PokerStars Zoom Hand #178484429118:  Hold'em No Limit ($0.02/$0.05) - 2017/11/20 22:20:01 CCT [2017/11/20 9:20:01 ET]
Table 'Donati' 6-max Seat #1 is the button
Seat 1: RiSk.Fortune ($5 in chips) 
Seat 2: StealSteeler ($9.15 in chips) 
Seat 3: serega55reg ($10.53 in chips) 
Seat 4: VoSKeSeNSK ($6.63 in chips) 
Seat 5: vmorgenstein ($5.79 in chips) 
Seat 6: HubertusB ($7.32 in chips) 
StealSteeler: posts small blind $0.02
serega55reg: posts big blind $0.05
*** HOLE CARDS ***
Dealt to HubertusB [Js 5d]
VoSKeSeNSK: folds 
vmorgenstein: folds 
HubertusB: folds 
RiSk.Fortune: folds 
StealSteeler: folds 
Uncalled bet ($0.03) returned to serega55reg
serega55reg collected $0.04 from pot
serega55reg: doesn't show hand 
*** SUMMARY ***
Total pot $0.04 | Rake $0 
Seat 1: RiSk.Fortune (button) folded before Flop (didn't bet)
Seat 2: StealSteeler (small blind) folded before Flop
Seat 3: serega55reg (big blind) collected ($0.04)
Seat 4: VoSKeSeNSK folded before Flop (didn't bet)
Seat 5: vmorgenstein folded before Flop (didn't bet)
Seat 6: HubertusB folded before Flop (didn't bet)



PokerStars Zoom Hand #178484434563:  Hold'em No Limit ($0.02/$0.05) - 2017/11/20 22:20:11 CCT [2017/11/20 9:20:11 ET]
Table 'Donati' 6-max Seat #1 is the button
Seat 1: b72rus ($6.14 in chips) 
Seat 2: lolenkilen ($8.66 in chips) 
Seat 3: HubertusB ($7.32 in chips) 
Seat 4: fcj12 ($5.60 in chips) 
Seat 5: JCG22222 ($5.52 in chips) 
Seat 6: ELVNET ($5.29 in chips) 
lolenkilen: posts small blind $0.02
HubertusB: posts big blind $0.05
*** HOLE CARDS ***
Dealt to HubertusB [3d As]
fcj12: folds 
JCG22222: folds 
ELVNET: folds 
b72rus: folds 
lolenkilen: folds 
Uncalled bet ($0.03) returned to HubertusB
HubertusB collected $0.04 from pot
HubertusB: doesn't show hand 
*** SUMMARY ***
Total pot $0.04 | Rake $0 
Seat 1: b72rus (button) folded before Flop (didn't bet)
Seat 2: lolenkilen (small blind) folded before Flop
Seat 3: HubertusB (big blind) collected ($0.04)
Seat 4: fcj12 folded before Flop (didn't bet)
Seat 5: JCG22222 folded before Flop (didn't bet)
Seat 6: ELVNET folded before Flop (didn't bet)



PokerStars Zoom Hand #178484449027:  Hold'em No Limit ($0.02/$0.05) - 2017/11/20 22:20:38 CCT [2017/11/20 9:20:38 ET]
Table 'Donati' 6-max Seat #1 is the button
Seat 1: pi-hikaru ($5.54 in chips) 
Seat 2: Fred Chopper ($5.57 in chips) 
Seat 3: AntonLenkov ($5 in chips) 
Seat 4: ELVNET ($5.53 in chips) 
Seat 5: C3TN1K ($4.71 in chips) 
Seat 6: HubertusB ($7.34 in chips) 
Fred Chopper: posts small blind $0.02
AntonLenkov: posts big blind $0.05
*** HOLE CARDS ***
Dealt to HubertusB [5d 3s]
ELVNET: folds 
C3TN1K: folds 
HubertusB: folds 
pi-hikaru: folds 
Fred Chopper: folds 
Uncalled bet ($0.03) returned to AntonLenkov
AntonLenkov collected $0.04 from pot
AntonLenkov: doesn't show hand 
*** SUMMARY ***
Total pot $0.04 | Rake $0 
Seat 1: pi-hikaru (button) folded before Flop (didn't bet)
Seat 2: Fred Chopper (small blind) folded before Flop
Seat 3: AntonLenkov (big blind) collected ($0.04)
Seat 4: ELVNET folded before Flop (didn't bet)
Seat 5: C3TN1K folded before Flop (didn't bet)
Seat 6: HubertusB folded before Flop (didn't bet)



PokerStars Zoom Hand #178484452253:  Hold'em No Limit ($0.02/$0.05) - 2017/11/20 22:20:44 CCT [2017/11/20 9:20:44 ET]
Table 'Donati' 6-max Seat #1 is the button
Seat 1: mokeketaro ($5 in chips) 
Seat 2: HubertusB ($7.34 in chips) 
Seat 3: Thundercub ($5.31 in chips) 
Seat 4: x8e3yn4ik ($4.96 in chips) 
Seat 5: timatimatip ($4.93 in chips) 
Seat 6: folydr ($10.01 in chips) 
HubertusB: posts small blind $0.02
Thundercub: posts big blind $0.05
*** HOLE CARDS ***
Dealt to HubertusB [Ah 2d]
x8e3yn4ik: folds 
timatimatip: folds 
folydr: folds 
mokeketaro: folds 
HubertusB: folds 
Uncalled bet ($0.03) returned to Thundercub
Thundercub collected $0.04 from pot
Thundercub: doesn't show hand 
*** SUMMARY ***
Total pot $0.04 | Rake $0 
Seat 1: mokeketaro (button) folded before Flop (didn't bet)
Seat 2: HubertusB (small blind) folded before Flop
Seat 3: Thundercub (big blind) collected ($0.04)
Seat 4: x8e3yn4ik folded before Flop (didn't bet)
Seat 5: timatimatip folded before Flop (didn't bet)
Seat 6: folydr folded before Flop (didn't bet)



PokerStars Zoom Hand #178484445806:  Hold'em No Limit ($0.02/$0.05) - 2017/11/20 22:20:32 CCT [2017/11/20 9:20:32 ET]
Table 'Donati' 6-max Seat #1 is the button
Seat 1: ALazarev157 ($6.02 in chips) 
Seat 2: xGzusS ($5.21 in chips) 
Seat 3: 3iourou ($5.50 in chips) 
Seat 4: HubertusB ($7.34 in chips) 
Seat 5: Azanvic ($5.17 in chips) 
Seat 6: Sizing5 ($5.42 in chips) 
xGzusS: posts small blind $0.02
3iourou: posts big blind $0.05
*** HOLE CARDS ***
Dealt to HubertusB [7h Kd]
HubertusB: folds 
Azanvic: folds 
Sizing5: raises $0.10 to $0.15
ALazarev157: folds 
xGzusS: folds 
3iourou: folds 
Uncalled bet ($0.10) returned to Sizing5
Sizing5 collected $0.12 from pot
Sizing5: doesn't show hand 
*** SUMMARY ***
Total pot $0.12 | Rake $0 
Seat 1: ALazarev157 (button) folded before Flop (didn't bet)
Seat 2: xGzusS (small blind) folded before Flop
Seat 3: 3iourou (big blind) folded before Flop
Seat 4: HubertusB folded before Flop (didn't bet)
Seat 5: Azanvic folded before Flop (didn't bet)
Seat 6: Sizing5 collected ($0.12)



PokerStars Zoom Hand #178484460842:  Hold'em No Limit ($0.02/$0.05) - 2017/11/20 22:21:00 CCT [2017/11/20 9:21:00 ET]
Table 'Donati' 6-max Seat #1 is the button
Seat 1: HubertusB ($7.27 in chips) 
Seat 2: Galaktika74 ($8.26 in chips) 
Seat 3: xxxdaro ($10.60 in chips) 
Seat 4: Gregory.M23 ($5.20 in chips) 
Seat 5: nenadhebiv ($5.71 in chips) 
Seat 6: serhio77 ($7.07 in chips) 
Galaktika74: posts small blind $0.02
xxxdaro: posts big blind $0.05
*** HOLE CARDS ***
Dealt to HubertusB [Qc Kh]
Gregory.M23: folds 
nenadhebiv: folds 
serhio77: folds 
HubertusB: raises $0.06 to $0.11
Galaktika74: folds 
xxxdaro: folds 
Uncalled bet ($0.06) returned to HubertusB
HubertusB collected $0.12 from pot
HubertusB: doesn't show hand 
*** SUMMARY ***
Total pot $0.12 | Rake $0 
Seat 1: HubertusB (button) collected ($0.12)
Seat 2: Galaktika74 (small blind) folded before Flop
Seat 3: xxxdaro (big blind) folded before Flop
Seat 4: Gregory.M23 folded before Flop (didn't bet)
Seat 5: nenadhebiv folded before Flop (didn't bet)
Seat 6: serhio77 folded before Flop (didn't bet)



PokerStars Zoom Hand #178484456042:  Hold'em No Limit ($0.02/$0.05) - 2017/11/20 22:20:51 CCT [2017/11/20 9:20:51 ET]
Table 'Donati' 6-max Seat #1 is the button
Seat 1: InFlames86 ($10.69 in chips) 
Seat 2: Kutis33 ($5.02 in chips) 
Seat 3: HubertusB ($7.32 in chips) 
Seat 4: vmorgenstein ($5.79 in chips) 
Seat 5: LostMillions ($6.59 in chips) 
Seat 6: kuansheng ($5 in chips) 
Kutis33: posts small blind $0.02
HubertusB: posts big blind $0.05
*** HOLE CARDS ***
Dealt to HubertusB [Js 5d]
vmorgenstein: folds 
LostMillions: folds 
kuansheng: raises $0.10 to $0.15
InFlames86: raises $0.30 to $0.45
Kutis33: folds 
HubertusB: folds 
kuansheng: raises $0.65 to $1.10
InFlames86: folds 
Uncalled bet ($0.65) returned to kuansheng
kuansheng collected $0.97 from pot
kuansheng: doesn't show hand 
*** SUMMARY ***
Total pot $0.97 | Rake $0 
Seat 1: InFlames86 (button) folded before Flop
Seat 2: Kutis33 (small blind) folded before Flop
Seat 3: HubertusB (big blind) folded before Flop
Seat 4: vmorgenstein folded before Flop (didn't bet)
Seat 5: LostMillions folded before Flop (didn't bet)
Seat 6: kuansheng collected ($0.97)



PokerStars Zoom Hand #178484468000:  Hold'em No Limit ($0.02/$0.05) - 2017/11/20 22:21:13 CCT [2017/11/20 9:21:13 ET]
Table 'Donati' 6-max Seat #1 is the button
Seat 1: GGxCrAzYxGER ($4.51 in chips) 
Seat 2: kaesspo ($7.70 in chips) 
Seat 3: Hyena777210 ($5.36 in chips) 
Seat 4: bubugsy ($5.24 in chips) 
Seat 5: HubertusB ($7.34 in chips) 
Seat 6: MrBigFish001 ($5 in chips) 
kaesspo: posts small blind $0.02
Hyena777210: posts big blind $0.05
*** HOLE CARDS ***
Dealt to HubertusB [Ks Qs]
bubugsy: raises $0.10 to $0.15
HubertusB: calls $0.15
MrBigFish001: folds 
GGxCrAzYxGER: calls $0.15
kaesspo: folds 
Hyena777210: folds 
*** FLOP *** [Jh 2s 5d]
bubugsy: checks 
HubertusB: bets $0.28
GGxCrAzYxGER: calls $0.28
bubugsy: folds 
*** TURN *** [Jh 2s 5d] [Ah]
HubertusB: bets $0.65
GGxCrAzYxGER: calls $0.65
*** RIVER *** [Jh 2s 5d Ah] [8d]
HubertusB: checks 
GGxCrAzYxGER: bets $3.43 and is all-in
HubertusB: folds 
Uncalled bet ($3.43) returned to GGxCrAzYxGER
GGxCrAzYxGER collected $2.28 from pot
GGxCrAzYxGER: doesn't show hand 
*** SUMMARY ***
Total pot $2.38 | Rake $0.10 
Board [Jh 2s 5d Ah 8d]
Seat 1: GGxCrAzYxGER (button) collected ($2.28)
Seat 2: kaesspo (small blind) folded before Flop
Seat 3: Hyena777210 (big blind) folded before Flop
Seat 4: bubugsy folded on the Flop
Seat 5: HubertusB folded on the River
Seat 6: MrBigFish001 folded before Flop (didn't bet)



PokerStars Zoom Hand #178484500937:  Hold'em No Limit ($0.02/$0.05) - 2017/11/20 22:22:14 CCT [2017/11/20 9:22:14 ET]
Table 'Donati' 6-max Seat #1 is the button
Seat 1: Ziro56 ($4.12 in chips) 
Seat 2: HubertusB ($6.26 in chips) 
Seat 3: felakers ($12.78 in chips) 
Seat 4: $Denisson71$ ($3.41 in chips) 
Seat 5: Kutis33 ($14.20 in chips) 
Seat 6: vmorgenstein ($5.29 in chips) 
HubertusB: posts small blind $0.02
felakers: posts big blind $0.05
*** HOLE CARDS ***
Dealt to HubertusB [2d 4h]
$Denisson71$: folds 
Kutis33: folds 
vmorgenstein: folds 
Ziro56: folds 
HubertusB: folds 
Uncalled bet ($0.03) returned to felakers
felakers collected $0.04 from pot
felakers: doesn't show hand 
*** SUMMARY ***
Total pot $0.04 | Rake $0 
Seat 1: Ziro56 (button) folded before Flop (didn't bet)
Seat 2: HubertusB (small blind) folded before Flop
Seat 3: felakers (big blind) collected ($0.04)
Seat 4: $Denisson71$ folded before Flop (didn't bet)
Seat 5: Kutis33 folded before Flop (didn't bet)
Seat 6: vmorgenstein folded before Flop (didn't bet)



PokerStars Zoom Hand #178484504125:  Hold'em No Limit ($0.02/$0.05) - 2017/11/20 22:22:20 CCT [2017/11/20 9:22:20 ET]
Table 'Donati' 6-max Seat #1 is the button
Seat 1: 3iourou ($5.60 in chips) 
Seat 2: blueLOLsky ($5.13 in chips) 
Seat 3: b72rus ($5.51 in chips) 
Seat 4: thesasho ($4.69 in chips) 
Seat 5: HubertusB ($6.24 in chips) 
Seat 6: Carlostibu94 ($6.59 in chips) 
blueLOLsky: posts small blind $0.02
b72rus: posts big blind $0.05
*** HOLE CARDS ***
Dealt to HubertusB [7d 4c]
thesasho: folds 
HubertusB: folds 
Carlostibu94: raises $0.10 to $0.15
3iourou: folds 
blueLOLsky: folds 
b72rus: folds 
Uncalled bet ($0.10) returned to Carlostibu94
Carlostibu94 collected $0.12 from pot
Carlostibu94: doesn't show hand 
*** SUMMARY ***
Total pot $0.12 | Rake $0 
Seat 1: 3iourou (button) folded before Flop (didn't bet)
Seat 2: blueLOLsky (small blind) folded before Flop
Seat 3: b72rus (big blind) folded before Flop
Seat 4: thesasho folded before Flop (didn't bet)
Seat 5: HubertusB folded before Flop (didn't bet)
Seat 6: Carlostibu94 collected ($0.12)



PokerStars Zoom Hand #178484508000:  Hold'em No Limit ($0.02/$0.05) - 2017/11/20 22:22:27 CCT [2017/11/20 9:22:27 ET]
Table 'Donati' 6-max Seat #1 is the button
Seat 1: HubertusB ($6.24 in chips) 
Seat 2: Kotaes ($21.86 in chips) 
Seat 3: Kutis33 ($5 in chips) 
Seat 4: Svirepun ($5 in chips) 
Seat 5: fmo01 ($5.60 in chips) 
Seat 6: MPMTL ($11.58 in chips) 
Kotaes: posts small blind $0.02
Kutis33: posts big blind $0.05
*** HOLE CARDS ***
Dealt to HubertusB [Ac Qh]
Svirepun: folds 
fmo01: raises $0.10 to $0.15
MPMTL: folds 
HubertusB: calls $0.15
Kotaes: calls $0.13
Kutis33: folds 
*** FLOP *** [6s Td 3c]
Kotaes: checks 
fmo01: bets $0.32
HubertusB: folds 
Kotaes: calls $0.32
*** TURN *** [6s Td 3c] [2s]
Kotaes: checks 
fmo01: checks 
*** RIVER *** [6s Td 3c 2s] [Jc]
Kotaes: bets $0.70
fmo01: calls $0.70
*** SHOW DOWN ***
Kotaes: shows [9h 9c] (a pair of Nines)
fmo01: shows [Ah Tc] (a pair of Tens)
fmo01 collected $2.43 from pot
*** SUMMARY ***
Total pot $2.54 | Rake $0.11 
Board [6s Td 3c 2s Jc]
Seat 1: HubertusB (button) folded on the Flop
Seat 2: Kotaes (small blind) showed [9h 9c] and lost with a pair of Nines
Seat 3: Kutis33 (big blind) folded before Flop
Seat 4: Svirepun folded before Flop (didn't bet)
Seat 5: fmo01 showed [Ah Tc] and won ($2.43) with a pair of Tens
Seat 6: MPMTL folded before Flop (didn't bet)



PokerStars Zoom Hand #178484535181:  Hold'em No Limit ($0.02/$0.05) - 2017/11/20 22:23:17 CCT [2017/11/20 9:23:17 ET]
Table 'Donati' 6-max Seat #1 is the button
Seat 1: penseur100 ($5 in chips) 
Seat 2: wernin87 ($7.26 in chips) 
Seat 3: HubertusB ($6.09 in chips) 
Seat 4: Dreinnn ($8.67 in chips) 
Seat 5: artemka2508 ($5.37 in chips) 
Seat 6: MalCriado47 ($8.39 in chips) 
wernin87: posts small blind $0.02
HubertusB: posts big blind $0.05
*** HOLE CARDS ***
Dealt to HubertusB [5s 3h]
Dreinnn: folds 
artemka2508: folds 
MalCriado47: raises $0.10 to $0.15
penseur100: folds 
wernin87: folds 
HubertusB: folds 
Uncalled bet ($0.10) returned to MalCriado47
MalCriado47 collected $0.12 from pot
MalCriado47: doesn't show hand 
*** SUMMARY ***
Total pot $0.12 | Rake $0 
Seat 1: penseur100 (button) folded before Flop (didn't bet)
Seat 2: wernin87 (small blind) folded before Flop
Seat 3: HubertusB (big blind) folded before Flop
Seat 4: Dreinnn folded before Flop (didn't bet)
Seat 5: artemka2508 folded before Flop (didn't bet)
Seat 6: MalCriado47 collected ($0.12)



PokerStars Zoom Hand #178484529266:  Hold'em No Limit ($0.02/$0.05) - 2017/11/20 22:23:06 CCT [2017/11/20 9:23:06 ET]
Table 'Donati' 6-max Seat #1 is the button
Seat 1: Bossnia007 ($5 in chips) 
Seat 2: Hyena777210 ($5.12 in chips) 
Seat 3: kensho25 ($4.45 in chips) 
Seat 4: HubertusB ($6.09 in chips) 
Seat 5: Blita53 ($5.57 in chips) 
Seat 6: lfunabashi ($4.44 in chips) 
Hyena777210: posts small blind $0.02
kensho25: posts big blind $0.05
*** HOLE CARDS ***
Dealt to HubertusB [6d Th]
HubertusB: folds 
Blita53: folds 
lfunabashi: folds 
Bossnia007: folds 
Hyena777210: raises $0.10 to $0.15
kensho25: calls $0.10
*** FLOP *** [Ac Ad Qs]
Hyena777210: bets $0.09
kensho25: calls $0.09
*** TURN *** [Ac Ad Qs] [5s]
Hyena777210: checks 
kensho25: bets $0.15
Hyena777210: folds 
Uncalled bet ($0.15) returned to kensho25
kensho25 collected $0.46 from pot
kensho25: doesn't show hand 
*** SUMMARY ***
Total pot $0.48 | Rake $0.02 
Board [Ac Ad Qs 5s]
Seat 1: Bossnia007 (button) folded before Flop (didn't bet)
Seat 2: Hyena777210 (small blind) folded on the Turn
Seat 3: kensho25 (big blind) collected ($0.46)
Seat 4: HubertusB folded before Flop (didn't bet)
Seat 5: Blita53 folded before Flop (didn't bet)
Seat 6: lfunabashi folded before Flop (didn't bet)



PokerStars Zoom Hand #178484542706:  Hold'em No Limit ($0.02/$0.05) - 2017/11/20 22:23:31 CCT [2017/11/20 9:23:31 ET]
Table 'Donati' 6-max Seat #1 is the button
Seat 1: sw11223 ($4.46 in chips) 
Seat 2: RiSk.Fortune ($5.66 in chips) 
Seat 3: Noen ($14.84 in chips) 
Seat 4: stray cat84 ($5.29 in chips) 
Seat 5: C3TN1K ($4.04 in chips) 
Seat 6: HubertusB ($6.04 in chips) 
RiSk.Fortune: posts small blind $0.02
Noen: posts big blind $0.05
*** HOLE CARDS ***
Dealt to HubertusB [8h Kd]
stray cat84: folds 
C3TN1K: folds 
HubertusB: folds 
sw11223: folds 
RiSk.Fortune: folds 
Uncalled bet ($0.03) returned to Noen
Noen collected $0.04 from pot
Noen: doesn't show hand 
*** SUMMARY ***
Total pot $0.04 | Rake $0 
Seat 1: sw11223 (button) folded before Flop (didn't bet)
Seat 2: RiSk.Fortune (small blind) folded before Flop
Seat 3: Noen (big blind) collected ($0.04)
Seat 4: stray cat84 folded before Flop (didn't bet)
Seat 5: C3TN1K folded before Flop (didn't bet)
Seat 6: HubertusB folded before Flop (didn't bet)



PokerStars Zoom Hand #178484523651:  Hold'em No Limit ($0.02/$0.05) - 2017/11/20 22:22:56 CCT [2017/11/20 9:22:56 ET]
Table 'Donati' 6-max Seat #1 is the button
Seat 1: walhalla48 ($5.64 in chips) 
Seat 2: kuansheng ($5.30 in chips) 
Seat 3: Bonch241 ($9.37 in chips) 
Seat 4: MrBigFish001 ($5 in chips) 
Seat 5: Spunder ($2.45 in chips) 
Seat 6: HubertusB ($6.09 in chips) 
kuansheng: posts small blind $0.02
Bonch241: posts big blind $0.05
*** HOLE CARDS ***
Dealt to HubertusB [5h 8h]
MrBigFish001: folds 
Spunder: raises $0.05 to $0.10
HubertusB: folds 
walhalla48: folds 
kuansheng: folds 
Bonch241: raises $0.30 to $0.40
Spunder: calls $0.30
*** FLOP *** [Jc 2s 6s]
Bonch241: bets $0.50
Spunder: folds 
Uncalled bet ($0.50) returned to Bonch241
Bonch241 collected $0.79 from pot
Bonch241: doesn't show hand 
*** SUMMARY ***
Total pot $0.82 | Rake $0.03 
Board [Jc 2s 6s]
Seat 1: walhalla48 (button) folded before Flop (didn't bet)
Seat 2: kuansheng (small blind) folded before Flop
Seat 3: Bonch241 (big blind) collected ($0.79)
Seat 4: MrBigFish001 folded before Flop (didn't bet)
Seat 5: Spunder folded on the Flop
Seat 6: HubertusB folded before Flop (didn't bet)



PokerStars Zoom Hand #178484546066:  Hold'em No Limit ($0.02/$0.05) - 2017/11/20 22:23:37 CCT [2017/11/20 9:23:37 ET]
Table 'Donati' 6-max Seat #1 is the button
Seat 1: jase28 ($6.55 in chips) 
Seat 2: HubertusB ($6.04 in chips) 
Seat 3: ananoliiy ($10.50 in chips) 
Seat 4: b72rus ($5.39 in chips) 
Seat 5: Fi$hAndChipz ($11.72 in chips) 
Seat 6: X.MatuS ($5 in chips) 
HubertusB: posts small blind $0.02
ananoliiy: posts big blind $0.05
*** HOLE CARDS ***
Dealt to HubertusB [Ac 5d]
b72rus: folds 
Fi$hAndChipz: folds 
X.MatuS: folds 
jase28: folds 
HubertusB: folds 
Uncalled bet ($0.03) returned to ananoliiy
ananoliiy collected $0.04 from pot
ananoliiy: doesn't show hand 
*** SUMMARY ***
Total pot $0.04 | Rake $0 
Seat 1: jase28 (button) folded before Flop (didn't bet)
Seat 2: HubertusB (small blind) folded before Flop
Seat 3: ananoliiy (big blind) collected ($0.04)
Seat 4: b72rus folded before Flop (didn't bet)
Seat 5: Fi$hAndChipz folded before Flop (didn't bet)
Seat 6: X.MatuS folded before Flop (didn't bet)



PokerStars Zoom Hand #178484532442:  Hold'em No Limit ($0.02/$0.05) - 2017/11/20 22:23:12 CCT [2017/11/20 9:23:12 ET]
Table 'Donati' 6-max Seat #1 is the button
Seat 1: AntonLenkov ($9.73 in chips) 
Seat 2: Card_Sharp78 ($5.19 in chips) 
Seat 3: pi-hikaru ($5.59 in chips) 
Seat 4: HubertusB ($6.09 in chips) 
Seat 5: bubugsy ($5.09 in chips) 
Seat 6: MrBigFish001 ($5.13 in chips) 
Card_Sharp78: posts small blind $0.02
pi-hikaru: posts big blind $0.05
*** HOLE CARDS ***
Dealt to HubertusB [7c Qd]
HubertusB: folds 
bubugsy: raises $0.10 to $0.15
MrBigFish001: folds 
AntonLenkov: raises $0.30 to $0.45
Card_Sharp78: folds 
pi-hikaru: folds 
bubugsy: calls $0.30
*** FLOP *** [5s Kc 5h]
bubugsy: checks 
AntonLenkov: checks 
*** TURN *** [5s Kc 5h] [2s]
bubugsy: checks 
AntonLenkov: bets $0.50
bubugsy: folds 
Uncalled bet ($0.50) returned to AntonLenkov
AntonLenkov collected $0.93 from pot
AntonLenkov: doesn't show hand 
*** SUMMARY ***
Total pot $0.97 | Rake $0.04 
Board [5s Kc 5h 2s]
Seat 1: AntonLenkov (button) collected ($0.93)
Seat 2: Card_Sharp78 (small blind) folded before Flop
Seat 3: pi-hikaru (big blind) folded before Flop
Seat 4: HubertusB folded before Flop (didn't bet)
Seat 5: bubugsy folded on the Turn
Seat 6: MrBigFish001 folded before Flop (didn't bet)



PokerStars Zoom Hand #178484553645:  Hold'em No Limit ($0.02/$0.05) - 2017/11/20 22:23:51 CCT [2017/11/20 9:23:51 ET]
Table 'Donati' 6-max Seat #1 is the button
Seat 1: Kotaes ($20.62 in chips) 
Seat 2: nervss ($13.52 in chips) 
Seat 3: A.Kavetskyi ($5.16 in chips) 
Seat 4: HubertusB ($6.02 in chips) 
Seat 5: Felix UA777 ($5 in chips) 
Seat 6: sQud_AK ($6.34 in chips) 
nervss: posts small blind $0.02
A.Kavetskyi: posts big blind $0.05
*** HOLE CARDS ***
Dealt to HubertusB [2c 3s]
HubertusB: folds 
Felix UA777: folds 
sQud_AK: folds 
Kotaes: folds 
nervss: folds 
Uncalled bet ($0.03) returned to A.Kavetskyi
A.Kavetskyi collected $0.04 from pot
A.Kavetskyi: doesn't show hand 
*** SUMMARY ***
Total pot $0.04 | Rake $0 
Seat 1: Kotaes (button) folded before Flop (didn't bet)
Seat 2: nervss (small blind) folded before Flop
Seat 3: A.Kavetskyi (big blind) collected ($0.04)
Seat 4: HubertusB folded before Flop (didn't bet)
Seat 5: Felix UA777 folded before Flop (didn't bet)
Seat 6: sQud_AK folded before Flop (didn't bet)



PokerStars Zoom Hand #178484549284:  Hold'em No Limit ($0.02/$0.05) - 2017/11/20 22:23:43 CCT [2017/11/20 9:23:43 ET]
Table 'Donati' 6-max Seat #1 is the button
Seat 1: HubertusB ($6.02 in chips) 
Seat 2: jase28 ($6.55 in chips) 
Seat 3: sw11223 ($4.44 in chips) 
Seat 4: Hyena777210 ($9.60 in chips) 
Seat 5: McFischer87 ($6.50 in chips) 
Seat 6: walhalla48 ($6.43 in chips) 
jase28: posts small blind $0.02
sw11223: posts big blind $0.05
*** HOLE CARDS ***
Dealt to HubertusB [Qd 9d]
Hyena777210: folds 
McFischer87: folds 
walhalla48: raises $0.10 to $0.15
HubertusB: folds 
jase28: folds 
sw11223: folds 
Uncalled bet ($0.10) returned to walhalla48
walhalla48 collected $0.12 from pot
walhalla48: doesn't show hand 
*** SUMMARY ***
Total pot $0.12 | Rake $0 
Seat 1: HubertusB (button) folded before Flop (didn't bet)
Seat 2: jase28 (small blind) folded before Flop
Seat 3: sw11223 (big blind) folded before Flop
Seat 4: Hyena777210 folded before Flop (didn't bet)
Seat 5: McFischer87 folded before Flop (didn't bet)
Seat 6: walhalla48 collected ($0.12)



PokerStars Zoom Hand #178484556313:  Hold'em No Limit ($0.02/$0.05) - 2017/11/20 22:23:56 CCT [2017/11/20 9:23:56 ET]
Table 'Donati' 6-max Seat #1 is the button
Seat 1: nervss ($13.14 in chips) 
Seat 2: Guf70rus ($2.39 in chips) 
Seat 3: pi-hikaru ($5.52 in chips) 
Seat 4: kirtsy244 ($5.27 in chips) 
Seat 5: dark h0r$e ($5 in chips) 
Seat 6: HubertusB ($6.02 in chips) 
Guf70rus: posts small blind $0.02
pi-hikaru: posts big blind $0.05
*** HOLE CARDS ***
Dealt to HubertusB [6c 4d]
kirtsy244: folds 
dark h0r$e: folds 
HubertusB: folds 
nervss: folds 
Guf70rus: folds 
Uncalled bet ($0.03) returned to pi-hikaru
pi-hikaru collected $0.04 from pot
pi-hikaru: doesn't show hand 
*** SUMMARY ***
Total pot $0.04 | Rake $0 
Seat 1: nervss (button) folded before Flop (didn't bet)
Seat 2: Guf70rus (small blind) folded before Flop
Seat 3: pi-hikaru (big blind) collected ($0.04)
Seat 4: kirtsy244 folded before Flop (didn't bet)
Seat 5: dark h0r$e folded before Flop (didn't bet)
Seat 6: HubertusB folded before Flop (didn't bet)



PokerStars Zoom Hand #178484559633:  Hold'em No Limit ($0.02/$0.05) - 2017/11/20 22:24:02 CCT [2017/11/20 9:24:02 ET]
Table 'Donati' 6-max Seat #1 is the button
Seat 1: dark h0r$e ($5 in chips) 
Seat 2: Barba Ruim ($5.07 in chips) 
Seat 3: HubertusB ($6.02 in chips) 
Seat 4: ELVNET ($5 in chips) 
Seat 5: Nurik1111 ($4.44 in chips) 
Seat 6: b72rus ($5 in chips) 
Barba Ruim: posts small blind $0.02
HubertusB: posts big blind $0.05
*** HOLE CARDS ***
Dealt to HubertusB [Ts 8c]
ELVNET: folds 
Nurik1111: raises $0.10 to $0.15
b72rus: folds 
dark h0r$e: folds 
Barba Ruim: folds 
HubertusB: folds 
Uncalled bet ($0.10) returned to Nurik1111
Nurik1111 collected $0.12 from pot
Nurik1111: doesn't show hand 
*** SUMMARY ***
Total pot $0.12 | Rake $0 
Seat 1: dark h0r$e (button) folded before Flop (didn't bet)
Seat 2: Barba Ruim (small blind) folded before Flop
Seat 3: HubertusB (big blind) folded before Flop
Seat 4: ELVNET folded before Flop (didn't bet)
Seat 5: Nurik1111 collected ($0.12)
Seat 6: b72rus folded before Flop (didn't bet)



PokerStars Zoom Hand #178484566751:  Hold'em No Limit ($0.02/$0.05) - 2017/11/20 22:24:15 CCT [2017/11/20 9:24:15 ET]
Table 'Donati' 6-max Seat #1 is the button
Seat 1: kiitek ($11.20 in chips) 
Seat 2: ananoliiy ($7.65 in chips) 
Seat 3: Leverage21 ($7.45 in chips) 
Seat 4: cobzon35 ($4.71 in chips) 
Seat 5: HubertusB ($5.97 in chips) 
Seat 6: Cäse27 ($12.72 in chips) 
ananoliiy: posts small blind $0.02
Leverage21: posts big blind $0.05
*** HOLE CARDS ***
Dealt to HubertusB [6c Qh]
cobzon35: folds 
HubertusB: folds 
Cäse27: folds 
kiitek: folds 
ananoliiy: raises $0.10 to $0.15
Leverage21: folds 
Uncalled bet ($0.10) returned to ananoliiy
ananoliiy collected $0.10 from pot
ananoliiy: doesn't show hand 
*** SUMMARY ***
Total pot $0.10 | Rake $0 
Seat 1: kiitek (button) folded before Flop (didn't bet)
Seat 2: ananoliiy (small blind) collected ($0.10)
Seat 3: Leverage21 (big blind) folded before Flop
Seat 4: cobzon35 folded before Flop (didn't bet)
Seat 5: HubertusB folded before Flop (didn't bet)
Seat 6: Cäse27 folded before Flop (didn't bet)



PokerStars Zoom Hand #178484570037:  Hold'em No Limit ($0.02/$0.05) - 2017/11/20 22:24:21 CCT [2017/11/20 9:24:21 ET]
Table 'Donati' 6-max Seat #1 is the button
Seat 1: Rappitt ($5.80 in chips) 
Seat 2: VoSKeSeNSK ($5.74 in chips) 
Seat 3: stray cat84 ($5 in chips) 
Seat 4: HubertusB ($5.97 in chips) 
Seat 5: Barba Ruim ($5.30 in chips) 
Seat 6: jase28 ($5.45 in chips) 
VoSKeSeNSK: posts small blind $0.02
stray cat84: posts big blind $0.05
*** HOLE CARDS ***
Dealt to HubertusB [8h Th]
HubertusB: folds 
Barba Ruim: raises $0.10 to $0.15
jase28: folds 
Rappitt: folds 
VoSKeSeNSK: folds 
stray cat84: folds 
Uncalled bet ($0.10) returned to Barba Ruim
Barba Ruim collected $0.12 from pot
Barba Ruim: doesn't show hand 
*** SUMMARY ***
Total pot $0.12 | Rake $0 
Seat 1: Rappitt (button) folded before Flop (didn't bet)
Seat 2: VoSKeSeNSK (small blind) folded before Flop
Seat 3: stray cat84 (big blind) folded before Flop
Seat 4: HubertusB folded before Flop (didn't bet)
Seat 5: Barba Ruim collected ($0.12)
Seat 6: jase28 folded before Flop (didn't bet)



