PokerStars Zoom Hand #176818096769:  Hold'em No Limit ($0.05/$0.10) - 2017/10/12 22:52:06 CCT [2017/10/12 10:52:06 ET]
Table 'Aludra' 6-max Seat #1 is the button
Seat 1: Girigal ($10 in chips) 
Seat 2: cpatras1 ($24.22 in chips) 
Seat 3: HubertusB ($10 in chips) 
Seat 4: Piqzer ($21.32 in chips) 
Seat 5: DIUK33 ($10.75 in chips) 
Seat 6: newsph ($10 in chips) 
cpatras1: posts small blind $0.05
HubertusB: posts big blind $0.10
*** HOLE CARDS ***
Dealt to HubertusB [5d 4c]
Piqzer: folds 
DIUK33: folds 
newsph: folds 
Girigal: folds 
cpatras1: raises $0.10 to $0.20
HubertusB: folds 
Uncalled bet ($0.10) returned to cpatras1
cpatras1 collected $0.20 from pot
cpatras1: doesn't show hand 
*** SUMMARY ***
Total pot $0.20 | Rake $0 
Seat 1: Girigal (button) folded before Flop (didn't bet)
Seat 2: cpatras1 (small blind) collected ($0.20)
Seat 3: HubertusB (big blind) folded before Flop
Seat 4: Piqzer folded before Flop (didn't bet)
Seat 5: DIUK33 folded before Flop (didn't bet)
Seat 6: newsph folded before Flop (didn't bet)



PokerStars Zoom Hand #176818112832:  Hold'em No Limit ($0.05/$0.10) - 2017/10/12 22:52:34 CCT [2017/10/12 10:52:34 ET]
Table 'Aludra' 6-max Seat #1 is the button
Seat 1: HubertusB ($9.85 in chips) 
Seat 2: DCH Mitro ($11 in chips) 
Seat 3: Franek_9182 ($10 in chips) 
Seat 4: pelaosso ($22.21 in chips) 
Seat 5: prata2008 ($10.62 in chips) 
Seat 6: Pringles7 ($12.27 in chips) 
DCH Mitro: posts small blind $0.05
Franek_9182: posts big blind $0.10
*** HOLE CARDS ***
Dealt to HubertusB [4h 7c]
pelaosso: folds 
prata2008: folds 
Pringles7: folds 
HubertusB: folds 
DCH Mitro: folds 
Uncalled bet ($0.05) returned to Franek_9182
Franek_9182 collected $0.10 from pot
Franek_9182: doesn't show hand 
*** SUMMARY ***
Total pot $0.10 | Rake $0 
Seat 1: HubertusB (button) folded before Flop (didn't bet)
Seat 2: DCH Mitro (small blind) folded before Flop
Seat 3: Franek_9182 (big blind) collected ($0.10)
Seat 4: pelaosso folded before Flop (didn't bet)
Seat 5: prata2008 folded before Flop (didn't bet)
Seat 6: Pringles7 folded before Flop (didn't bet)



PokerStars Zoom Hand #176818116870:  Hold'em No Limit ($0.05/$0.10) - 2017/10/12 22:52:41 CCT [2017/10/12 10:52:41 ET]
Table 'Aludra' 6-max Seat #1 is the button
Seat 1: MaxResist18 ($10 in chips) 
Seat 2: hyokyung85 ($10.40 in chips) 
Seat 3: ivanmonteneg ($10 in chips) 
Seat 4: bigseandon30 ($73.14 in chips) 
Seat 5: torusnegger ($9.55 in chips) 
Seat 6: HubertusB ($9.85 in chips) 
hyokyung85: posts small blind $0.05
ivanmonteneg: posts big blind $0.10
*** HOLE CARDS ***
Dealt to HubertusB [9h 7h]
bigseandon30: folds 
torusnegger: folds 
HubertusB: folds 
MaxResist18: raises $0.12 to $0.22
hyokyung85: folds 
ivanmonteneg: folds 
Uncalled bet ($0.12) returned to MaxResist18
MaxResist18 collected $0.25 from pot
MaxResist18: doesn't show hand 
*** SUMMARY ***
Total pot $0.25 | Rake $0 
Seat 1: MaxResist18 (button) collected ($0.25)
Seat 2: hyokyung85 (small blind) folded before Flop
Seat 3: ivanmonteneg (big blind) folded before Flop
Seat 4: bigseandon30 folded before Flop (didn't bet)
Seat 5: torusnegger folded before Flop (didn't bet)
Seat 6: HubertusB folded before Flop (didn't bet)



PokerStars Zoom Hand #176818122635:  Hold'em No Limit ($0.05/$0.10) - 2017/10/12 22:52:51 CCT [2017/10/12 10:52:51 ET]
Table 'Aludra' 6-max Seat #1 is the button
Seat 1: matko031 ($13.17 in chips) 
Seat 2: cepeza 2011 ($12.13 in chips) 
Seat 3: HubertusB ($9.85 in chips) 
Seat 4: lrishPanda ($15.31 in chips) 
Seat 5: sk975 ($24.64 in chips) 
Seat 6: marcia9111 ($10.42 in chips) 
cepeza 2011: posts small blind $0.05
HubertusB: posts big blind $0.10
*** HOLE CARDS ***
Dealt to HubertusB [9d Qh]
lrishPanda: folds 
sk975: raises $0.13 to $0.23
marcia9111: folds 
matko031: folds 
cepeza 2011: folds 
HubertusB: folds 
Uncalled bet ($0.13) returned to sk975
sk975 collected $0.25 from pot
sk975: doesn't show hand 
*** SUMMARY ***
Total pot $0.25 | Rake $0 
Seat 1: matko031 (button) folded before Flop (didn't bet)
Seat 2: cepeza 2011 (small blind) folded before Flop
Seat 3: HubertusB (big blind) folded before Flop
Seat 4: lrishPanda folded before Flop (didn't bet)
Seat 5: sk975 collected ($0.25)
Seat 6: marcia9111 folded before Flop (didn't bet)



PokerStars Zoom Hand #176818107206:  Hold'em No Limit ($0.05/$0.10) - 2017/10/12 22:52:24 CCT [2017/10/12 10:52:24 ET]
Table 'Aludra' 6-max Seat #1 is the button
Seat 1: alexbai79 ($9.46 in chips) 
Seat 2: HubertusB ($9.90 in chips) 
Seat 3: Bazs50 ($27.35 in chips) 
Seat 4: Bl1ndF0ld3d ($10.42 in chips) 
Seat 5: deda-sever ($13.21 in chips) 
Seat 6: newsph ($10 in chips) 
HubertusB: posts small blind $0.05
Bazs50: posts big blind $0.10
*** HOLE CARDS ***
Dealt to HubertusB [Tc Jd]
Bl1ndF0ld3d: folds 
deda-sever: folds 
newsph: raises $0.15 to $0.25
alexbai79: folds 
HubertusB: folds 
Bazs50: calls $0.15
*** FLOP *** [9s 9d Qs]
Bazs50: checks 
newsph: checks 
*** TURN *** [9s 9d Qs] [Kd]
Bazs50: checks 
newsph: checks 
*** RIVER *** [9s 9d Qs Kd] [Jh]
Bazs50: bets $0.53
newsph: folds 
Uncalled bet ($0.53) returned to Bazs50
Bazs50 collected $0.53 from pot
Bazs50: doesn't show hand 
*** SUMMARY ***
Total pot $0.55 | Rake $0.02 
Board [9s 9d Qs Kd Jh]
Seat 1: alexbai79 (button) folded before Flop (didn't bet)
Seat 2: HubertusB (small blind) folded before Flop
Seat 3: Bazs50 (big blind) collected ($0.53)
Seat 4: Bl1ndF0ld3d folded before Flop (didn't bet)
Seat 5: deda-sever folded before Flop (didn't bet)
Seat 6: newsph folded on the River



PokerStars Zoom Hand #176818131133:  Hold'em No Limit ($0.05/$0.10) - 2017/10/12 22:53:06 CCT [2017/10/12 10:53:06 ET]
Table 'Aludra' 6-max Seat #1 is the button
Seat 1: fRESKAR ($23.13 in chips) 
Seat 2: kunziekt ($10.13 in chips) 
Seat 3: sk975 ($37.77 in chips) 
Seat 4: drbennis ($10.44 in chips) 
Seat 5: Gidrommat ($4.37 in chips) 
Seat 6: HubertusB ($9.75 in chips) 
kunziekt: posts small blind $0.05
sk975: posts big blind $0.10
*** HOLE CARDS ***
Dealt to HubertusB [Qh 7c]
drbennis: folds 
Gidrommat: folds 
HubertusB: folds 
fRESKAR: folds 
kunziekt: folds 
Uncalled bet ($0.05) returned to sk975
sk975 collected $0.10 from pot
sk975: doesn't show hand 
*** SUMMARY ***
Total pot $0.10 | Rake $0 
Seat 1: fRESKAR (button) folded before Flop (didn't bet)
Seat 2: kunziekt (small blind) folded before Flop
Seat 3: sk975 (big blind) collected ($0.10)
Seat 4: drbennis folded before Flop (didn't bet)
Seat 5: Gidrommat folded before Flop (didn't bet)
Seat 6: HubertusB folded before Flop (didn't bet)



PokerStars Zoom Hand #176818128318:  Hold'em No Limit ($0.05/$0.10) - 2017/10/12 22:53:01 CCT [2017/10/12 10:53:01 ET]
Table 'Aludra' 6-max Seat #1 is the button
Seat 1: sh1m4n0 ($11.20 in chips) 
Seat 2: CapOne-o69 ($16.89 in chips) 
Seat 3: alexbai79 ($9.46 in chips) 
Seat 4: grimage2 ($12.58 in chips) 
Seat 5: HubertusB ($9.75 in chips) 
Seat 6: Jim Hopens ($10 in chips) 
CapOne-o69: posts small blind $0.05
alexbai79: posts big blind $0.10
*** HOLE CARDS ***
Dealt to HubertusB [6c 4d]
grimage2: folds 
HubertusB: folds 
Jim Hopens: raises $0.15 to $0.25
sh1m4n0: folds 
CapOne-o69: folds 
alexbai79: folds 
Uncalled bet ($0.15) returned to Jim Hopens
Jim Hopens collected $0.25 from pot
Jim Hopens: doesn't show hand 
*** SUMMARY ***
Total pot $0.25 | Rake $0 
Seat 1: sh1m4n0 (button) folded before Flop (didn't bet)
Seat 2: CapOne-o69 (small blind) folded before Flop
Seat 3: alexbai79 (big blind) folded before Flop
Seat 4: grimage2 folded before Flop (didn't bet)
Seat 5: HubertusB folded before Flop (didn't bet)
Seat 6: Jim Hopens collected ($0.25)



PokerStars Zoom Hand #176818134629:  Hold'em No Limit ($0.05/$0.10) - 2017/10/12 22:53:12 CCT [2017/10/12 10:53:12 ET]
Table 'Aludra' 6-max Seat #1 is the button
Seat 1: grimage2 ($10 in chips) 
Seat 2: HubertusB ($9.75 in chips) 
Seat 3: Gold_S_73 ($10 in chips) 
Seat 4: Kuba242 ($9.27 in chips) 
Seat 5: lesik1979 ($12.44 in chips) 
Seat 6: Averrr ($10.59 in chips) 
HubertusB: posts small blind $0.05
Gold_S_73: posts big blind $0.10
*** HOLE CARDS ***
Dealt to HubertusB [4d 3s]
Kuba242: folds 
lesik1979: folds 
Averrr: folds 
grimage2: folds 
HubertusB: folds 
Uncalled bet ($0.05) returned to Gold_S_73
Gold_S_73 collected $0.10 from pot
Gold_S_73: doesn't show hand 
*** SUMMARY ***
Total pot $0.10 | Rake $0 
Seat 1: grimage2 (button) folded before Flop (didn't bet)
Seat 2: HubertusB (small blind) folded before Flop
Seat 3: Gold_S_73 (big blind) collected ($0.10)
Seat 4: Kuba242 folded before Flop (didn't bet)
Seat 5: lesik1979 folded before Flop (didn't bet)
Seat 6: Averrr folded before Flop (didn't bet)



PokerStars Zoom Hand #176818138102:  Hold'em No Limit ($0.05/$0.10) - 2017/10/12 22:53:18 CCT [2017/10/12 10:53:18 ET]
Table 'Aludra' 6-max Seat #1 is the button
Seat 1: HubertusB ($9.70 in chips) 
Seat 2: gho_Ost57 ($9.55 in chips) 
Seat 3: Kummitaja ($10.67 in chips) 
Seat 4: Russkiy499 ($3.48 in chips) 
Seat 5: kidsonik ($10.48 in chips) 
Seat 6: Qwkl ($10 in chips) 
gho_Ost57: posts small blind $0.05
Kummitaja: posts big blind $0.10
*** HOLE CARDS ***
Dealt to HubertusB [Ks 7d]
Russkiy499: folds 
kidsonik: raises $0.20 to $0.30
Qwkl: folds 
HubertusB: folds 
gho_Ost57: folds 
Kummitaja: folds 
Uncalled bet ($0.20) returned to kidsonik
kidsonik collected $0.25 from pot
kidsonik: doesn't show hand 
*** SUMMARY ***
Total pot $0.25 | Rake $0 
Seat 1: HubertusB (button) folded before Flop (didn't bet)
Seat 2: gho_Ost57 (small blind) folded before Flop
Seat 3: Kummitaja (big blind) folded before Flop
Seat 4: Russkiy499 folded before Flop (didn't bet)
Seat 5: kidsonik collected ($0.25)
Seat 6: Qwkl folded before Flop (didn't bet)



PokerStars Zoom Hand #176818140909:  Hold'em No Limit ($0.05/$0.10) - 2017/10/12 22:53:23 CCT [2017/10/12 10:53:23 ET]
Table 'Aludra' 6-max Seat #1 is the button
Seat 1: Ganchass ($18.30 in chips) 
Seat 2: evgenbol ($9.50 in chips) 
Seat 3: HubertusB ($9.70 in chips) 
Seat 4: Mr.Bery142 ($17.88 in chips) 
Seat 5: HOMs_HC ($10.56 in chips) 
Seat 6: redandgreen7 ($17.18 in chips) 
evgenbol: posts small blind $0.05
HubertusB: posts big blind $0.10
*** HOLE CARDS ***
Dealt to HubertusB [7s Qc]
Mr.Bery142: folds 
HOMs_HC: folds 
redandgreen7: raises $0.15 to $0.25
Ganchass: folds 
evgenbol: folds 
HubertusB: folds 
Uncalled bet ($0.15) returned to redandgreen7
redandgreen7 collected $0.25 from pot
redandgreen7: doesn't show hand 
*** SUMMARY ***
Total pot $0.25 | Rake $0 
Seat 1: Ganchass (button) folded before Flop (didn't bet)
Seat 2: evgenbol (small blind) folded before Flop
Seat 3: HubertusB (big blind) folded before Flop
Seat 4: Mr.Bery142 folded before Flop (didn't bet)
Seat 5: HOMs_HC folded before Flop (didn't bet)
Seat 6: redandgreen7 collected ($0.25)



PokerStars Zoom Hand #176818147164:  Hold'em No Limit ($0.05/$0.10) - 2017/10/12 22:53:34 CCT [2017/10/12 10:53:34 ET]
Table 'Aludra' 6-max Seat #1 is the button
Seat 1: Miels1986 ($10.45 in chips) 
Seat 2: Damon7777 ($11.21 in chips) 
Seat 3: Mr Tomcraft ($10.23 in chips) 
Seat 4: HubertusB ($9.60 in chips) 
Seat 5: Piqzer ($14.40 in chips) 
Seat 6: DeanAkles ($9.44 in chips) 
Damon7777: posts small blind $0.05
Mr Tomcraft: posts big blind $0.10
*** HOLE CARDS ***
Dealt to HubertusB [8s 8d]
HubertusB: raises $0.14 to $0.24
Piqzer: folds 
DeanAkles: calls $0.24
Miels1986: raises $0.87 to $1.11
Damon7777: folds 
Mr Tomcraft: folds 
HubertusB: folds 
DeanAkles: folds 
Uncalled bet ($0.87) returned to Miels1986
Miels1986 collected $0.87 from pot
Miels1986: doesn't show hand 
*** SUMMARY ***
Total pot $0.87 | Rake $0 
Seat 1: Miels1986 (button) collected ($0.87)
Seat 2: Damon7777 (small blind) folded before Flop
Seat 3: Mr Tomcraft (big blind) folded before Flop
Seat 4: HubertusB folded before Flop
Seat 5: Piqzer folded before Flop (didn't bet)
Seat 6: DeanAkles folded before Flop



PokerStars Zoom Hand #176818167258:  Hold'em No Limit ($0.05/$0.10) - 2017/10/12 22:54:09 CCT [2017/10/12 10:54:09 ET]
Table 'Aludra' 6-max Seat #1 is the button
Seat 1: ivanmonteneg ($10.03 in chips) 
Seat 2: 7zDistorted ($10.25 in chips) 
Seat 3: ProtvaaaAAA ($15.98 in chips) 
Seat 4: hanhiniemi ($31.52 in chips) 
Seat 5: HubertusB ($9.36 in chips) 
Seat 6: Kevin_33R ($9.19 in chips) 
7zDistorted: posts small blind $0.05
ProtvaaaAAA: posts big blind $0.10
*** HOLE CARDS ***
Dealt to HubertusB [6d 8h]
hanhiniemi: folds 
HubertusB: folds 
Kevin_33R: folds 
ivanmonteneg: raises $0.12 to $0.22
7zDistorted: raises $0.68 to $0.90
ProtvaaaAAA: folds 
ivanmonteneg: folds 
Uncalled bet ($0.68) returned to 7zDistorted
7zDistorted collected $0.54 from pot
7zDistorted: doesn't show hand 
*** SUMMARY ***
Total pot $0.54 | Rake $0 
Seat 1: ivanmonteneg (button) folded before Flop
Seat 2: 7zDistorted (small blind) collected ($0.54)
Seat 3: ProtvaaaAAA (big blind) folded before Flop
Seat 4: hanhiniemi folded before Flop (didn't bet)
Seat 5: HubertusB folded before Flop (didn't bet)
Seat 6: Kevin_33R folded before Flop (didn't bet)



PokerStars Zoom Hand #176818171269:  Hold'em No Limit ($0.05/$0.10) - 2017/10/12 22:54:16 CCT [2017/10/12 10:54:16 ET]
Table 'Aludra' 6-max Seat #1 is the button
Seat 1: maaetos ($5.38 in chips) 
Seat 2: r.smart ($9 in chips) 
Seat 3: Averrr ($11.04 in chips) 
Seat 4: PokerSpanie ($19.80 in chips) 
Seat 5: kellysid92 ($6.40 in chips) 
Seat 6: HubertusB ($9.36 in chips) 
r.smart: posts small blind $0.05
Averrr: posts big blind $0.10
*** HOLE CARDS ***
Dealt to HubertusB [4h Kd]
PokerSpanie: folds 
kellysid92: folds 
HubertusB: folds 
maaetos: folds 
r.smart: raises $0.20 to $0.30
Averrr: folds 
Uncalled bet ($0.20) returned to r.smart
r.smart collected $0.20 from pot
r.smart: doesn't show hand 
*** SUMMARY ***
Total pot $0.20 | Rake $0 
Seat 1: maaetos (button) folded before Flop (didn't bet)
Seat 2: r.smart (small blind) collected ($0.20)
Seat 3: Averrr (big blind) folded before Flop
Seat 4: PokerSpanie folded before Flop (didn't bet)
Seat 5: kellysid92 folded before Flop (didn't bet)
Seat 6: HubertusB folded before Flop (didn't bet)



PokerStars Zoom Hand #176818162140:  Hold'em No Limit ($0.05/$0.10) - 2017/10/12 22:54:00 CCT [2017/10/12 10:54:00 ET]
Table 'Aludra' 6-max Seat #1 is the button
Seat 1: dickmans1 ($2.29 in chips) 
Seat 2: Sirius S.V. ($16.23 in chips) 
Seat 3: 15M-ONE-Y15 ($17.97 in chips) 
Seat 4: HubertusB ($9.36 in chips) 
Seat 5: wewillfailrr ($27.87 in chips) 
Seat 6: hiitretz ($12.91 in chips) 
Sirius S.V.: posts small blind $0.05
15M-ONE-Y15: posts big blind $0.10
*** HOLE CARDS ***
Dealt to HubertusB [8d 3h]
HubertusB: folds 
wewillfailrr: folds 
hiitretz: folds 
dickmans1: calls $0.10
Sirius S.V.: folds 
15M-ONE-Y15: checks 
*** FLOP *** [5d 9c 3d]
15M-ONE-Y15: checks 
dickmans1: checks 
*** TURN *** [5d 9c 3d] [Qs]
15M-ONE-Y15: checks 
dickmans1: checks 
*** RIVER *** [5d 9c 3d Qs] [4c]
15M-ONE-Y15: checks 
dickmans1: bets $0.10
15M-ONE-Y15: folds 
Uncalled bet ($0.10) returned to dickmans1
dickmans1 collected $0.24 from pot
dickmans1: doesn't show hand 
*** SUMMARY ***
Total pot $0.25 | Rake $0.01 
Board [5d 9c 3d Qs 4c]
Seat 1: dickmans1 (button) collected ($0.24)
Seat 2: Sirius S.V. (small blind) folded before Flop
Seat 3: 15M-ONE-Y15 (big blind) folded on the River
Seat 4: HubertusB folded before Flop (didn't bet)
Seat 5: wewillfailrr folded before Flop (didn't bet)
Seat 6: hiitretz folded before Flop (didn't bet)



PokerStars Zoom Hand #176818174143:  Hold'em No Limit ($0.05/$0.10) - 2017/10/12 22:54:21 CCT [2017/10/12 10:54:21 ET]
Table 'Aludra' 6-max Seat #1 is the button
Seat 1: Pauli1807 ($9.46 in chips) 
Seat 2: HubertusB ($9.36 in chips) 
Seat 3: hugokropo ($23.07 in chips) 
Seat 4: Dr.Kamatrix ($8.39 in chips) 
Seat 5: OTPAgA ($11.37 in chips) 
Seat 6: zzpotter ($12.11 in chips) 
HubertusB: posts small blind $0.05
hugokropo: posts big blind $0.10
*** HOLE CARDS ***
Dealt to HubertusB [Ts 9s]
Dr.Kamatrix: folds 
OTPAgA: folds 
zzpotter: folds 
Pauli1807: folds 
HubertusB: raises $0.20 to $0.30
hugokropo: calls $0.20
*** FLOP *** [7c 8d Jh]
HubertusB: bets $0.31
hugokropo: calls $0.31
*** TURN *** [7c 8d Jh] [2s]
HubertusB: bets $0.70
hugokropo: folds 
Uncalled bet ($0.70) returned to HubertusB
HubertusB collected $1.17 from pot
HubertusB: doesn't show hand 
*** SUMMARY ***
Total pot $1.22 | Rake $0.05 
Board [7c 8d Jh 2s]
Seat 1: Pauli1807 (button) folded before Flop (didn't bet)
Seat 2: HubertusB (small blind) collected ($1.17)
Seat 3: hugokropo (big blind) folded on the Turn
Seat 4: Dr.Kamatrix folded before Flop (didn't bet)
Seat 5: OTPAgA folded before Flop (didn't bet)
Seat 6: zzpotter folded before Flop (didn't bet)



PokerStars Zoom Hand #176818206309:  Hold'em No Limit ($0.05/$0.10) - 2017/10/12 22:55:19 CCT [2017/10/12 10:55:19 ET]
Table 'Aludra' 6-max Seat #1 is the button
Seat 1: GrrGrrGrauw ($11.36 in chips) 
Seat 2: HubertusB ($9.92 in chips) 
Seat 3: PokerSpanie ($19.85 in chips) 
Seat 4: barrrrygold ($10 in chips) 
Seat 5: wyteeee11 ($10.45 in chips) 
Seat 6: Yuraeter ($10 in chips) 
HubertusB: posts small blind $0.05
PokerSpanie: posts big blind $0.10
*** HOLE CARDS ***
Dealt to HubertusB [5h 3s]
barrrrygold: raises $0.12 to $0.22
wyteeee11: folds 
Yuraeter: folds 
GrrGrrGrauw: folds 
HubertusB: folds 
PokerSpanie: folds 
Uncalled bet ($0.12) returned to barrrrygold
barrrrygold collected $0.25 from pot
barrrrygold: doesn't show hand 
*** SUMMARY ***
Total pot $0.25 | Rake $0 
Seat 1: GrrGrrGrauw (button) folded before Flop (didn't bet)
Seat 2: HubertusB (small blind) folded before Flop
Seat 3: PokerSpanie (big blind) folded before Flop
Seat 4: barrrrygold collected ($0.25)
Seat 5: wyteeee11 folded before Flop (didn't bet)
Seat 6: Yuraeter folded before Flop (didn't bet)



PokerStars Zoom Hand #176818198081:  Hold'em No Limit ($0.05/$0.10) - 2017/10/12 22:55:03 CCT [2017/10/12 10:55:03 ET]
Table 'Aludra' 6-max Seat #1 is the button
Seat 1: H.-Dietrich ($10 in chips) 
Seat 2: kimyuchan ($11.92 in chips) 
Seat 3: pool_king111 ($11.98 in chips) 
Seat 4: HubertusB ($9.92 in chips) 
Seat 5: skjold555 ($18.19 in chips) 
Seat 6: grimage2 ($33.20 in chips) 
kimyuchan: posts small blind $0.05
pool_king111: posts big blind $0.10
*** HOLE CARDS ***
Dealt to HubertusB [Kd 8h]
HubertusB: folds 
skjold555: folds 
grimage2: folds 
H.-Dietrich: folds 
kimyuchan: raises $0.20 to $0.30
pool_king111: folds 
Uncalled bet ($0.20) returned to kimyuchan
kimyuchan collected $0.20 from pot
kimyuchan: doesn't show hand 
*** SUMMARY ***
Total pot $0.20 | Rake $0 
Seat 1: H.-Dietrich (button) folded before Flop (didn't bet)
Seat 2: kimyuchan (small blind) collected ($0.20)
Seat 3: pool_king111 (big blind) folded before Flop
Seat 4: HubertusB folded before Flop (didn't bet)
Seat 5: skjold555 folded before Flop (didn't bet)
Seat 6: grimage2 folded before Flop (didn't bet)



PokerStars Zoom Hand #176818209774:  Hold'em No Limit ($0.05/$0.10) - 2017/10/12 22:55:26 CCT [2017/10/12 10:55:26 ET]
Table 'Aludra' 6-max Seat #1 is the button
Seat 1: Gidrommat ($6.48 in chips) 
Seat 2: Anturage2206 ($9.88 in chips) 
Seat 3: HubertusB ($9.87 in chips) 
Seat 4: MetalGo ($20.56 in chips) 
Seat 5: konvol ($9.60 in chips) 
Seat 6: zacharias12 ($5.58 in chips) 
Anturage2206: posts small blind $0.05
HubertusB: posts big blind $0.10
*** HOLE CARDS ***
Dealt to HubertusB [4h 4d]
MetalGo: raises $0.20 to $0.30
konvol: folds 
zacharias12: calls $0.30
Gidrommat: folds 
Anturage2206: folds 
HubertusB: calls $0.20
*** FLOP *** [7h 5c Ah]
HubertusB: checks 
MetalGo: bets $0.50
zacharias12: folds 
HubertusB: folds 
Uncalled bet ($0.50) returned to MetalGo
MetalGo collected $0.91 from pot
MetalGo: doesn't show hand 
*** SUMMARY ***
Total pot $0.95 | Rake $0.04 
Board [7h 5c Ah]
Seat 1: Gidrommat (button) folded before Flop (didn't bet)
Seat 2: Anturage2206 (small blind) folded before Flop
Seat 3: HubertusB (big blind) folded on the Flop
Seat 4: MetalGo collected ($0.91)
Seat 5: konvol folded before Flop (didn't bet)
Seat 6: zacharias12 folded on the Flop



PokerStars Zoom Hand #176818224148:  Hold'em No Limit ($0.05/$0.10) - 2017/10/12 22:55:55 CCT [2017/10/12 10:55:55 ET]
Table 'Aludra' 6-max Seat #1 is the button
Seat 1: DIUK33 ($29.72 in chips) 
Seat 2: cepeza 2011 ($11.06 in chips) 
Seat 3: AcesGoBroke ($14.87 in chips) 
Seat 4: TeteoBrasil ($12.39 in chips) 
Seat 5: HubertusB ($9.57 in chips) 
Seat 6: KoreanDurr1 ($14.84 in chips) 
cepeza 2011: posts small blind $0.05
AcesGoBroke: posts big blind $0.10
*** HOLE CARDS ***
Dealt to HubertusB [As Ks]
TeteoBrasil: folds 
HubertusB: raises $0.20 to $0.30
KoreanDurr1: folds 
DIUK33: folds 
cepeza 2011: folds 
AcesGoBroke: folds 
Uncalled bet ($0.20) returned to HubertusB
HubertusB collected $0.25 from pot
HubertusB: doesn't show hand 
*** SUMMARY ***
Total pot $0.25 | Rake $0 
Seat 1: DIUK33 (button) folded before Flop (didn't bet)
Seat 2: cepeza 2011 (small blind) folded before Flop
Seat 3: AcesGoBroke (big blind) folded before Flop
Seat 4: TeteoBrasil folded before Flop (didn't bet)
Seat 5: HubertusB collected ($0.25)
Seat 6: KoreanDurr1 folded before Flop (didn't bet)



PokerStars Zoom Hand #176818220649:  Hold'em No Limit ($0.05/$0.10) - 2017/10/12 22:55:48 CCT [2017/10/12 10:55:48 ET]
Table 'Aludra' 6-max Seat #1 is the button
Seat 1: TroeshkaKiyv ($11.03 in chips) 
Seat 2: 7zDistorted ($10 in chips) 
Seat 3: nextlevel08 ($10 in chips) 
Seat 4: prata2008 ($10.37 in chips) 
Seat 5: jjyan ($14.27 in chips) 
Seat 6: HubertusB ($9.57 in chips) 
7zDistorted: posts small blind $0.05
nextlevel08: posts big blind $0.10
*** HOLE CARDS ***
Dealt to HubertusB [7c 3c]
prata2008: folds 
jjyan: folds 
HubertusB: folds 
TroeshkaKiyv: raises $0.10 to $0.20
7zDistorted: folds 
nextlevel08: calls $0.10
*** FLOP *** [Jh 8c Js]
nextlevel08: checks 
TroeshkaKiyv: bets $0.20
nextlevel08: folds 
Uncalled bet ($0.20) returned to TroeshkaKiyv
TroeshkaKiyv collected $0.43 from pot
TroeshkaKiyv: doesn't show hand 
*** SUMMARY ***
Total pot $0.45 | Rake $0.02 
Board [Jh 8c Js]
Seat 1: TroeshkaKiyv (button) collected ($0.43)
Seat 2: 7zDistorted (small blind) folded before Flop
Seat 3: nextlevel08 (big blind) folded on the Flop
Seat 4: prata2008 folded before Flop (didn't bet)
Seat 5: jjyan folded before Flop (didn't bet)
Seat 6: HubertusB folded before Flop (didn't bet)



PokerStars Zoom Hand #176818195255:  Hold'em No Limit ($0.05/$0.10) - 2017/10/12 22:54:58 CCT [2017/10/12 10:54:58 ET]
Table 'Aludra' 6-max Seat #1 is the button
Seat 1: HubertusB ($9.92 in chips) 
Seat 2: cepeza 2011 ($10 in chips) 
Seat 3: reXne ($15.17 in chips) 
Seat 4: siky1994 ($20.84 in chips) 
Seat 5: TsaiYP ($13.42 in chips) 
Seat 6: rodrigoalvar ($14.72 in chips) 
cepeza 2011: posts small blind $0.05
reXne: posts big blind $0.10
*** HOLE CARDS ***
Dealt to HubertusB [2h Qs]
siky1994: folds 
TsaiYP: folds 
rodrigoalvar: folds 
HubertusB: folds 
cepeza 2011: raises $0.20 to $0.30
reXne: calls $0.20
*** FLOP *** [7c 7s 5h]
cepeza 2011: checks 
reXne: bets $0.30
cepeza 2011: calls $0.30
*** TURN *** [7c 7s 5h] [9h]
cepeza 2011: bets $0.50
reXne: calls $0.50
*** RIVER *** [7c 7s 5h 9h] [2s]
cepeza 2011: checks 
reXne: bets $1.09
cepeza 2011: folds 
Uncalled bet ($1.09) returned to reXne
reXne collected $2.10 from pot
reXne: doesn't show hand 
*** SUMMARY ***
Total pot $2.20 | Rake $0.10 
Board [7c 7s 5h 9h 2s]
Seat 1: HubertusB (button) folded before Flop (didn't bet)
Seat 2: cepeza 2011 (small blind) folded on the River
Seat 3: reXne (big blind) collected ($2.10)
Seat 4: siky1994 folded before Flop (didn't bet)
Seat 5: TsaiYP folded before Flop (didn't bet)
Seat 6: rodrigoalvar folded before Flop (didn't bet)



PokerStars Zoom Hand #176818233042:  Hold'em No Limit ($0.05/$0.10) - 2017/10/12 22:56:13 CCT [2017/10/12 10:56:13 ET]
Table 'Aludra' 6-max Seat #1 is the button
Seat 1: glynnoo ($10 in chips) 
Seat 2: ullbebeat1 ($9.90 in chips) 
Seat 3: HubertusB ($9.72 in chips) 
Seat 4: elkozpoker ($11.73 in chips) 
Seat 5: pelaosso ($23.99 in chips) 
Seat 6: Bonjasky111 ($6.35 in chips) 
ullbebeat1: posts small blind $0.05
HubertusB: posts big blind $0.10
*** HOLE CARDS ***
Dealt to HubertusB [6d 6s]
elkozpoker: folds 
pelaosso: folds 
Bonjasky111: folds 
glynnoo: folds 
ullbebeat1: folds 
Uncalled bet ($0.05) returned to HubertusB
HubertusB collected $0.10 from pot
HubertusB: doesn't show hand 
*** SUMMARY ***
Total pot $0.10 | Rake $0 
Seat 1: glynnoo (button) folded before Flop (didn't bet)
Seat 2: ullbebeat1 (small blind) folded before Flop
Seat 3: HubertusB (big blind) collected ($0.10)
Seat 4: elkozpoker folded before Flop (didn't bet)
Seat 5: pelaosso folded before Flop (didn't bet)
Seat 6: Bonjasky111 folded before Flop (didn't bet)



PokerStars Zoom Hand #176818238835:  Hold'em No Limit ($0.05/$0.10) - 2017/10/12 22:56:25 CCT [2017/10/12 10:56:25 ET]
Table 'Aludra' 6-max Seat #1 is the button
Seat 1: HubertusB ($9.77 in chips) 
Seat 2: ipromys ($10 in chips) 
Seat 3: Majkee88 ($10 in chips) 
Seat 4: Mr Tomcraft ($20.49 in chips) 
Seat 5: TibyStar ($10 in chips) 
Seat 6: dim_dim1975 ($10 in chips) 
ipromys: posts small blind $0.05
Majkee88: posts big blind $0.10
*** HOLE CARDS ***
Dealt to HubertusB [9c Ac]
Mr Tomcraft: folds 
TibyStar: folds 
dim_dim1975: folds 
HubertusB: raises $0.20 to $0.30
ipromys: folds 
Majkee88: folds 
Uncalled bet ($0.20) returned to HubertusB
HubertusB collected $0.25 from pot
HubertusB: doesn't show hand 
*** SUMMARY ***
Total pot $0.25 | Rake $0 
Seat 1: HubertusB (button) collected ($0.25)
Seat 2: ipromys (small blind) folded before Flop
Seat 3: Majkee88 (big blind) folded before Flop
Seat 4: Mr Tomcraft folded before Flop (didn't bet)
Seat 5: TibyStar folded before Flop (didn't bet)
Seat 6: dim_dim1975 folded before Flop (didn't bet)



PokerStars Zoom Hand #176818249801:  Hold'em No Limit ($0.05/$0.10) - 2017/10/12 22:56:47 CCT [2017/10/12 10:56:47 ET]
Table 'Aludra' 6-max Seat #1 is the button
Seat 1: fseft ($12.32 in chips) 
Seat 2: maggisch87 ($10.37 in chips) 
Seat 3: Golden Franz ($23.71 in chips) 
Seat 4: Polyakoff1 ($10 in chips) 
Seat 5: HubertusB ($9.92 in chips) 
Seat 6: tigerfarm ($10.13 in chips) 
maggisch87: posts small blind $0.05
Golden Franz: posts big blind $0.10
*** HOLE CARDS ***
Dealt to HubertusB [6s 9c]
Polyakoff1: folds 
HubertusB: folds 
tigerfarm: folds 
fseft: folds 
maggisch87: raises $0.15 to $0.25
Golden Franz: folds 
Uncalled bet ($0.15) returned to maggisch87
maggisch87 collected $0.20 from pot
maggisch87: doesn't show hand 
*** SUMMARY ***
Total pot $0.20 | Rake $0 
Seat 1: fseft (button) folded before Flop (didn't bet)
Seat 2: maggisch87 (small blind) collected ($0.20)
Seat 3: Golden Franz (big blind) folded before Flop
Seat 4: Polyakoff1 folded before Flop (didn't bet)
Seat 5: HubertusB folded before Flop (didn't bet)
Seat 6: tigerfarm folded before Flop (didn't bet)



PokerStars Zoom Hand #176818252798:  Hold'em No Limit ($0.05/$0.10) - 2017/10/12 22:56:53 CCT [2017/10/12 10:56:53 ET]
Table 'Aludra' 6-max Seat #1 is the button
Seat 1: winson5588 ($15.04 in chips) 
Seat 2: HubertusB ($9.92 in chips) 
Seat 3: leetine ($11.02 in chips) 
Seat 4: PrestinG ($8.16 in chips) 
Seat 5: inadnabro ($9.36 in chips) 
Seat 6: Bobko050878 ($10.08 in chips) 
HubertusB: posts small blind $0.05
leetine: posts big blind $0.10
*** HOLE CARDS ***
Dealt to HubertusB [6h Tc]
PrestinG: folds 
inadnabro: raises $0.20 to $0.30
Bobko050878: folds 
winson5588: calls $0.30
HubertusB: folds 
leetine: folds 
*** FLOP *** [9h 5h 9c]
inadnabro: bets $0.72
winson5588: folds 
Uncalled bet ($0.72) returned to inadnabro
inadnabro collected $0.72 from pot
inadnabro: doesn't show hand 
*** SUMMARY ***
Total pot $0.75 | Rake $0.03 
Board [9h 5h 9c]
Seat 1: winson5588 (button) folded on the Flop
Seat 2: HubertusB (small blind) folded before Flop
Seat 3: leetine (big blind) folded before Flop
Seat 4: PrestinG folded before Flop (didn't bet)
Seat 5: inadnabro collected ($0.72)
Seat 6: Bobko050878 folded before Flop (didn't bet)



PokerStars Zoom Hand #176818262243:  Hold'em No Limit ($0.05/$0.10) - 2017/10/12 22:57:12 CCT [2017/10/12 10:57:12 ET]
Table 'Aludra' 6-max Seat #1 is the button
Seat 1: kunziekt ($12.38 in chips) 
Seat 2: DUICA611 ($10 in chips) 
Seat 3: GrrGrrGrauw ($20.47 in chips) 
Seat 4: prata2008 ($12.58 in chips) 
Seat 5: Odysseia ($10.40 in chips) 
Seat 6: HubertusB ($9.87 in chips) 
DUICA611: posts small blind $0.05
GrrGrrGrauw: posts big blind $0.10
*** HOLE CARDS ***
Dealt to HubertusB [Td Jc]
prata2008: folds 
Odysseia: raises $0.20 to $0.30
HubertusB: folds 
kunziekt: folds 
DUICA611: folds 
GrrGrrGrauw: folds 
Uncalled bet ($0.20) returned to Odysseia
Odysseia collected $0.25 from pot
Odysseia: doesn't show hand 
*** SUMMARY ***
Total pot $0.25 | Rake $0 
Seat 1: kunziekt (button) folded before Flop (didn't bet)
Seat 2: DUICA611 (small blind) folded before Flop
Seat 3: GrrGrrGrauw (big blind) folded before Flop
Seat 4: prata2008 folded before Flop (didn't bet)
Seat 5: Odysseia collected ($0.25)
Seat 6: HubertusB folded before Flop (didn't bet)



PokerStars Zoom Hand #176818270194:  Hold'em No Limit ($0.05/$0.10) - 2017/10/12 22:57:28 CCT [2017/10/12 10:57:28 ET]
Table 'Aludra' 6-max Seat #1 is the button
Seat 1: HubertusB ($9.87 in chips) 
Seat 2: qu96091028 ($33.98 in chips) 
Seat 3: drbennis ($14.69 in chips) 
Seat 4: matty234283 ($21.45 in chips) 
Seat 5: Kolminho ($24.95 in chips) 
Seat 6: 1VolkodavVDV ($10 in chips) 
qu96091028: posts small blind $0.05
drbennis: posts big blind $0.10
*** HOLE CARDS ***
Dealt to HubertusB [Ad Qc]
matty234283: raises $0.20 to $0.30
Kolminho: folds 
1VolkodavVDV: folds 
HubertusB: calls $0.30
qu96091028: folds 
drbennis: folds 
*** FLOP *** [Kc 3d Kd]
matty234283: checks 
HubertusB: bets $0.30
matty234283: folds 
Uncalled bet ($0.30) returned to HubertusB
HubertusB collected $0.72 from pot
HubertusB: doesn't show hand 
*** SUMMARY ***
Total pot $0.75 | Rake $0.03 
Board [Kc 3d Kd]
Seat 1: HubertusB (button) collected ($0.72)
Seat 2: qu96091028 (small blind) folded before Flop
Seat 3: drbennis (big blind) folded before Flop
Seat 4: matty234283 folded on the Flop
Seat 5: Kolminho folded before Flop (didn't bet)
Seat 6: 1VolkodavVDV folded before Flop (didn't bet)



PokerStars Zoom Hand #176818285732:  Hold'em No Limit ($0.05/$0.10) - 2017/10/12 22:57:59 CCT [2017/10/12 10:57:59 ET]
Table 'Aludra' 6-max Seat #1 is the button
Seat 1: Pringles7 ($11.41 in chips) 
Seat 2: OTPAgA ($12.91 in chips) 
Seat 3: 3revos ($10.96 in chips) 
Seat 4: SuneSt ($10 in chips) 
Seat 5: HubertusB ($10.29 in chips) 
Seat 6: z009 ($10.58 in chips) 
OTPAgA: posts small blind $0.05
3revos: posts big blind $0.10
*** HOLE CARDS ***
Dealt to HubertusB [Jd 2s]
SuneSt: folds 
HubertusB: folds 
z009: folds 
Pringles7: folds 
OTPAgA: folds 
Uncalled bet ($0.05) returned to 3revos
3revos collected $0.10 from pot
3revos: doesn't show hand 
*** SUMMARY ***
Total pot $0.10 | Rake $0 
Seat 1: Pringles7 (button) folded before Flop (didn't bet)
Seat 2: OTPAgA (small blind) folded before Flop
Seat 3: 3revos (big blind) collected ($0.10)
Seat 4: SuneSt folded before Flop (didn't bet)
Seat 5: HubertusB folded before Flop (didn't bet)
Seat 6: z009 folded before Flop (didn't bet)



PokerStars Zoom Hand #176818288205:  Hold'em No Limit ($0.05/$0.10) - 2017/10/12 22:58:04 CCT [2017/10/12 10:58:04 ET]
Table 'Aludra' 6-max Seat #1 is the button
Seat 1: xcinaz ($14.74 in chips) 
Seat 2: Malevich3388 ($13.19 in chips) 
Seat 3: DRONI RUS ($11.06 in chips) 
Seat 4: HubertusB ($10.29 in chips) 
Seat 5: xRaoulFlushx ($11.80 in chips) 
Seat 6: sk975 ($28.95 in chips) 
Malevich3388: posts small blind $0.05
DRONI RUS: posts big blind $0.10
*** HOLE CARDS ***
Dealt to HubertusB [Td 4h]
HubertusB: folds 
xRaoulFlushx: folds 
sk975: folds 
xcinaz: folds 
Malevich3388: raises $0.15 to $0.25
DRONI RUS: calls $0.15
*** FLOP *** [Qd 5h 9d]
Malevich3388: checks 
DRONI RUS: checks 
*** TURN *** [Qd 5h 9d] [3c]
Malevich3388: bets $0.24
DRONI RUS: calls $0.24
*** RIVER *** [Qd 5h 9d 3c] [7s]
Malevich3388: bets $0.71
DRONI RUS: folds 
Uncalled bet ($0.71) returned to Malevich3388
Malevich3388 collected $0.94 from pot
Malevich3388: doesn't show hand 
*** SUMMARY ***
Total pot $0.98 | Rake $0.04 
Board [Qd 5h 9d 3c 7s]
Seat 1: xcinaz (button) folded before Flop (didn't bet)
Seat 2: Malevich3388 (small blind) collected ($0.94)
Seat 3: DRONI RUS (big blind) folded on the River
Seat 4: HubertusB folded before Flop (didn't bet)
Seat 5: xRaoulFlushx folded before Flop (didn't bet)
Seat 6: sk975 folded before Flop (didn't bet)



PokerStars Zoom Hand #176818290740:  Hold'em No Limit ($0.05/$0.10) - 2017/10/12 22:58:09 CCT [2017/10/12 10:58:09 ET]
Table 'Aludra' 6-max Seat #1 is the button
Seat 1: RaptNurs ($11.20 in chips) 
Seat 2: Noregal ($10.44 in chips) 
Seat 3: HubertusB ($10.29 in chips) 
Seat 4: Russkiy499 ($1.67 in chips) 
Seat 5: TibyStar ($17.85 in chips) 
Seat 6: tsmr11 ($9.97 in chips) 
Noregal: posts small blind $0.05
HubertusB: posts big blind $0.10
*** HOLE CARDS ***
Dealt to HubertusB [8s 9d]
Russkiy499: folds 
TibyStar: folds 
tsmr11: folds 
RaptNurs: raises $0.12 to $0.22
Noregal: calls $0.17
HubertusB: folds 
*** FLOP *** [5c 8c 3c]
Noregal: bets $0.30
RaptNurs: folds 
Uncalled bet ($0.30) returned to Noregal
Noregal collected $0.52 from pot
Noregal: doesn't show hand 
*** SUMMARY ***
Total pot $0.54 | Rake $0.02 
Board [5c 8c 3c]
Seat 1: RaptNurs (button) folded on the Flop
Seat 2: Noregal (small blind) collected ($0.52)
Seat 3: HubertusB (big blind) folded before Flop
Seat 4: Russkiy499 folded before Flop (didn't bet)
Seat 5: TibyStar folded before Flop (didn't bet)
Seat 6: tsmr11 folded before Flop (didn't bet)



PokerStars Zoom Hand #176818299133:  Hold'em No Limit ($0.05/$0.10) - 2017/10/12 22:58:26 CCT [2017/10/12 10:58:26 ET]
Table 'Aludra' 6-max Seat #1 is the button
Seat 1: setevoj ($11.08 in chips) 
Seat 2: Otterus94 ($11.43 in chips) 
Seat 3: mezei350 ($27.34 in chips) 
Seat 4: CapOne-o69 ($15.31 in chips) 
Seat 5: Jordii-_-208 ($33.81 in chips) 
Seat 6: HubertusB ($10.19 in chips) 
Otterus94: posts small blind $0.05
mezei350: posts big blind $0.10
*** HOLE CARDS ***
Dealt to HubertusB [7d 7s]
CapOne-o69: raises $0.14 to $0.24
Jordii-_-208: folds 
HubertusB: calls $0.24
setevoj: folds 
Otterus94: folds 
mezei350: folds 
*** FLOP *** [4s Qs 3h]
CapOne-o69: checks 
HubertusB: bets $0.40
CapOne-o69: folds 
Uncalled bet ($0.40) returned to HubertusB
HubertusB collected $0.60 from pot
HubertusB: doesn't show hand 
*** SUMMARY ***
Total pot $0.63 | Rake $0.03 
Board [4s Qs 3h]
Seat 1: setevoj (button) folded before Flop (didn't bet)
Seat 2: Otterus94 (small blind) folded before Flop
Seat 3: mezei350 (big blind) folded before Flop
Seat 4: CapOne-o69 folded on the Flop
Seat 5: Jordii-_-208 folded before Flop (didn't bet)
Seat 6: HubertusB collected ($0.60)



PokerStars Zoom Hand #176818315505:  Hold'em No Limit ($0.05/$0.10) - 2017/10/12 22:58:59 CCT [2017/10/12 10:58:59 ET]
Table 'Aludra' 6-max Seat #1 is the button
Seat 1: vieeel ($10.79 in chips) 
Seat 2: HubertusB ($10.55 in chips) 
Seat 3: Pauli1807 ($6.42 in chips) 
Seat 4: GYLIVER321 ($7.16 in chips) 
Seat 5: ToninhoZizou ($21.97 in chips) 
Seat 6: Dr.Kamatrix ($7.87 in chips) 
HubertusB: posts small blind $0.05
Pauli1807: posts big blind $0.10
*** HOLE CARDS ***
Dealt to HubertusB [As Tc]
GYLIVER321: folds 
ToninhoZizou: folds 
Dr.Kamatrix: folds 
vieeel: folds 
HubertusB: raises $0.20 to $0.30
Pauli1807: calls $0.20
*** FLOP *** [2d Ac 4d]
HubertusB: bets $0.40
Pauli1807: folds 
Uncalled bet ($0.40) returned to HubertusB
HubertusB collected $0.57 from pot
HubertusB: doesn't show hand 
*** SUMMARY ***
Total pot $0.60 | Rake $0.03 
Board [2d Ac 4d]
Seat 1: vieeel (button) folded before Flop (didn't bet)
Seat 2: HubertusB (small blind) collected ($0.57)
Seat 3: Pauli1807 (big blind) folded on the Flop
Seat 4: GYLIVER321 folded before Flop (didn't bet)
Seat 5: ToninhoZizou folded before Flop (didn't bet)
Seat 6: Dr.Kamatrix folded before Flop (didn't bet)



PokerStars Zoom Hand #176818331777:  Hold'em No Limit ($0.05/$0.10) - 2017/10/12 22:59:32 CCT [2017/10/12 10:59:32 ET]
Table 'Aludra' 6-max Seat #1 is the button
Seat 1: HubertusB ($10.82 in chips) 
Seat 2: GrrGrrGrauw ($22.22 in chips) 
Seat 3: Kurttta ($24.53 in chips) 
Seat 4: hyokyung85 ($10 in chips) 
Seat 5: Bonjasky111 ($10.57 in chips) 
Seat 6: tsmr11 ($9.87 in chips) 
GrrGrrGrauw: posts small blind $0.05
Kurttta: posts big blind $0.10
*** HOLE CARDS ***
Dealt to HubertusB [Ac Qc]
hyokyung85: folds 
Bonjasky111: folds 
tsmr11: folds 
HubertusB: raises $0.20 to $0.30
GrrGrrGrauw: folds 
Kurttta: folds 
Uncalled bet ($0.20) returned to HubertusB
HubertusB collected $0.25 from pot
HubertusB: doesn't show hand 
*** SUMMARY ***
Total pot $0.25 | Rake $0 
Seat 1: HubertusB (button) collected ($0.25)
Seat 2: GrrGrrGrauw (small blind) folded before Flop
Seat 3: Kurttta (big blind) folded before Flop
Seat 4: hyokyung85 folded before Flop (didn't bet)
Seat 5: Bonjasky111 folded before Flop (didn't bet)
Seat 6: tsmr11 folded before Flop (didn't bet)



PokerStars Zoom Hand #176818338863:  Hold'em No Limit ($0.05/$0.10) - 2017/10/12 22:59:46 CCT [2017/10/12 10:59:46 ET]
Table 'Aludra' 6-max Seat #1 is the button
Seat 1: TikeTake ($11.63 in chips) 
Seat 2: fabincastro1 ($10 in chips) 
Seat 3: mezei350 ($9.85 in chips) 
Seat 4: HubertusB ($10.97 in chips) 
Seat 5: Girigal ($10 in chips) 
Seat 6: chese54 ($10.15 in chips) 
fabincastro1: posts small blind $0.05
mezei350: posts big blind $0.10
*** HOLE CARDS ***
Dealt to HubertusB [Jc Ks]
HubertusB: folds 
Girigal: folds 
chese54: folds 
TikeTake: folds 
fabincastro1: folds 
Uncalled bet ($0.05) returned to mezei350
mezei350 collected $0.10 from pot
mezei350: doesn't show hand 
*** SUMMARY ***
Total pot $0.10 | Rake $0 
Seat 1: TikeTake (button) folded before Flop (didn't bet)
Seat 2: fabincastro1 (small blind) folded before Flop
Seat 3: mezei350 (big blind) collected ($0.10)
Seat 4: HubertusB folded before Flop (didn't bet)
Seat 5: Girigal folded before Flop (didn't bet)
Seat 6: chese54 folded before Flop (didn't bet)



PokerStars Zoom Hand #176818341865:  Hold'em No Limit ($0.05/$0.10) - 2017/10/12 22:59:52 CCT [2017/10/12 10:59:52 ET]
Table 'Aludra' 6-max Seat #1 is the button
Seat 1: Vasy0777 ($14.24 in chips) 
Seat 2: ty4urchips24 ($16.39 in chips) 
Seat 3: zacharias12 ($4.08 in chips) 
Seat 4: manuk333 ($10.15 in chips) 
Seat 5: HubertusB ($10.97 in chips) 
Seat 6: sh1m4n0 ($8.59 in chips) 
ty4urchips24: posts small blind $0.05
zacharias12: posts big blind $0.10
*** HOLE CARDS ***
Dealt to HubertusB [6d 6s]
manuk333: folds 
HubertusB: raises $0.14 to $0.24
sh1m4n0: folds 
Vasy0777: calls $0.24
ty4urchips24: folds 
zacharias12: folds 
*** FLOP *** [3c Jh 4c]
HubertusB: bets $0.33
Vasy0777: folds 
Uncalled bet ($0.33) returned to HubertusB
HubertusB collected $0.60 from pot
HubertusB: doesn't show hand 
*** SUMMARY ***
Total pot $0.63 | Rake $0.03 
Board [3c Jh 4c]
Seat 1: Vasy0777 (button) folded on the Flop
Seat 2: ty4urchips24 (small blind) folded before Flop
Seat 3: zacharias12 (big blind) folded before Flop
Seat 4: manuk333 folded before Flop (didn't bet)
Seat 5: HubertusB collected ($0.60)
Seat 6: sh1m4n0 folded before Flop (didn't bet)



PokerStars Zoom Hand #176818354068:  Hold'em No Limit ($0.05/$0.10) - 2017/10/12 23:00:16 CCT [2017/10/12 11:00:16 ET]
Table 'Aludra' 6-max Seat #1 is the button
Seat 1: PokerSpanie ($12.96 in chips) 
Seat 2: AR4I5555 ($8 in chips) 
Seat 3: RaptNurs ($34.74 in chips) 
Seat 4: HubertusB ($11.33 in chips) 
Seat 5: Sirius S.V. ($18.52 in chips) 
Seat 6: Forget4bet ($12.92 in chips) 
AR4I5555: posts small blind $0.05
RaptNurs: posts big blind $0.10
*** HOLE CARDS ***
Dealt to HubertusB [5d 2s]
HubertusB: folds 
Sirius S.V.: folds 
Forget4bet: folds 
PokerSpanie: raises $0.20 to $0.30
AR4I5555: folds 
RaptNurs: folds 
Uncalled bet ($0.20) returned to PokerSpanie
PokerSpanie collected $0.25 from pot
PokerSpanie: doesn't show hand 
*** SUMMARY ***
Total pot $0.25 | Rake $0 
Seat 1: PokerSpanie (button) collected ($0.25)
Seat 2: AR4I5555 (small blind) folded before Flop
Seat 3: RaptNurs (big blind) folded before Flop
Seat 4: HubertusB folded before Flop (didn't bet)
Seat 5: Sirius S.V. folded before Flop (didn't bet)
Seat 6: Forget4bet folded before Flop (didn't bet)



PokerStars Zoom Hand #176818356584:  Hold'em No Limit ($0.05/$0.10) - 2017/10/12 23:00:21 CCT [2017/10/12 11:00:21 ET]
Table 'Aludra' 6-max Seat #1 is the button
Seat 1: Miels1986 ($11.74 in chips) 
Seat 2: hzxyz ($9.22 in chips) 
Seat 3: HubertusB ($11.33 in chips) 
Seat 4: Kurttta ($10.67 in chips) 
Seat 5: RaptNurs ($10.81 in chips) 
Seat 6: KoreanDurr1 ($10 in chips) 
hzxyz: posts small blind $0.05
HubertusB: posts big blind $0.10
*** HOLE CARDS ***
Dealt to HubertusB [Qd Qs]
Kurttta: raises $0.20 to $0.30
RaptNurs: folds 
KoreanDurr1: folds 
Miels1986: folds 
hzxyz: folds 
HubertusB: calls $0.20
*** FLOP *** [3c Qh Th]
HubertusB: bets $0.40
Kurttta: raises $0.62 to $1.02
HubertusB: raises $2.18 to $3.20
Kurttta: folds 
Uncalled bet ($2.18) returned to HubertusB
HubertusB collected $2.57 from pot
HubertusB: doesn't show hand 
*** SUMMARY ***
Total pot $2.69 | Rake $0.12 
Board [3c Qh Th]
Seat 1: Miels1986 (button) folded before Flop (didn't bet)
Seat 2: hzxyz (small blind) folded before Flop
Seat 3: HubertusB (big blind) collected ($2.57)
Seat 4: Kurttta folded on the Flop
Seat 5: RaptNurs folded before Flop (didn't bet)
Seat 6: KoreanDurr1 folded before Flop (didn't bet)



PokerStars Zoom Hand #176818393910:  Hold'em No Limit ($0.05/$0.10) - 2017/10/12 23:01:30 CCT [2017/10/12 11:01:30 ET]
Table 'Aludra' 6-max Seat #1 is the button
Seat 1: TOBSEN_TE9 ($10 in chips) 
Seat 2: HubertusB ($12.58 in chips) 
Seat 3: AngelBear82 ($68.35 in chips) 
Seat 4: PokerSpanie ($12.01 in chips) 
Seat 5: olliole ($13.97 in chips) 
Seat 6: glynnoo ($11.11 in chips) 
HubertusB: posts small blind $0.05
AngelBear82: posts big blind $0.10
*** HOLE CARDS ***
Dealt to HubertusB [6d 8s]
PokerSpanie: folds 
olliole: folds 
glynnoo: folds 
TOBSEN_TE9: folds 
HubertusB: folds 
Uncalled bet ($0.05) returned to AngelBear82
AngelBear82 collected $0.10 from pot
AngelBear82: doesn't show hand 
*** SUMMARY ***
Total pot $0.10 | Rake $0 
Seat 1: TOBSEN_TE9 (button) folded before Flop (didn't bet)
Seat 2: HubertusB (small blind) folded before Flop
Seat 3: AngelBear82 (big blind) collected ($0.10)
Seat 4: PokerSpanie folded before Flop (didn't bet)
Seat 5: olliole folded before Flop (didn't bet)
Seat 6: glynnoo folded before Flop (didn't bet)



PokerStars Zoom Hand #176818389384:  Hold'em No Limit ($0.05/$0.10) - 2017/10/12 23:01:22 CCT [2017/10/12 11:01:22 ET]
Table 'Aludra' 6-max Seat #1 is the button
Seat 1: Kot_13_L ($1.50 in chips) 
Seat 2: leetine ($11.71 in chips) 
Seat 3: Jordii-_-208 ($35.31 in chips) 
Seat 4: HubertusB ($12.58 in chips) 
Seat 5: Privat Hagen ($7.54 in chips) 
Seat 6: 408VP ($8.15 in chips) 
leetine: posts small blind $0.05
Jordii-_-208: posts big blind $0.10
*** HOLE CARDS ***
Dealt to HubertusB [8s 3h]
HubertusB: folds 
Privat Hagen: raises $0.20 to $0.30
408VP: calls $0.30
Kot_13_L: folds 
leetine: folds 
Jordii-_-208: folds 
*** FLOP *** [Jd 3s 3d]
Privat Hagen: checks 
408VP: bets $0.48
Privat Hagen: folds 
Uncalled bet ($0.48) returned to 408VP
408VP collected $0.72 from pot
408VP: doesn't show hand 
*** SUMMARY ***
Total pot $0.75 | Rake $0.03 
Board [Jd 3s 3d]
Seat 1: Kot_13_L (button) folded before Flop (didn't bet)
Seat 2: leetine (small blind) folded before Flop
Seat 3: Jordii-_-208 (big blind) folded before Flop
Seat 4: HubertusB folded before Flop (didn't bet)
Seat 5: Privat Hagen folded on the Flop
Seat 6: 408VP collected ($0.72)



PokerStars Zoom Hand #176818396701:  Hold'em No Limit ($0.05/$0.10) - 2017/10/12 23:01:35 CCT [2017/10/12 11:01:35 ET]
Table 'Aludra' 6-max Seat #1 is the button
Seat 1: prata2008 ($19.77 in chips) 
Seat 2: edik12031973 ($9.90 in chips) 
Seat 3: HubertusB ($12.53 in chips) 
Seat 4: Chucky8110 ($9.05 in chips) 
Seat 5: matko031 ($10 in chips) 
Seat 6: nextlevel08 ($10.89 in chips) 
edik12031973: posts small blind $0.05
HubertusB: posts big blind $0.10
*** HOLE CARDS ***
Dealt to HubertusB [7c 8s]
Chucky8110: folds 
matko031: raises $0.12 to $0.22
nextlevel08: folds 
prata2008: folds 
edik12031973: folds 
HubertusB: folds 
Uncalled bet ($0.12) returned to matko031
matko031 collected $0.25 from pot
matko031: doesn't show hand 
*** SUMMARY ***
Total pot $0.25 | Rake $0 
Seat 1: prata2008 (button) folded before Flop (didn't bet)
Seat 2: edik12031973 (small blind) folded before Flop
Seat 3: HubertusB (big blind) folded before Flop
Seat 4: Chucky8110 folded before Flop (didn't bet)
Seat 5: matko031 collected ($0.25)
Seat 6: nextlevel08 folded before Flop (didn't bet)



PokerStars Zoom Hand #176818406791:  Hold'em No Limit ($0.05/$0.10) - 2017/10/12 23:01:53 CCT [2017/10/12 11:01:53 ET]
Table 'Aludra' 6-max Seat #1 is the button
Seat 1: HubertusB ($12.43 in chips) 
Seat 2: Kurttta ($10 in chips) 
Seat 3: El_Espanacas ($3.02 in chips) 
Seat 4: newsph ($10.12 in chips) 
Seat 5: shur23 ($9.85 in chips) 
Seat 6: High Calonic ($14.39 in chips) 
Kurttta: posts small blind $0.05
El_Espanacas: posts big blind $0.10
*** HOLE CARDS ***
Dealt to HubertusB [Ah 2d]
newsph: folds 
shur23: folds 
High Calonic: folds 
HubertusB: folds 
Kurttta: folds 
Uncalled bet ($0.05) returned to El_Espanacas
El_Espanacas collected $0.10 from pot
El_Espanacas: doesn't show hand 
*** SUMMARY ***
Total pot $0.10 | Rake $0 
Seat 1: HubertusB (button) folded before Flop (didn't bet)
Seat 2: Kurttta (small blind) folded before Flop
Seat 3: El_Espanacas (big blind) collected ($0.10)
Seat 4: newsph folded before Flop (didn't bet)
Seat 5: shur23 folded before Flop (didn't bet)
Seat 6: High Calonic folded before Flop (didn't bet)



PokerStars Zoom Hand #176818414594:  Hold'em No Limit ($0.05/$0.10) - 2017/10/12 23:02:07 CCT [2017/10/12 11:02:07 ET]
Table 'Aludra' 6-max Seat #1 is the button
Seat 1: Shinji777 ($13.03 in chips) 
Seat 2: RaptNurs ($10.37 in chips) 
Seat 3: Sinyak 81 ($6.61 in chips) 
Seat 4: DonSeppi86 ($14 in chips) 
Seat 5: HubertusB ($12.43 in chips) 
Seat 6: DCH Mitro ($10 in chips) 
RaptNurs: posts small blind $0.05
Sinyak 81: posts big blind $0.10
*** HOLE CARDS ***
Dealt to HubertusB [9s Ks]
DonSeppi86: raises $0.20 to $0.30
HubertusB: folds 
DCH Mitro: folds 
Shinji777: folds 
RaptNurs: folds 
Sinyak 81: folds 
Uncalled bet ($0.20) returned to DonSeppi86
DonSeppi86 collected $0.25 from pot
DonSeppi86: doesn't show hand 
*** SUMMARY ***
Total pot $0.25 | Rake $0 
Seat 1: Shinji777 (button) folded before Flop (didn't bet)
Seat 2: RaptNurs (small blind) folded before Flop
Seat 3: Sinyak 81 (big blind) folded before Flop
Seat 4: DonSeppi86 collected ($0.25)
Seat 5: HubertusB folded before Flop (didn't bet)
Seat 6: DCH Mitro folded before Flop (didn't bet)



PokerStars Zoom Hand #176818411878:  Hold'em No Limit ($0.05/$0.10) - 2017/10/12 23:02:02 CCT [2017/10/12 11:02:02 ET]
Table 'Aludra' 6-max Seat #1 is the button
Seat 1: Berdyugin ($11.01 in chips) 
Seat 2: cepeza 2011 ($10.12 in chips) 
Seat 3: fdazcky01 ($16.95 in chips) 
Seat 4: jediknighta ($12.09 in chips) 
Seat 5: Lacky_DNK ($4.73 in chips) 
Seat 6: HubertusB ($12.43 in chips) 
cepeza 2011: posts small blind $0.05
fdazcky01: posts big blind $0.10
*** HOLE CARDS ***
Dealt to HubertusB [Jc 6s]
jediknighta: folds 
Lacky_DNK: folds 
HubertusB: folds 
Berdyugin: folds 
cepeza 2011: folds 
Uncalled bet ($0.05) returned to fdazcky01
fdazcky01 collected $0.10 from pot
fdazcky01: doesn't show hand 
*** SUMMARY ***
Total pot $0.10 | Rake $0 
Seat 1: Berdyugin (button) folded before Flop (didn't bet)
Seat 2: cepeza 2011 (small blind) folded before Flop
Seat 3: fdazcky01 (big blind) collected ($0.10)
Seat 4: jediknighta folded before Flop (didn't bet)
Seat 5: Lacky_DNK folded before Flop (didn't bet)
Seat 6: HubertusB folded before Flop (didn't bet)



PokerStars Zoom Hand #176818427290:  Hold'em No Limit ($0.05/$0.10) - 2017/10/12 23:02:29 CCT [2017/10/12 11:02:29 ET]
Table 'Aludra' 6-max Seat #1 is the button
Seat 1: hyokyung85 ($10.46 in chips) 
Seat 2: 7zDistorted ($12.16 in chips) 
Seat 3: HubertusB ($12.38 in chips) 
Seat 4: RIMMM867 ($5.82 in chips) 
Seat 5: AcesGoBroke ($16.61 in chips) 
Seat 6: chese54 ($10.15 in chips) 
7zDistorted: posts small blind $0.05
HubertusB: posts big blind $0.10
*** HOLE CARDS ***
Dealt to HubertusB [4s Jh]
RIMMM867: raises $0.20 to $0.30
AcesGoBroke: folds 
chese54: folds 
hyokyung85: folds 
7zDistorted: folds 
HubertusB: folds 
Uncalled bet ($0.20) returned to RIMMM867
RIMMM867 collected $0.25 from pot
RIMMM867: doesn't show hand 
*** SUMMARY ***
Total pot $0.25 | Rake $0 
Seat 1: hyokyung85 (button) folded before Flop (didn't bet)
Seat 2: 7zDistorted (small blind) folded before Flop
Seat 3: HubertusB (big blind) folded before Flop
Seat 4: RIMMM867 collected ($0.25)
Seat 5: AcesGoBroke folded before Flop (didn't bet)
Seat 6: chese54 folded before Flop (didn't bet)



PokerStars Zoom Hand #176818418687:  Hold'em No Limit ($0.05/$0.10) - 2017/10/12 23:02:14 CCT [2017/10/12 11:02:14 ET]
Table 'Aludra' 6-max Seat #1 is the button
Seat 1: OnTheMove88 ($19.38 in chips) 
Seat 2: Sinyak 81 ($6.51 in chips) 
Seat 3: fseft ($11.41 in chips) 
Seat 4: HubertusB ($12.43 in chips) 
Seat 5: qu96091028 ($23.76 in chips) 
Seat 6: cuwmek ($8.21 in chips) 
Sinyak 81: posts small blind $0.05
fseft: posts big blind $0.10
*** HOLE CARDS ***
Dealt to HubertusB [6c 2c]
HubertusB: folds 
qu96091028: calls $0.10
cuwmek: folds 
OnTheMove88: folds 
Sinyak 81: folds 
fseft: checks 
*** FLOP *** [4h 6d Qs]
fseft: checks 
qu96091028: bets $0.20
fseft: folds 
Uncalled bet ($0.20) returned to qu96091028
qu96091028 collected $0.24 from pot
qu96091028: doesn't show hand 
*** SUMMARY ***
Total pot $0.25 | Rake $0.01 
Board [4h 6d Qs]
Seat 1: OnTheMove88 (button) folded before Flop (didn't bet)
Seat 2: Sinyak 81 (small blind) folded before Flop
Seat 3: fseft (big blind) folded on the Flop
Seat 4: HubertusB folded before Flop (didn't bet)
Seat 5: qu96091028 collected ($0.24)
Seat 6: cuwmek folded before Flop (didn't bet)



PokerStars Zoom Hand #176818421552:  Hold'em No Limit ($0.05/$0.10) - 2017/10/12 23:02:19 CCT [2017/10/12 11:02:19 ET]
Table 'Aludra' 6-max Seat #1 is the button
Seat 1: Polyakoff1 ($11.10 in chips) 
Seat 2: HubertusB ($12.43 in chips) 
Seat 3: ivanmonteneg ($15.13 in chips) 
Seat 4: GasheK1990 ($6.03 in chips) 
Seat 5: S.V.Novik904 ($8.46 in chips) 
Seat 6: level502 ($31.54 in chips) 
HubertusB: posts small blind $0.05
ivanmonteneg: posts big blind $0.10
*** HOLE CARDS ***
Dealt to HubertusB [9s 2d]
GasheK1990: folds 
S.V.Novik904: folds 
level502: folds 
Polyakoff1: raises $0.15 to $0.25
HubertusB: folds 
ivanmonteneg: calls $0.15
*** FLOP *** [As 9h 7d]
ivanmonteneg: checks 
Polyakoff1: checks 
*** TURN *** [As 9h 7d] [Kc]
ivanmonteneg: checks 
Polyakoff1: checks 
*** RIVER *** [As 9h 7d Kc] [Js]
ivanmonteneg: bets $0.30
Polyakoff1: folds 
Uncalled bet ($0.30) returned to ivanmonteneg
ivanmonteneg collected $0.53 from pot
ivanmonteneg: doesn't show hand 
*** SUMMARY ***
Total pot $0.55 | Rake $0.02 
Board [As 9h 7d Kc Js]
Seat 1: Polyakoff1 (button) folded on the River
Seat 2: HubertusB (small blind) folded before Flop
Seat 3: ivanmonteneg (big blind) collected ($0.53)
Seat 4: GasheK1990 folded before Flop (didn't bet)
Seat 5: S.V.Novik904 folded before Flop (didn't bet)
Seat 6: level502 folded before Flop (didn't bet)



PokerStars Zoom Hand #176818439532:  Hold'em No Limit ($0.05/$0.10) - 2017/10/12 23:02:50 CCT [2017/10/12 11:02:50 ET]
Table 'Aludra' 6-max Seat #1 is the button
Seat 1: Anton93726 ($10.62 in chips) 
Seat 2: Lacky_DNK ($4.60 in chips) 
Seat 3: GerDaTobe ($10 in chips) 
Seat 4: HubertusB ($12.23 in chips) 
Seat 5: maaetos ($9.04 in chips) 
Seat 6: HebeFans ($10 in chips) 
Lacky_DNK: posts small blind $0.05
GerDaTobe: posts big blind $0.10
*** HOLE CARDS ***
Dealt to HubertusB [9s Th]
HubertusB: folds 
maaetos: folds 
HebeFans: folds 
Anton93726: raises $0.20 to $0.30
Lacky_DNK: folds 
GerDaTobe: folds 
Uncalled bet ($0.20) returned to Anton93726
Anton93726 collected $0.25 from pot
Anton93726: doesn't show hand 
*** SUMMARY ***
Total pot $0.25 | Rake $0 
Seat 1: Anton93726 (button) collected ($0.25)
Seat 2: Lacky_DNK (small blind) folded before Flop
Seat 3: GerDaTobe (big blind) folded before Flop
Seat 4: HubertusB folded before Flop (didn't bet)
Seat 5: maaetos folded before Flop (didn't bet)
Seat 6: HebeFans folded before Flop (didn't bet)



PokerStars Zoom Hand #176818443020:  Hold'em No Limit ($0.05/$0.10) - 2017/10/12 23:02:56 CCT [2017/10/12 11:02:56 ET]
Table 'Aludra' 6-max Seat #1 is the button
Seat 1: north crimea ($5.89 in chips) 
Seat 2: [97]pasha ($10.05 in chips) 
Seat 3: 3revos ($11.23 in chips) 
Seat 4: fabincastro1 ($10.05 in chips) 
Seat 5: HubertusB ($12.23 in chips) 
Seat 6: reXne ($28.73 in chips) 
[97]pasha: posts small blind $0.05
3revos: posts big blind $0.10
*** HOLE CARDS ***
Dealt to HubertusB [5h 7c]
fabincastro1: raises $0.20 to $0.30
HubertusB: folds 
reXne: folds 
north crimea: folds 
[97]pasha: folds 
3revos: folds 
Uncalled bet ($0.20) returned to fabincastro1
fabincastro1 collected $0.25 from pot
fabincastro1: doesn't show hand 
*** SUMMARY ***
Total pot $0.25 | Rake $0 
Seat 1: north crimea (button) folded before Flop (didn't bet)
Seat 2: [97]pasha (small blind) folded before Flop
Seat 3: 3revos (big blind) folded before Flop
Seat 4: fabincastro1 collected ($0.25)
Seat 5: HubertusB folded before Flop (didn't bet)
Seat 6: reXne folded before Flop (didn't bet)



PokerStars Zoom Hand #176818424333:  Hold'em No Limit ($0.05/$0.10) - 2017/10/12 23:02:24 CCT [2017/10/12 11:02:24 ET]
Table 'Aludra' 6-max Seat #1 is the button
Seat 1: HubertusB ($12.38 in chips) 
Seat 2: Lacky_DNK ($4.78 in chips) 
Seat 3: veryfatjedi ($5.96 in chips) 
Seat 4: jediknighta ($20.41 in chips) 
Seat 5: twanbg ($10 in chips) 
Seat 6: Hart185 ($13.58 in chips) 
Lacky_DNK: posts small blind $0.05
veryfatjedi: posts big blind $0.10
*** HOLE CARDS ***
Dealt to HubertusB [7d 5h]
jediknighta: folds 
twanbg: folds 
Hart185: raises $0.20 to $0.30
HubertusB: folds 
Lacky_DNK: folds 
veryfatjedi: calls $0.20
*** FLOP *** [Td 8s 6s]
veryfatjedi: checks 
Hart185: bets $0.34
veryfatjedi: calls $0.34
*** TURN *** [Td 8s 6s] [9h]
veryfatjedi: checks 
Hart185: bets $0.98
veryfatjedi: calls $0.98
*** RIVER *** [Td 8s 6s 9h] [3s]
veryfatjedi: checks 
Hart185: checks 
*** SHOW DOWN ***
veryfatjedi: shows [Kh Tc] (a pair of Tens)
Hart185: shows [Jc 7c] (a straight, Seven to Jack)
Hart185 collected $3.14 from pot
*** SUMMARY ***
Total pot $3.29 | Rake $0.15 
Board [Td 8s 6s 9h 3s]
Seat 1: HubertusB (button) folded before Flop (didn't bet)
Seat 2: Lacky_DNK (small blind) folded before Flop
Seat 3: veryfatjedi (big blind) showed [Kh Tc] and lost with a pair of Tens
Seat 4: jediknighta folded before Flop (didn't bet)
Seat 5: twanbg folded before Flop (didn't bet)
Seat 6: Hart185 showed [Jc 7c] and won ($3.14) with a straight, Seven to Jack



PokerStars Zoom Hand #176818434202:  Hold'em No Limit ($0.05/$0.10) - 2017/10/12 23:02:41 CCT [2017/10/12 11:02:41 ET]
Table 'Aludra' 6-max Seat #1 is the button
Seat 1: kellysid92 ($17.25 in chips) 
Seat 2: HubertusB ($12.28 in chips) 
Seat 3: ichizane ($1.75 in chips) 
Seat 4: hzxyz ($9.17 in chips) 
Seat 5: Jordii-_-208 ($34.26 in chips) 
Seat 6: kunziekt ($11.63 in chips) 
HubertusB: posts small blind $0.05
ichizane: posts big blind $0.10
*** HOLE CARDS ***
Dealt to HubertusB [5h 6s]
hzxyz: folds 
Jordii-_-208: folds 
kunziekt: folds 
kellysid92: raises $0.10 to $0.20
HubertusB: folds 
ichizane: calls $0.10
*** FLOP *** [9c 8h Qd]
ichizane: checks 
kellysid92: checks 
*** TURN *** [9c 8h Qd] [7h]
ichizane: checks 
kellysid92: bets $0.30
ichizane: folds 
Uncalled bet ($0.30) returned to kellysid92
kellysid92 collected $0.43 from pot
kellysid92: doesn't show hand 
*** SUMMARY ***
Total pot $0.45 | Rake $0.02 
Board [9c 8h Qd 7h]
Seat 1: kellysid92 (button) collected ($0.43)
Seat 2: HubertusB (small blind) folded before Flop
Seat 3: ichizane (big blind) folded on the Turn
Seat 4: hzxyz folded before Flop (didn't bet)
Seat 5: Jordii-_-208 folded before Flop (didn't bet)
Seat 6: kunziekt folded before Flop (didn't bet)



PokerStars Zoom Hand #176818430714:  Hold'em No Limit ($0.05/$0.10) - 2017/10/12 23:02:35 CCT [2017/10/12 11:02:35 ET]
Table 'Aludra' 6-max Seat #1 is the button
Seat 1: Iammillioner ($17.17 in chips) 
Seat 2: Xdisguise ($12.36 in chips) 
Seat 3: I_unix144 ($10.33 in chips) 
Seat 4: marajo_br ($9.85 in chips) 
Seat 5: wyteeee11 ($18.65 in chips) 
Seat 6: HubertusB ($12.28 in chips) 
Xdisguise: posts small blind $0.05
I_unix144: posts big blind $0.10
*** HOLE CARDS ***
Dealt to HubertusB [8s Td]
marajo_br: raises $0.20 to $0.30
wyteeee11: folds 
HubertusB: folds 
Iammillioner: folds 
Xdisguise: calls $0.25
I_unix144: folds 
*** FLOP *** [3s Jh 3h]
Xdisguise: checks 
marajo_br: bets $0.50
Xdisguise: calls $0.50
*** TURN *** [3s Jh 3h] [6h]
Xdisguise: checks 
marajo_br: bets $1.50
Xdisguise: folds 
Uncalled bet ($1.50) returned to marajo_br
marajo_br collected $1.62 from pot
marajo_br: doesn't show hand 
*** SUMMARY ***
Total pot $1.70 | Rake $0.08 
Board [3s Jh 3h 6h]
Seat 1: Iammillioner (button) folded before Flop (didn't bet)
Seat 2: Xdisguise (small blind) folded on the Turn
Seat 3: I_unix144 (big blind) folded before Flop
Seat 4: marajo_br collected ($1.62)
Seat 5: wyteeee11 folded before Flop (didn't bet)
Seat 6: HubertusB folded before Flop (didn't bet)



PokerStars Zoom Hand #176818452881:  Hold'em No Limit ($0.05/$0.10) - 2017/10/12 23:03:13 CCT [2017/10/12 11:03:13 ET]
Table 'Aludra' 6-max Seat #1 is the button
Seat 1: 15M-ONE-Y15 ($14.62 in chips) 
Seat 2: MonikaMenne1 ($7.87 in chips) 
Seat 3: tsyba97 ($5 in chips) 
Seat 4: mne bol'no ($12.89 in chips) 
Seat 5: HubertusB ($12.13 in chips) 
Seat 6: mezei350 ($26.77 in chips) 
MonikaMenne1: posts small blind $0.05
tsyba97: posts big blind $0.10
*** HOLE CARDS ***
Dealt to HubertusB [7d 3c]
mne bol'no: folds 
HubertusB: folds 
mezei350: raises $0.20 to $0.30
15M-ONE-Y15: folds 
MonikaMenne1: folds 
tsyba97: folds 
Uncalled bet ($0.20) returned to mezei350
mezei350 collected $0.25 from pot
mezei350: doesn't show hand 
*** SUMMARY ***
Total pot $0.25 | Rake $0 
Seat 1: 15M-ONE-Y15 (button) folded before Flop (didn't bet)
Seat 2: MonikaMenne1 (small blind) folded before Flop
Seat 3: tsyba97 (big blind) folded before Flop
Seat 4: mne bol'no folded before Flop (didn't bet)
Seat 5: HubertusB folded before Flop (didn't bet)
Seat 6: mezei350 collected ($0.25)



PokerStars Zoom Hand #176818455162:  Hold'em No Limit ($0.05/$0.10) - 2017/10/12 23:03:17 CCT [2017/10/12 11:03:17 ET]
Table 'Aludra' 6-max Seat #1 is the button
Seat 1: dddnnnvvv ($9.15 in chips) 
Seat 2: HubertusB ($12.13 in chips) 
Seat 3: Gaev Alex ($9.05 in chips) 
Seat 4: geurzeepje ($10 in chips) 
Seat 5: GYLIVER321 ($6.96 in chips) 
Seat 6: Jim Hopens ($10 in chips) 
HubertusB: posts small blind $0.05
Gaev Alex: posts big blind $0.10
*** HOLE CARDS ***
Dealt to HubertusB [6h 4d]
geurzeepje: folds 
GYLIVER321: folds 
Jim Hopens: folds 
dddnnnvvv: folds 
HubertusB: folds 
Uncalled bet ($0.05) returned to Gaev Alex
Gaev Alex collected $0.10 from pot
Gaev Alex: doesn't show hand 
*** SUMMARY ***
Total pot $0.10 | Rake $0 
Seat 1: dddnnnvvv (button) folded before Flop (didn't bet)
Seat 2: HubertusB (small blind) folded before Flop
Seat 3: Gaev Alex (big blind) collected ($0.10)
Seat 4: geurzeepje folded before Flop (didn't bet)
Seat 5: GYLIVER321 folded before Flop (didn't bet)
Seat 6: Jim Hopens folded before Flop (didn't bet)



PokerStars Zoom Hand #176818447695:  Hold'em No Limit ($0.05/$0.10) - 2017/10/12 23:03:04 CCT [2017/10/12 11:03:04 ET]
Table 'Aludra' 6-max Seat #1 is the button
Seat 1: kunziekt ($11.53 in chips) 
Seat 2: pool_king111 ($23.91 in chips) 
Seat 3: HubertusB ($12.23 in chips) 
Seat 4: common1326 ($10 in chips) 
Seat 5: Iammillioner ($16.53 in chips) 
Seat 6: dim_dim1975 ($10 in chips) 
pool_king111: posts small blind $0.05
HubertusB: posts big blind $0.10
*** HOLE CARDS ***
Dealt to HubertusB [2h Jh]
common1326: folds 
Iammillioner: raises $0.10 to $0.20
dim_dim1975: folds 
kunziekt: calls $0.20
pool_king111: folds 
HubertusB: folds 
*** FLOP *** [3h Ad 6h]
Iammillioner: checks 
kunziekt: bets $0.30
Iammillioner: folds 
Uncalled bet ($0.30) returned to kunziekt
kunziekt collected $0.53 from pot
kunziekt: doesn't show hand 
*** SUMMARY ***
Total pot $0.55 | Rake $0.02 
Board [3h Ad 6h]
Seat 1: kunziekt (button) collected ($0.53)
Seat 2: pool_king111 (small blind) folded before Flop
Seat 3: HubertusB (big blind) folded before Flop
Seat 4: common1326 folded before Flop (didn't bet)
Seat 5: Iammillioner folded on the Flop
Seat 6: dim_dim1975 folded before Flop (didn't bet)



PokerStars Zoom Hand #176818458629:  Hold'em No Limit ($0.05/$0.10) - 2017/10/12 23:03:23 CCT [2017/10/12 11:03:23 ET]
Table 'Aludra' 6-max Seat #1 is the button
Seat 1: HubertusB ($12.08 in chips) 
Seat 2: tsyba97 ($4.90 in chips) 
Seat 3: mitzkracher ($11.49 in chips) 
Seat 4: ichizane ($1.55 in chips) 
Seat 5: wizardmkslap ($36.84 in chips) 
Seat 6: Stepanych25 ($11.23 in chips) 
tsyba97: posts small blind $0.05
mitzkracher: posts big blind $0.10
*** HOLE CARDS ***
Dealt to HubertusB [4d 8d]
ichizane: calls $0.10
wizardmkslap: raises $0.35 to $0.45
Stepanych25: folds 
HubertusB: folds 
tsyba97: folds 
mitzkracher: folds 
ichizane: folds 
Uncalled bet ($0.35) returned to wizardmkslap
wizardmkslap collected $0.35 from pot
wizardmkslap: doesn't show hand 
*** SUMMARY ***
Total pot $0.35 | Rake $0 
Seat 1: HubertusB (button) folded before Flop (didn't bet)
Seat 2: tsyba97 (small blind) folded before Flop
Seat 3: mitzkracher (big blind) folded before Flop
Seat 4: ichizane folded before Flop
Seat 5: wizardmkslap collected ($0.35)
Seat 6: Stepanych25 folded before Flop (didn't bet)



PokerStars Zoom Hand #176818465633:  Hold'em No Limit ($0.05/$0.10) - 2017/10/12 23:03:35 CCT [2017/10/12 11:03:35 ET]
Table 'Aludra' 6-max Seat #1 is the button
Seat 1: HubertusB ($12.08 in chips) 
Seat 2: mariglen996 ($5.44 in chips) 
Seat 3: moneymakerlz ($5.89 in chips) 
Seat 4: Damon7777 ($9.88 in chips) 
Seat 5: konvol ($11.89 in chips) 
Seat 6: father199 ($13.13 in chips) 
mariglen996: posts small blind $0.05
moneymakerlz: posts big blind $0.10
*** HOLE CARDS ***
Dealt to HubertusB [Jd 8s]
Damon7777: raises $0.30 to $0.40
konvol: folds 
father199: folds 
HubertusB: folds 
mariglen996: folds 
moneymakerlz: calls $0.30
*** FLOP *** [Td 9c Tc]
moneymakerlz: bets $0.10
Damon7777: folds 
Uncalled bet ($0.10) returned to moneymakerlz
moneymakerlz collected $0.81 from pot
moneymakerlz: doesn't show hand 
*** SUMMARY ***
Total pot $0.85 | Rake $0.04 
Board [Td 9c Tc]
Seat 1: HubertusB (button) folded before Flop (didn't bet)
Seat 2: mariglen996 (small blind) folded before Flop
Seat 3: moneymakerlz (big blind) collected ($0.81)
Seat 4: Damon7777 folded on the Flop
Seat 5: konvol folded before Flop (didn't bet)
Seat 6: father199 folded before Flop (didn't bet)



PokerStars Zoom Hand #176818469765:  Hold'em No Limit ($0.05/$0.10) - 2017/10/12 23:03:42 CCT [2017/10/12 11:03:42 ET]
Table 'Aludra' 6-max Seat #1 is the button
Seat 1: Lord voland1 ($13.38 in chips) 
Seat 2: Majkee88 ($10.55 in chips) 
Seat 3: TsaiYP ($10 in chips) 
Seat 4: HubertusB ($12.08 in chips) 
Seat 5: lesik1979 ($11.45 in chips) 
Seat 6: 3revos ($10.42 in chips) 
Majkee88: posts small blind $0.05
TsaiYP: posts big blind $0.10
*** HOLE CARDS ***
Dealt to HubertusB [8d 9c]
HubertusB: folds 
lesik1979: raises $0.15 to $0.25
3revos: raises $0.55 to $0.80
Lord voland1: folds 
Majkee88: folds 
TsaiYP: folds 
lesik1979: folds 
Uncalled bet ($0.55) returned to 3revos
3revos collected $0.65 from pot
3revos: doesn't show hand 
*** SUMMARY ***
Total pot $0.65 | Rake $0 
Seat 1: Lord voland1 (button) folded before Flop (didn't bet)
Seat 2: Majkee88 (small blind) folded before Flop
Seat 3: TsaiYP (big blind) folded before Flop
Seat 4: HubertusB folded before Flop (didn't bet)
Seat 5: lesik1979 folded before Flop
Seat 6: 3revos collected ($0.65)



PokerStars Zoom Hand #176818462137:  Hold'em No Limit ($0.05/$0.10) - 2017/10/12 23:03:29 CCT [2017/10/12 11:03:29 ET]
Table 'Aludra' 6-max Seat #1 is the button
Seat 1: twanbg ($10 in chips) 
Seat 2: sh1m4n0 ($9.33 in chips) 
Seat 3: newsph ($10 in chips) 
Seat 4: Franek_9182 ($11.12 in chips) 
Seat 5: eazzzae ($23.38 in chips) 
Seat 6: HubertusB ($12.08 in chips) 
sh1m4n0: posts small blind $0.05
newsph: posts big blind $0.10
*** HOLE CARDS ***
Dealt to HubertusB [3c 7d]
Franek_9182: raises $0.15 to $0.25
eazzzae: calls $0.25
HubertusB: folds 
twanbg: folds 
sh1m4n0: folds 
newsph: folds 
*** FLOP *** [Ks Ac Qd]
Franek_9182: checks 
eazzzae: checks 
*** TURN *** [Ks Ac Qd] [5s]
Franek_9182: checks 
eazzzae: checks 
*** RIVER *** [Ks Ac Qd 5s] [Qc]
Franek_9182: checks 
eazzzae: checks 
*** SHOW DOWN ***
Franek_9182: shows [9h 9s] (two pair, Queens and Nines)
eazzzae: mucks hand 
Franek_9182 collected $0.62 from pot
*** SUMMARY ***
Total pot $0.65 | Rake $0.03 
Board [Ks Ac Qd 5s Qc]
Seat 1: twanbg (button) folded before Flop (didn't bet)
Seat 2: sh1m4n0 (small blind) folded before Flop
Seat 3: newsph (big blind) folded before Flop
Seat 4: Franek_9182 showed [9h 9s] and won ($0.62) with two pair, Queens and Nines
Seat 5: eazzzae mucked [2s 2d]
Seat 6: HubertusB folded before Flop (didn't bet)



PokerStars Zoom Hand #176818481375:  Hold'em No Limit ($0.05/$0.10) - 2017/10/12 23:04:02 CCT [2017/10/12 11:04:02 ET]
Table 'Aludra' 6-max Seat #1 is the button
Seat 1: prata2008 ($19.57 in chips) 
Seat 2: Yuraeter ($10 in chips) 
Seat 3: tigerfarm ($12.17 in chips) 
Seat 4: HubertusB ($11.98 in chips) 
Seat 5: Jim Hopens ($10.63 in chips) 
Seat 6: VICTOR_VLD ($10.15 in chips) 
Yuraeter: posts small blind $0.05
tigerfarm: posts big blind $0.10
*** HOLE CARDS ***
Dealt to HubertusB [5h 3s]
HubertusB: folds 
Jim Hopens: folds 
VICTOR_VLD: folds 
prata2008: raises $0.15 to $0.25
Yuraeter: folds 
tigerfarm: folds 
Uncalled bet ($0.15) returned to prata2008
prata2008 collected $0.25 from pot
prata2008: doesn't show hand 
*** SUMMARY ***
Total pot $0.25 | Rake $0 
Seat 1: prata2008 (button) collected ($0.25)
Seat 2: Yuraeter (small blind) folded before Flop
Seat 3: tigerfarm (big blind) folded before Flop
Seat 4: HubertusB folded before Flop (didn't bet)
Seat 5: Jim Hopens folded before Flop (didn't bet)
Seat 6: VICTOR_VLD folded before Flop (didn't bet)



PokerStars Zoom Hand #176818476108:  Hold'em No Limit ($0.05/$0.10) - 2017/10/12 23:03:53 CCT [2017/10/12 11:03:53 ET]
Table 'Aludra' 6-max Seat #1 is the button
Seat 1: pdoenix ($10.32 in chips) 
Seat 2: edik12031973 ($7.86 in chips) 
Seat 3: HubertusB ($12.08 in chips) 
Seat 4: maggisch87 ($14.11 in chips) 
Seat 5: kidsonik ($10.15 in chips) 
Seat 6: Phadrigh ($10.23 in chips) 
edik12031973: posts small blind $0.05
HubertusB: posts big blind $0.10
*** HOLE CARDS ***
Dealt to HubertusB [6h 4c]
maggisch87: raises $0.20 to $0.30
kidsonik: folds 
Phadrigh: folds 
pdoenix: folds 
edik12031973: raises $0.70 to $1
HubertusB: folds 
maggisch87: raises $1.20 to $2.20
edik12031973: calls $1.20
*** FLOP *** [8d Ah Qd]
edik12031973: bets $5.66 and is all-in
maggisch87: calls $5.66
*** TURN *** [8d Ah Qd] [Ts]
*** RIVER *** [8d Ah Qd Ts] [2c]
*** SHOW DOWN ***
edik12031973: shows [7c Ad] (a pair of Aces)
maggisch87: shows [Kc Kd] (a pair of Kings)
edik12031973 collected $15.11 from pot
*** SUMMARY ***
Total pot $15.82 | Rake $0.71 
Board [8d Ah Qd Ts 2c]
Seat 1: pdoenix (button) folded before Flop (didn't bet)
Seat 2: edik12031973 (small blind) showed [7c Ad] and won ($15.11) with a pair of Aces
Seat 3: HubertusB (big blind) folded before Flop
Seat 4: maggisch87 showed [Kc Kd] and lost with a pair of Kings
Seat 5: kidsonik folded before Flop (didn't bet)
Seat 6: Phadrigh folded before Flop (didn't bet)



PokerStars Zoom Hand #176818473341:  Hold'em No Limit ($0.05/$0.10) - 2017/10/12 23:03:48 CCT [2017/10/12 11:03:48 ET]
Table 'Aludra' 6-max Seat #1 is the button
Seat 1: AR4I5555 ($11.76 in chips) 
Seat 2: Noveber ($9.85 in chips) 
Seat 3: worst_nuts ($17.06 in chips) 
Seat 4: Majkee88 ($12.37 in chips) 
Seat 5: ivanmonteneg ($13.25 in chips) 
Seat 6: HubertusB ($12.08 in chips) 
Noveber: posts small blind $0.05
worst_nuts: posts big blind $0.10
*** HOLE CARDS ***
Dealt to HubertusB [2s Qd]
Majkee88: folds 
ivanmonteneg: raises $0.20 to $0.30
HubertusB: folds 
AR4I5555: calls $0.30
Noveber: folds 
worst_nuts: folds 
*** FLOP *** [6h 4c 8d]
ivanmonteneg: bets $0.36
AR4I5555: calls $0.36
*** TURN *** [6h 4c 8d] [9c]
ivanmonteneg: bets $1.50
AR4I5555: calls $1.50
*** RIVER *** [6h 4c 8d 9c] [Ad]
ivanmonteneg: checks 
AR4I5555: bets $1.80
ivanmonteneg: calls $1.80
*** SHOW DOWN ***
AR4I5555: shows [Jc Tc] (high card Ace)
ivanmonteneg: shows [Ac 7c] (a pair of Aces)
ivanmonteneg collected $7.71 from pot
*** SUMMARY ***
Total pot $8.07 | Rake $0.36 
Board [6h 4c 8d 9c Ad]
Seat 1: AR4I5555 (button) showed [Jc Tc] and lost with high card Ace
Seat 2: Noveber (small blind) folded before Flop
Seat 3: worst_nuts (big blind) folded before Flop
Seat 4: Majkee88 folded before Flop (didn't bet)
Seat 5: ivanmonteneg showed [Ac 7c] and won ($7.71) with a pair of Aces
Seat 6: HubertusB folded before Flop (didn't bet)



PokerStars Zoom Hand #176818495440:  Hold'em No Limit ($0.05/$0.10) - 2017/10/12 23:04:26 CCT [2017/10/12 11:04:26 ET]
Table 'Aludra' 6-max Seat #1 is the button
Seat 1: Niro Di Soft ($21.65 in chips) 
Seat 2: konvol ($11.94 in chips) 
Seat 3: HubertusB ($11.93 in chips) 
Seat 4: nextlevel08 ($10.95 in chips) 
Seat 5: twanbg ($10 in chips) 
Seat 6: Jordii-_-208 ($34.76 in chips) 
konvol: posts small blind $0.05
HubertusB: posts big blind $0.10
*** HOLE CARDS ***
Dealt to HubertusB [Js 3d]
nextlevel08: folds 
twanbg: folds 
Jordii-_-208: raises $0.20 to $0.30
Niro Di Soft: calls $0.30
konvol: raises $1 to $1.30
HubertusB: folds 
Jordii-_-208: folds 
Niro Di Soft: folds 
Uncalled bet ($1) returned to konvol
konvol collected $1 from pot
konvol: doesn't show hand 
*** SUMMARY ***
Total pot $1 | Rake $0 
Seat 1: Niro Di Soft (button) folded before Flop
Seat 2: konvol (small blind) collected ($1)
Seat 3: HubertusB (big blind) folded before Flop
Seat 4: nextlevel08 folded before Flop (didn't bet)
Seat 5: twanbg folded before Flop (didn't bet)
Seat 6: Jordii-_-208 folded before Flop



PokerStars Zoom Hand #176818489555:  Hold'em No Limit ($0.05/$0.10) - 2017/10/12 23:04:16 CCT [2017/10/12 11:04:16 ET]
Table 'Aludra' 6-max Seat #1 is the button
Seat 1: HubertusB ($11.93 in chips) 
Seat 2: mitzkracher ($10.52 in chips) 
Seat 3: hsingyang ($12.60 in chips) 
Seat 4: 15M-ONE-Y15 ($14.27 in chips) 
Seat 5: MINXABOO ($5.75 in chips) 
Seat 6: High Calonic ($12.85 in chips) 
mitzkracher: posts small blind $0.05
hsingyang: posts big blind $0.10
*** HOLE CARDS ***
Dealt to HubertusB [9c 7h]
15M-ONE-Y15: folds 
MINXABOO: folds 
High Calonic: raises $0.10 to $0.20
HubertusB: folds 
mitzkracher: folds 
hsingyang: calls $0.10
*** FLOP *** [Jd 7c 6s]
hsingyang: checks 
High Calonic: checks 
*** TURN *** [Jd 7c 6s] [3c]
hsingyang: checks 
High Calonic: checks 
*** RIVER *** [Jd 7c 6s 3c] [Tc]
hsingyang: checks 
High Calonic: checks 
*** SHOW DOWN ***
hsingyang: shows [Kd 7d] (a pair of Sevens)
High Calonic: mucks hand 
hsingyang collected $0.43 from pot
*** SUMMARY ***
Total pot $0.45 | Rake $0.02 
Board [Jd 7c 6s 3c Tc]
Seat 1: HubertusB (button) folded before Flop (didn't bet)
Seat 2: mitzkracher (small blind) folded before Flop
Seat 3: hsingyang (big blind) showed [Kd 7d] and won ($0.43) with a pair of Sevens
Seat 4: 15M-ONE-Y15 folded before Flop (didn't bet)
Seat 5: MINXABOO folded before Flop (didn't bet)
Seat 6: High Calonic mucked [2h 2c]



PokerStars Zoom Hand #176818501225:  Hold'em No Limit ($0.05/$0.10) - 2017/10/12 23:04:36 CCT [2017/10/12 11:04:36 ET]
Table 'Aludra' 6-max Seat #1 is the button
Seat 1: mitzkracher ($10.37 in chips) 
Seat 2: Golden Franz ($28.54 in chips) 
Seat 3: geurzeepje ($10.28 in chips) 
Seat 4: 007drahos ($8.52 in chips) 
Seat 5: HubertusB ($11.83 in chips) 
Seat 6: mne bol'no ($10 in chips) 
Golden Franz: posts small blind $0.05
geurzeepje: posts big blind $0.10
*** HOLE CARDS ***
Dealt to HubertusB [8c Qs]
007drahos: raises $0.20 to $0.30
HubertusB: folds 
mne bol'no: folds 
mitzkracher: folds 
Golden Franz: folds 
geurzeepje: folds 
Uncalled bet ($0.20) returned to 007drahos
007drahos collected $0.25 from pot
007drahos: doesn't show hand 
*** SUMMARY ***
Total pot $0.25 | Rake $0 
Seat 1: mitzkracher (button) folded before Flop (didn't bet)
Seat 2: Golden Franz (small blind) folded before Flop
Seat 3: geurzeepje (big blind) folded before Flop
Seat 4: 007drahos collected ($0.25)
Seat 5: HubertusB folded before Flop (didn't bet)
Seat 6: mne bol'no folded before Flop (didn't bet)



PokerStars Zoom Hand #176818492490:  Hold'em No Limit ($0.05/$0.10) - 2017/10/12 23:04:21 CCT [2017/10/12 11:04:21 ET]
Table 'Aludra' 6-max Seat #1 is the button
Seat 1: Mr.Bery142 ($24.90 in chips) 
Seat 2: Pringles7 ($13.57 in chips) 
Seat 3: mudkicker82 ($7.60 in chips) 
Seat 4: DZ01 ($13.77 in chips) 
Seat 5: reXne ($27.93 in chips) 
Seat 6: HubertusB ($11.93 in chips) 
Pringles7: posts small blind $0.05
mudkicker82: posts big blind $0.10
*** HOLE CARDS ***
Dealt to HubertusB [6h Js]
DZ01: folds 
reXne: folds 
HubertusB: folds 
Mr.Bery142: folds 
Pringles7: calls $0.05
mudkicker82: checks 
*** FLOP *** [7s 5c 4s]
Pringles7: checks 
mudkicker82: bets $0.20
Pringles7: calls $0.20
*** TURN *** [7s 5c 4s] [6s]
Pringles7: checks 
mudkicker82: bets $0.30
Pringles7: calls $0.30
*** RIVER *** [7s 5c 4s 6s] [Th]
Pringles7: checks 
mudkicker82: bets $0.30
Pringles7: calls $0.30
*** SHOW DOWN ***
mudkicker82: shows [3d 6c] (a straight, Three to Seven)
Pringles7: shows [As 3c] (a straight, Three to Seven)
Pringles7 collected $0.86 from pot
mudkicker82 collected $0.86 from pot
*** SUMMARY ***
Total pot $1.80 | Rake $0.08 
Board [7s 5c 4s 6s Th]
Seat 1: Mr.Bery142 (button) folded before Flop (didn't bet)
Seat 2: Pringles7 (small blind) showed [As 3c] and won ($0.86) with a straight, Three to Seven
Seat 3: mudkicker82 (big blind) showed [3d 6c] and won ($0.86) with a straight, Three to Seven
Seat 4: DZ01 folded before Flop (didn't bet)
Seat 5: reXne folded before Flop (didn't bet)
Seat 6: HubertusB folded before Flop (didn't bet)



PokerStars Zoom Hand #176818484849:  Hold'em No Limit ($0.05/$0.10) - 2017/10/12 23:04:08 CCT [2017/10/12 11:04:08 ET]
Table 'Aludra' 6-max Seat #1 is the button
Seat 1: prata2008 ($11.66 in chips) 
Seat 2: HubertusB ($11.98 in chips) 
Seat 3: Chucky8110 ($8.25 in chips) 
Seat 4: maaetos ($9.89 in chips) 
Seat 5: Draber06 ($10.15 in chips) 
Seat 6: Shinji777 ($10.94 in chips) 
HubertusB: posts small blind $0.05
Chucky8110: posts big blind $0.10
*** HOLE CARDS ***
Dealt to HubertusB [5c 2d]
maaetos: folds 
Draber06: raises $0.20 to $0.30
Shinji777: folds 
prata2008: raises $0.70 to $1
HubertusB: folds 
Chucky8110: calls $0.90
Draber06: calls $0.70
*** FLOP *** [8h Js Qc]
Chucky8110: bets $1.28
Draber06: folds 
prata2008: calls $1.28
*** TURN *** [8h Js Qc] [8d]
Chucky8110: checks 
prata2008: checks 
*** RIVER *** [8h Js Qc 8d] [3h]
Chucky8110: bets $4.72
prata2008: folds 
Uncalled bet ($4.72) returned to Chucky8110
Chucky8110 collected $5.36 from pot
Chucky8110: doesn't show hand 
*** SUMMARY ***
Total pot $5.61 | Rake $0.25 
Board [8h Js Qc 8d 3h]
Seat 1: prata2008 (button) folded on the River
Seat 2: HubertusB (small blind) folded before Flop
Seat 3: Chucky8110 (big blind) collected ($5.36)
Seat 4: maaetos folded before Flop (didn't bet)
Seat 5: Draber06 folded on the Flop
Seat 6: Shinji777 folded before Flop (didn't bet)



PokerStars Zoom Hand #176818508860:  Hold'em No Limit ($0.05/$0.10) - 2017/10/12 23:04:49 CCT [2017/10/12 11:04:49 ET]
Table 'Aludra' 6-max Seat #1 is the button
Seat 1: DCH Mitro ($12.82 in chips) 
Seat 2: common1326 ($10.15 in chips) 
Seat 3: Wittl ($10.25 in chips) 
Seat 4: glynnoo ($10 in chips) 
Seat 5: HubertusB ($11.78 in chips) 
Seat 6: Niro Di Soft ($21.35 in chips) 
common1326: posts small blind $0.05
Wittl: posts big blind $0.10
*** HOLE CARDS ***
Dealt to HubertusB [5h Qd]
glynnoo: folds 
HubertusB: folds 
Niro Di Soft: folds 
DCH Mitro: raises $0.15 to $0.25
common1326: folds 
Wittl: folds 
Uncalled bet ($0.15) returned to DCH Mitro
DCH Mitro collected $0.25 from pot
DCH Mitro: doesn't show hand 
*** SUMMARY ***
Total pot $0.25 | Rake $0 
Seat 1: DCH Mitro (button) collected ($0.25)
Seat 2: common1326 (small blind) folded before Flop
Seat 3: Wittl (big blind) folded before Flop
Seat 4: glynnoo folded before Flop (didn't bet)
Seat 5: HubertusB folded before Flop (didn't bet)
Seat 6: Niro Di Soft folded before Flop (didn't bet)



PokerStars Zoom Hand #176818504121:  Hold'em No Limit ($0.05/$0.10) - 2017/10/12 23:04:41 CCT [2017/10/12 11:04:41 ET]
Table 'Aludra' 6-max Seat #1 is the button
Seat 1: MonikaMenne1 ($7.05 in chips) 
Seat 2: HubertusB ($11.83 in chips) 
Seat 3: eSmallOne ($8.70 in chips) 
Seat 4: Wittl ($10.30 in chips) 
Seat 5: zzpotter ($10.15 in chips) 
Seat 6: mezei350 ($9 in chips) 
HubertusB: posts small blind $0.05
eSmallOne: posts big blind $0.10
*** HOLE CARDS ***
Dealt to HubertusB [Kc Th]
Wittl: folds 
zzpotter: folds 
mezei350: folds 
MonikaMenne1: raises $0.10 to $0.20
HubertusB: folds 
eSmallOne: calls $0.10
*** FLOP *** [Jc Ts Jh]
eSmallOne: checks 
MonikaMenne1: checks 
*** TURN *** [Jc Ts Jh] [Qc]
eSmallOne: checks 
MonikaMenne1: checks 
*** RIVER *** [Jc Ts Jh Qc] [9s]
eSmallOne: checks 
MonikaMenne1: bets $0.20
eSmallOne: folds 
Uncalled bet ($0.20) returned to MonikaMenne1
MonikaMenne1 collected $0.43 from pot
MonikaMenne1: doesn't show hand 
*** SUMMARY ***
Total pot $0.45 | Rake $0.02 
Board [Jc Ts Jh Qc 9s]
Seat 1: MonikaMenne1 (button) collected ($0.43)
Seat 2: HubertusB (small blind) folded before Flop
Seat 3: eSmallOne (big blind) folded on the River
Seat 4: Wittl folded before Flop (didn't bet)
Seat 5: zzpotter folded before Flop (didn't bet)
Seat 6: mezei350 folded before Flop (didn't bet)



PokerStars Zoom Hand #176818513664:  Hold'em No Limit ($0.05/$0.10) - 2017/10/12 23:04:57 CCT [2017/10/12 11:04:57 ET]
Table 'Aludra' 6-max Seat #1 is the button
Seat 1: broDobreY911 ($10 in chips) 
Seat 2: vieeel ($13.38 in chips) 
Seat 3: drbennis ($17.08 in chips) 
Seat 4: HubertusB ($11.78 in chips) 
Seat 5: TibyStar ($13.35 in chips) 
Seat 6: mne bol'no ($10 in chips) 
vieeel: posts small blind $0.05
drbennis: posts big blind $0.10
*** HOLE CARDS ***
Dealt to HubertusB [5h Ad]
HubertusB: folds 
TibyStar: folds 
mne bol'no: folds 
broDobreY911: folds 
vieeel: folds 
Uncalled bet ($0.05) returned to drbennis
drbennis collected $0.10 from pot
drbennis: doesn't show hand 
*** SUMMARY ***
Total pot $0.10 | Rake $0 
Seat 1: broDobreY911 (button) folded before Flop (didn't bet)
Seat 2: vieeel (small blind) folded before Flop
Seat 3: drbennis (big blind) collected ($0.10)
Seat 4: HubertusB folded before Flop (didn't bet)
Seat 5: TibyStar folded before Flop (didn't bet)
Seat 6: mne bol'no folded before Flop (didn't bet)



PokerStars Zoom Hand #176818521374:  Hold'em No Limit ($0.05/$0.10) - 2017/10/12 23:05:10 CCT [2017/10/12 11:05:10 ET]
Table 'Aludra' 6-max Seat #1 is the button
Seat 1: r.smart ($11.04 in chips) 
Seat 2: DUICA611 ($11.62 in chips) 
Seat 3: Kurttta ($22.44 in chips) 
Seat 4: GasheK1990 ($5.64 in chips) 
Seat 5: Damon7777 ($8.73 in chips) 
Seat 6: HubertusB ($11.78 in chips) 
DUICA611: posts small blind $0.05
Kurttta: posts big blind $0.10
*** HOLE CARDS ***
Dealt to HubertusB [6h 7c]
GasheK1990: folds 
Damon7777: folds 
HubertusB: folds 
r.smart: folds 
DUICA611: folds 
Uncalled bet ($0.05) returned to Kurttta
Kurttta collected $0.10 from pot
Kurttta: doesn't show hand 
*** SUMMARY ***
Total pot $0.10 | Rake $0 
Seat 1: r.smart (button) folded before Flop (didn't bet)
Seat 2: DUICA611 (small blind) folded before Flop
Seat 3: Kurttta (big blind) collected ($0.10)
Seat 4: GasheK1990 folded before Flop (didn't bet)
Seat 5: Damon7777 folded before Flop (didn't bet)
Seat 6: HubertusB folded before Flop (didn't bet)



PokerStars Zoom Hand #176818517771:  Hold'em No Limit ($0.05/$0.10) - 2017/10/12 23:05:04 CCT [2017/10/12 11:05:04 ET]
Table 'Aludra' 6-max Seat #1 is the button
Seat 1: HubertusB ($11.78 in chips) 
Seat 2: danjewl ($16.37 in chips) 
Seat 3: Draber06 ($13.66 in chips) 
Seat 4: Kummitaja ($13.95 in chips) 
Seat 5: GerDaTobe ($12.34 in chips) 
Seat 6: OTPAgA ($14.76 in chips) 
danjewl: posts small blind $0.05
Draber06: posts big blind $0.10
*** HOLE CARDS ***
Dealt to HubertusB [6c 2h]
Kummitaja: folds 
GerDaTobe: folds 
OTPAgA: folds 
HubertusB: folds 
danjewl: raises $0.14 to $0.24
Draber06: folds 
Uncalled bet ($0.14) returned to danjewl
danjewl collected $0.20 from pot
danjewl: doesn't show hand 
*** SUMMARY ***
Total pot $0.20 | Rake $0 
Seat 1: HubertusB (button) folded before Flop (didn't bet)
Seat 2: danjewl (small blind) collected ($0.20)
Seat 3: Draber06 (big blind) folded before Flop
Seat 4: Kummitaja folded before Flop (didn't bet)
Seat 5: GerDaTobe folded before Flop (didn't bet)
Seat 6: OTPAgA folded before Flop (didn't bet)



PokerStars Zoom Hand #176818524260:  Hold'em No Limit ($0.05/$0.10) - 2017/10/12 23:05:15 CCT [2017/10/12 11:05:15 ET]
Table 'Aludra' 6-max Seat #1 is the button
Seat 1: GrrGrrGrauw ($38.89 in chips) 
Seat 2: common1326 ($10.51 in chips) 
Seat 3: HubertusB ($11.78 in chips) 
Seat 4: Damon7777 ($8.73 in chips) 
Seat 5: Iammillioner ($17.27 in chips) 
Seat 6: sincity999 ($15.17 in chips) 
common1326: posts small blind $0.05
HubertusB: posts big blind $0.10
*** HOLE CARDS ***
Dealt to HubertusB [Qh 2s]
Damon7777: folds 
Iammillioner: folds 
sincity999: raises $0.10 to $0.20
GrrGrrGrauw: raises $0.40 to $0.60
common1326: folds 
HubertusB: folds 
sincity999: folds 
Uncalled bet ($0.40) returned to GrrGrrGrauw
GrrGrrGrauw collected $0.55 from pot
GrrGrrGrauw: doesn't show hand 
*** SUMMARY ***
Total pot $0.55 | Rake $0 
Seat 1: GrrGrrGrauw (button) collected ($0.55)
Seat 2: common1326 (small blind) folded before Flop
Seat 3: HubertusB (big blind) folded before Flop
Seat 4: Damon7777 folded before Flop (didn't bet)
Seat 5: Iammillioner folded before Flop (didn't bet)
Seat 6: sincity999 folded before Flop



PokerStars Zoom Hand #176818532954:  Hold'em No Limit ($0.05/$0.10) - 2017/10/12 23:05:30 CCT [2017/10/12 11:05:30 ET]
Table 'Aludra' 6-max Seat #1 is the button
Seat 1: Lgh44 ($9.50 in chips) 
Seat 2: manuk333 ($10.05 in chips) 
Seat 3: RandA211 ($9.85 in chips) 
Seat 4: OTPAgA ($20.76 in chips) 
Seat 5: HubertusB ($11.63 in chips) 
Seat 6: sssr9000 ($10 in chips) 
manuk333: posts small blind $0.05
RandA211: posts big blind $0.10
*** HOLE CARDS ***
Dealt to HubertusB [3h Kc]
OTPAgA: folds 
HubertusB: folds 
sssr9000: folds 
Lgh44: raises $0.20 to $0.30
manuk333: folds 
RandA211: raises $0.50 to $0.80
Lgh44: calls $0.50
*** FLOP *** [2h 7d Qs]
RandA211: bets $0.70
Lgh44: folds 
Uncalled bet ($0.70) returned to RandA211
RandA211 collected $1.58 from pot
RandA211: doesn't show hand 
*** SUMMARY ***
Total pot $1.65 | Rake $0.07 
Board [2h 7d Qs]
Seat 1: Lgh44 (button) folded on the Flop
Seat 2: manuk333 (small blind) folded before Flop
Seat 3: RandA211 (big blind) collected ($1.58)
Seat 4: OTPAgA folded before Flop (didn't bet)
Seat 5: HubertusB folded before Flop (didn't bet)
Seat 6: sssr9000 folded before Flop (didn't bet)



PokerStars Zoom Hand #176818536533:  Hold'em No Limit ($0.05/$0.10) - 2017/10/12 23:05:36 CCT [2017/10/12 11:05:36 ET]
Table 'Aludra' 6-max Seat #1 is the button
Seat 1: HubertusB ($11.63 in chips) 
Seat 2: pdoenix ($11.07 in chips) 
Seat 3: hyokyung85 ($18.39 in chips) 
Seat 4: veryfatjedi ($8.11 in chips) 
Seat 5: OTPAgA ($17.13 in chips) 
Seat 6: Odysseia ($10.27 in chips) 
pdoenix: posts small blind $0.05
hyokyung85: posts big blind $0.10
*** HOLE CARDS ***
Dealt to HubertusB [4s 4c]
veryfatjedi: folds 
OTPAgA: folds 
Odysseia: raises $0.20 to $0.30
HubertusB: calls $0.30
pdoenix: folds 
hyokyung85: folds 
*** FLOP *** [Td 5h 2h]
Odysseia: checks 
HubertusB: bets $0.40
Odysseia: folds 
Uncalled bet ($0.40) returned to HubertusB
HubertusB collected $0.72 from pot
HubertusB: doesn't show hand 
*** SUMMARY ***
Total pot $0.75 | Rake $0.03 
Board [Td 5h 2h]
Seat 1: HubertusB (button) collected ($0.72)
Seat 2: pdoenix (small blind) folded before Flop
Seat 3: hyokyung85 (big blind) folded before Flop
Seat 4: veryfatjedi folded before Flop (didn't bet)
Seat 5: OTPAgA folded before Flop (didn't bet)
Seat 6: Odysseia folded on the Flop



PokerStars Zoom Hand #176818555799:  Hold'em No Limit ($0.05/$0.10) - 2017/10/12 23:06:09 CCT [2017/10/12 11:06:09 ET]
Table 'Aludra' 6-max Seat #1 is the button
Seat 1: common1326 ($10.96 in chips) 
Seat 2: Gidrommat ($7.39 in chips) 
Seat 3: HubertusB ($12.05 in chips) 
Seat 4: Teepees ($8.25 in chips) 
Seat 5: manuk333 ($10 in chips) 
Seat 6: denchu ($10.05 in chips) 
Gidrommat: posts small blind $0.05
HubertusB: posts big blind $0.10
*** HOLE CARDS ***
Dealt to HubertusB [Qd Jc]
Teepees: folds 
manuk333: folds 
denchu: folds 
common1326: raises $0.15 to $0.25
Gidrommat: folds 
HubertusB: folds 
Uncalled bet ($0.15) returned to common1326
common1326 collected $0.25 from pot
common1326: doesn't show hand 
*** SUMMARY ***
Total pot $0.25 | Rake $0 
Seat 1: common1326 (button) collected ($0.25)
Seat 2: Gidrommat (small blind) folded before Flop
Seat 3: HubertusB (big blind) folded before Flop
Seat 4: Teepees folded before Flop (didn't bet)
Seat 5: manuk333 folded before Flop (didn't bet)
Seat 6: denchu folded before Flop (didn't bet)



PokerStars Zoom Hand #176818530089:  Hold'em No Limit ($0.05/$0.10) - 2017/10/12 23:05:25 CCT [2017/10/12 11:05:25 ET]
Table 'Aludra' 6-max Seat #1 is the button
Seat 1: cepeza 2011 ($12.52 in chips) 
Seat 2: HubertusB ($11.68 in chips) 
Seat 3: james5555896 ($10 in chips) 
Seat 4: TsaiYP ($10.50 in chips) 
Seat 5: wyteeee11 ($19.34 in chips) 
Seat 6: xandrox22001 ($30.45 in chips) 
HubertusB: posts small blind $0.05
james5555896: posts big blind $0.10
*** HOLE CARDS ***
Dealt to HubertusB [Js 7c]
TsaiYP: folds 
wyteeee11: folds 
xandrox22001: folds 
cepeza 2011: raises $0.15 to $0.25
HubertusB: folds 
james5555896: calls $0.15
*** FLOP *** [As 9d Qd]
james5555896: checks 
cepeza 2011: checks 
*** TURN *** [As 9d Qd] [Jd]
james5555896: checks 
cepeza 2011: checks 
*** RIVER *** [As 9d Qd Jd] [Jc]
james5555896: checks 
cepeza 2011: checks 
*** SHOW DOWN ***
james5555896: shows [8s Ks] (a pair of Jacks)
cepeza 2011: shows [4c Ah] (two pair, Aces and Jacks)
cepeza 2011 collected $0.53 from pot
*** SUMMARY ***
Total pot $0.55 | Rake $0.02 
Board [As 9d Qd Jd Jc]
Seat 1: cepeza 2011 (button) showed [4c Ah] and won ($0.53) with two pair, Aces and Jacks
Seat 2: HubertusB (small blind) folded before Flop
Seat 3: james5555896 (big blind) showed [8s Ks] and lost with a pair of Jacks
Seat 4: TsaiYP folded before Flop (didn't bet)
Seat 5: wyteeee11 folded before Flop (didn't bet)
Seat 6: xandrox22001 folded before Flop (didn't bet)



PokerStars Zoom Hand #176818566238:  Hold'em No Limit ($0.05/$0.10) - 2017/10/12 23:06:27 CCT [2017/10/12 11:06:27 ET]
Table 'Aludra' 6-max Seat #1 is the button
Seat 1: 19koliy73 ($8.22 in chips) 
Seat 2: Ren-k914 ($10 in chips) 
Seat 3: 3revos ($11.48 in chips) 
Seat 4: ivanmonteneg ($14.56 in chips) 
Seat 5: broDobreY911 ($9.95 in chips) 
Seat 6: HubertusB ($11.95 in chips) 
Ren-k914: posts small blind $0.05
3revos: posts big blind $0.10
*** HOLE CARDS ***
Dealt to HubertusB [3s 5s]
ivanmonteneg: folds 
broDobreY911: folds 
HubertusB: raises $0.14 to $0.24
19koliy73: folds 
Ren-k914: folds 
3revos: folds 
Uncalled bet ($0.14) returned to HubertusB
HubertusB collected $0.25 from pot
HubertusB: doesn't show hand 
*** SUMMARY ***
Total pot $0.25 | Rake $0 
Seat 1: 19koliy73 (button) folded before Flop (didn't bet)
Seat 2: Ren-k914 (small blind) folded before Flop
Seat 3: 3revos (big blind) folded before Flop
Seat 4: ivanmonteneg folded before Flop (didn't bet)
Seat 5: broDobreY911 folded before Flop (didn't bet)
Seat 6: HubertusB collected ($0.25)



PokerStars Zoom Hand #176818581846:  Hold'em No Limit ($0.05/$0.10) - 2017/10/12 23:06:54 CCT [2017/10/12 11:06:54 ET]
Table 'Aludra' 6-max Seat #1 is the button
Seat 1: HubertusB ($12.10 in chips) 
Seat 2: ymmo7 ($12.51 in chips) 
Seat 3: Nrss ($7.30 in chips) 
Seat 4: BEASTOHOLiC ($11.96 in chips) 
Seat 5: Forget4bet ($13.95 in chips) 
Seat 6: Cauchy10 ($10.15 in chips) 
ymmo7: posts small blind $0.05
Nrss: posts big blind $0.10
*** HOLE CARDS ***
Dealt to HubertusB [9c Ks]
BEASTOHOLiC: folds 
Forget4bet: folds 
Cauchy10: raises $0.10 to $0.20
HubertusB: folds 
ymmo7: folds 
Nrss: folds 
Uncalled bet ($0.10) returned to Cauchy10
Cauchy10 collected $0.25 from pot
Cauchy10: doesn't show hand 
*** SUMMARY ***
Total pot $0.25 | Rake $0 
Seat 1: HubertusB (button) folded before Flop (didn't bet)
Seat 2: ymmo7 (small blind) folded before Flop
Seat 3: Nrss (big blind) folded before Flop
Seat 4: BEASTOHOLiC folded before Flop (didn't bet)
Seat 5: Forget4bet folded before Flop (didn't bet)
Seat 6: Cauchy10 collected ($0.25)



PokerStars Zoom Hand #176818584805:  Hold'em No Limit ($0.05/$0.10) - 2017/10/12 23:06:59 CCT [2017/10/12 11:06:59 ET]
Table 'Aludra' 6-max Seat #1 is the button
Seat 1: BEASTOHOLiC ($11.96 in chips) 
Seat 2: HubertusB ($12.10 in chips) 
Seat 3: Yuraeter ($2.74 in chips) 
Seat 4: Arti177 ($6.60 in chips) 
Seat 5: Miels1986 ($11.10 in chips) 
Seat 6: mirliv ($19.11 in chips) 
HubertusB: posts small blind $0.05
Yuraeter: posts big blind $0.10
*** HOLE CARDS ***
Dealt to HubertusB [3h 5s]
Arti177: folds 
Miels1986: folds 
mirliv: folds 
BEASTOHOLiC: folds 
HubertusB: folds 
Uncalled bet ($0.05) returned to Yuraeter
Yuraeter collected $0.10 from pot
Yuraeter: doesn't show hand 
*** SUMMARY ***
Total pot $0.10 | Rake $0 
Seat 1: BEASTOHOLiC (button) folded before Flop (didn't bet)
Seat 2: HubertusB (small blind) folded before Flop
Seat 3: Yuraeter (big blind) collected ($0.10)
Seat 4: Arti177 folded before Flop (didn't bet)
Seat 5: Miels1986 folded before Flop (didn't bet)
Seat 6: mirliv folded before Flop (didn't bet)



PokerStars Zoom Hand #176818579017:  Hold'em No Limit ($0.05/$0.10) - 2017/10/12 23:06:49 CCT [2017/10/12 11:06:49 ET]
Table 'Aludra' 6-max Seat #1 is the button
Seat 1: matko031 ($13.96 in chips) 
Seat 2: kunziekt ($10.21 in chips) 
Seat 3: wyteeee11 ($10.25 in chips) 
Seat 4: HubertusB ($12.10 in chips) 
Seat 5: antfurto ($15.59 in chips) 
Seat 6: Draber06 ($13.56 in chips) 
kunziekt: posts small blind $0.05
wyteeee11: posts big blind $0.10
*** HOLE CARDS ***
Dealt to HubertusB [Jc 5s]
HubertusB: folds 
antfurto: folds 
Draber06: folds 
matko031: raises $0.12 to $0.22
kunziekt: folds 
wyteeee11: calls $0.12
*** FLOP *** [Qh Ac 6c]
wyteeee11: checks 
matko031: checks 
*** TURN *** [Qh Ac 6c] [Ad]
wyteeee11: checks 
matko031: bets $0.28
wyteeee11: folds 
Uncalled bet ($0.28) returned to matko031
matko031 collected $0.47 from pot
matko031: doesn't show hand 
*** SUMMARY ***
Total pot $0.49 | Rake $0.02 
Board [Qh Ac 6c Ad]
Seat 1: matko031 (button) collected ($0.47)
Seat 2: kunziekt (small blind) folded before Flop
Seat 3: wyteeee11 (big blind) folded on the Turn
Seat 4: HubertusB folded before Flop (didn't bet)
Seat 5: antfurto folded before Flop (didn't bet)
Seat 6: Draber06 folded before Flop (didn't bet)



PokerStars Zoom Hand #176818587814:  Hold'em No Limit ($0.05/$0.10) - 2017/10/12 23:07:04 CCT [2017/10/12 11:07:04 ET]
Table 'Aludra' 6-max Seat #1 is the button
Seat 1: Astour194 ($12.73 in chips) 
Seat 2: Bl1ndF0ld3d ($11.41 in chips) 
Seat 3: Majkee88 ($16.32 in chips) 
Seat 4: antfurto ($15.59 in chips) 
Seat 5: HubertusB ($12.05 in chips) 
Seat 6: Miels1986 ($15.22 in chips) 
Bl1ndF0ld3d: posts small blind $0.05
Majkee88: posts big blind $0.10
*** HOLE CARDS ***
Dealt to HubertusB [9s Js]
antfurto: folds 
HubertusB: raises $0.14 to $0.24
Miels1986: folds 
Astour194: folds 
Bl1ndF0ld3d: folds 
Majkee88: folds 
Uncalled bet ($0.14) returned to HubertusB
HubertusB collected $0.25 from pot
HubertusB: doesn't show hand 
*** SUMMARY ***
Total pot $0.25 | Rake $0 
Seat 1: Astour194 (button) folded before Flop (didn't bet)
Seat 2: Bl1ndF0ld3d (small blind) folded before Flop
Seat 3: Majkee88 (big blind) folded before Flop
Seat 4: antfurto folded before Flop (didn't bet)
Seat 5: HubertusB collected ($0.25)
Seat 6: Miels1986 folded before Flop (didn't bet)



PokerStars Zoom Hand #176818595325:  Hold'em No Limit ($0.05/$0.10) - 2017/10/12 23:07:17 CCT [2017/10/12 11:07:17 ET]
Table 'Aludra' 6-max Seat #1 is the button
Seat 1: Haymo5 ($10.81 in chips) 
Seat 2: carlacat ($16.33 in chips) 
Seat 3: danikor572 ($15.27 in chips) 
Seat 4: Mr.Fish116 ($10.86 in chips) 
Seat 5: Astour194 ($12.73 in chips) 
Seat 6: HubertusB ($12.20 in chips) 
carlacat: posts small blind $0.05
danikor572: posts big blind $0.10
*** HOLE CARDS ***
Dealt to HubertusB [Ah Td]
Mr.Fish116: raises $0.15 to $0.25
Astour194: folds 
HubertusB: calls $0.25
Haymo5: folds 
carlacat: folds 
danikor572: folds 
*** FLOP *** [9d 9h 3c]
Mr.Fish116: checks 
HubertusB: bets $0.40
Mr.Fish116: calls $0.40
*** TURN *** [9d 9h 3c] [Jc]
Mr.Fish116: checks 
HubertusB: bets $0.76
Mr.Fish116: folds 
Uncalled bet ($0.76) returned to HubertusB
HubertusB collected $1.38 from pot
HubertusB: doesn't show hand 
*** SUMMARY ***
Total pot $1.45 | Rake $0.07 
Board [9d 9h 3c Jc]
Seat 1: Haymo5 (button) folded before Flop (didn't bet)
Seat 2: carlacat (small blind) folded before Flop
Seat 3: danikor572 (big blind) folded before Flop
Seat 4: Mr.Fish116 folded on the Turn
Seat 5: Astour194 folded before Flop (didn't bet)
Seat 6: HubertusB collected ($1.38)



PokerStars Zoom Hand #176818635598:  Hold'em No Limit ($0.05/$0.10) - 2017/10/12 23:08:26 CCT [2017/10/12 11:08:26 ET]
Table 'Aludra' 6-max Seat #1 is the button
Seat 1: Universo34 ($14.53 in chips) 
Seat 2: LuNa WL ($10.23 in chips) 
Seat 3: HubertusB ($12.93 in chips) 
Seat 4: jediknighta ($11.50 in chips) 
Seat 5: Dreyysen ($18.36 in chips) 
Seat 6: Iammillioner ($13.16 in chips) 
LuNa WL: posts small blind $0.05
HubertusB: posts big blind $0.10
*** HOLE CARDS ***
Dealt to HubertusB [Jd 3h]
jediknighta: folds 
Dreyysen: folds 
Iammillioner: raises $0.10 to $0.20
Universo34: folds 
LuNa WL: folds 
HubertusB: folds 
Uncalled bet ($0.10) returned to Iammillioner
Iammillioner collected $0.25 from pot
Iammillioner: doesn't show hand 
*** SUMMARY ***
Total pot $0.25 | Rake $0 
Seat 1: Universo34 (button) folded before Flop (didn't bet)
Seat 2: LuNa WL (small blind) folded before Flop
Seat 3: HubertusB (big blind) folded before Flop
Seat 4: jediknighta folded before Flop (didn't bet)
Seat 5: Dreyysen folded before Flop (didn't bet)
Seat 6: Iammillioner collected ($0.25)



PokerStars Zoom Hand #176818632655:  Hold'em No Limit ($0.05/$0.10) - 2017/10/12 23:08:21 CCT [2017/10/12 11:08:21 ET]
Table 'Aludra' 6-max Seat #1 is the button
Seat 1: hyokyung85 ($10.52 in chips) 
Seat 2: Hitcher1391 ($10.10 in chips) 
Seat 3: hfdimf ($10 in chips) 
Seat 4: HubertusB ($12.93 in chips) 
Seat 5: Phadrigh ($10 in chips) 
Seat 6: Shinji777 ($10.15 in chips) 
Hitcher1391: posts small blind $0.05
hfdimf: posts big blind $0.10
*** HOLE CARDS ***
Dealt to HubertusB [9s 8c]
HubertusB: folds 
Phadrigh: folds 
Shinji777: raises $0.20 to $0.30
hyokyung85: folds 
Hitcher1391: calls $0.25
hfdimf: folds 
*** FLOP *** [2d Ts Td]
Hitcher1391: checks 
Shinji777: checks 
*** TURN *** [2d Ts Td] [4h]
Hitcher1391: checks 
Shinji777: bets $0.40
Hitcher1391: folds 
Uncalled bet ($0.40) returned to Shinji777
Shinji777 collected $0.67 from pot
Shinji777: doesn't show hand 
*** SUMMARY ***
Total pot $0.70 | Rake $0.03 
Board [2d Ts Td 4h]
Seat 1: hyokyung85 (button) folded before Flop (didn't bet)
Seat 2: Hitcher1391 (small blind) folded on the Turn
Seat 3: hfdimf (big blind) folded before Flop
Seat 4: HubertusB folded before Flop (didn't bet)
Seat 5: Phadrigh folded before Flop (didn't bet)
Seat 6: Shinji777 collected ($0.67)



PokerStars Zoom Hand #176818640217:  Hold'em No Limit ($0.05/$0.10) - 2017/10/12 23:08:34 CCT [2017/10/12 11:08:34 ET]
Table 'Aludra' 6-max Seat #1 is the button
Seat 1: maggisch87 ($10 in chips) 
Seat 2: Vante17 ($34.99 in chips) 
Seat 3: jediknighta ($11.50 in chips) 
Seat 4: HubertusB ($12.83 in chips) 
Seat 5: headsup_beat ($47.93 in chips) 
Seat 6: ivanmonteneg ($14.41 in chips) 
Vante17: posts small blind $0.05
jediknighta: posts big blind $0.10
*** HOLE CARDS ***
Dealt to HubertusB [2d 2h]
HubertusB: raises $0.14 to $0.24
headsup_beat: folds 
ivanmonteneg: folds 
maggisch87: folds 
Vante17: calls $0.19
jediknighta: calls $0.14
*** FLOP *** [3c Jc 4c]
Vante17: checks 
jediknighta: checks 
HubertusB: bets $0.38
Vante17: calls $0.38
jediknighta: calls $0.38
*** TURN *** [3c Jc 4c] [2s]
Vante17: checks 
jediknighta: checks 
HubertusB: bets $1.30
Vante17: calls $1.30
jediknighta: folds 
*** RIVER *** [3c Jc 4c 2s] [Kd]
Vante17: bets $2.13
HubertusB: calls $2.13
*** SHOW DOWN ***
Vante17: shows [6s 5h] (a straight, Deuce to Six)
HubertusB: mucks hand 
Vante17 collected $8.33 from pot
*** SUMMARY ***
Total pot $8.72 | Rake $0.39 
Board [3c Jc 4c 2s Kd]
Seat 1: maggisch87 (button) folded before Flop (didn't bet)
Seat 2: Vante17 (small blind) showed [6s 5h] and won ($8.33) with a straight, Deuce to Six
Seat 3: jediknighta (big blind) folded on the Turn
Seat 4: HubertusB mucked [2d 2h]
Seat 5: headsup_beat folded before Flop (didn't bet)
Seat 6: ivanmonteneg folded before Flop (didn't bet)



PokerStars Zoom Hand #176818697002:  Hold'em No Limit ($0.05/$0.10) - 2017/10/12 23:10:11 CCT [2017/10/12 11:10:11 ET]
Table 'Aludra' 6-max Seat #1 is the button
Seat 1: HubertusB ($8.78 in chips) 
Seat 2: AcesGoBroke ($18.36 in chips) 
Seat 3: JOAO COELHAO ($10 in chips) 
Seat 4: eazzzae ($21.81 in chips) 
Seat 5: Polyakoff1 ($10 in chips) 
Seat 6: MicroLocoNL ($10.30 in chips) 
AcesGoBroke: posts small blind $0.05
JOAO COELHAO: posts big blind $0.10
*** HOLE CARDS ***
Dealt to HubertusB [3h As]
eazzzae: folds 
Polyakoff1: folds 
MicroLocoNL: folds 
HubertusB: folds 
AcesGoBroke: folds 
Uncalled bet ($0.05) returned to JOAO COELHAO
JOAO COELHAO collected $0.10 from pot
JOAO COELHAO: doesn't show hand 
*** SUMMARY ***
Total pot $0.10 | Rake $0 
Seat 1: HubertusB (button) folded before Flop (didn't bet)
Seat 2: AcesGoBroke (small blind) folded before Flop
Seat 3: JOAO COELHAO (big blind) collected ($0.10)
Seat 4: eazzzae folded before Flop (didn't bet)
Seat 5: Polyakoff1 folded before Flop (didn't bet)
Seat 6: MicroLocoNL folded before Flop (didn't bet)



PokerStars Zoom Hand #176818708698:  Hold'em No Limit ($0.05/$0.10) - 2017/10/12 23:10:31 CCT [2017/10/12 11:10:31 ET]
Table 'Aludra' 6-max Seat #1 is the button
Seat 1: matko031 ($21.26 in chips) 
Seat 2: 33pedro ($22.39 in chips) 
Seat 3: Miels1986 ($10 in chips) 
Seat 4: sergei167 ($25.72 in chips) 
Seat 5: HubertusB ($8.73 in chips) 
Seat 6: sbtdevil ($10.15 in chips) 
33pedro: posts small blind $0.05
Miels1986: posts big blind $0.10
*** HOLE CARDS ***
Dealt to HubertusB [7c 8s]
sergei167: folds 
HubertusB: folds 
sbtdevil: folds 
matko031: folds 
33pedro: folds 
Uncalled bet ($0.05) returned to Miels1986
Miels1986 collected $0.10 from pot
Miels1986: doesn't show hand 
*** SUMMARY ***
Total pot $0.10 | Rake $0 
Seat 1: matko031 (button) folded before Flop (didn't bet)
Seat 2: 33pedro (small blind) folded before Flop
Seat 3: Miels1986 (big blind) collected ($0.10)
Seat 4: sergei167 folded before Flop (didn't bet)
Seat 5: HubertusB folded before Flop (didn't bet)
Seat 6: sbtdevil folded before Flop (didn't bet)



PokerStars Zoom Hand #176818700508:  Hold'em No Limit ($0.05/$0.10) - 2017/10/12 23:10:17 CCT [2017/10/12 11:10:17 ET]
Table 'Aludra' 6-max Seat #1 is the button
Seat 1: Airflora ($10.30 in chips) 
Seat 2: HubertusB ($8.78 in chips) 
Seat 3: Kuba242 ($17.75 in chips) 
Seat 4: common1326 ($10.22 in chips) 
Seat 5: prata2008 ($10.64 in chips) 
Seat 6: Draber06 ($14.23 in chips) 
HubertusB: posts small blind $0.05
Kuba242: posts big blind $0.10
*** HOLE CARDS ***
Dealt to HubertusB [6s 8d]
common1326: folds 
prata2008: folds 
Draber06: raises $0.20 to $0.30
Airflora: folds 
HubertusB: folds 
Kuba242: calls $0.20
*** FLOP *** [Td Ac Jh]
Kuba242: checks 
Draber06: checks 
*** TURN *** [Td Ac Jh] [2s]
Kuba242: bets $0.50
Draber06: folds 
Uncalled bet ($0.50) returned to Kuba242
Kuba242 collected $0.62 from pot
Kuba242: doesn't show hand 
*** SUMMARY ***
Total pot $0.65 | Rake $0.03 
Board [Td Ac Jh 2s]
Seat 1: Airflora (button) folded before Flop (didn't bet)
Seat 2: HubertusB (small blind) folded before Flop
Seat 3: Kuba242 (big blind) collected ($0.62)
Seat 4: common1326 folded before Flop (didn't bet)
Seat 5: prata2008 folded before Flop (didn't bet)
Seat 6: Draber06 folded on the Turn



PokerStars Zoom Hand #176818714007:  Hold'em No Limit ($0.05/$0.10) - 2017/10/12 23:10:40 CCT [2017/10/12 11:10:40 ET]
Table 'Aludra' 6-max Seat #1 is the button
Seat 1: sild ($31.57 in chips) 
Seat 2: OnTheMove88 ($21.68 in chips) 
Seat 3: HubertusB ($8.73 in chips) 
Seat 4: mmvianna01 ($11.78 in chips) 
Seat 5: Polyakoff1 ($13.04 in chips) 
Seat 6: popo4ka1 ($14.70 in chips) 
OnTheMove88: posts small blind $0.05
HubertusB: posts big blind $0.10
*** HOLE CARDS ***
Dealt to HubertusB [9s 2h]
mmvianna01: folds 
Polyakoff1: folds 
popo4ka1: folds 
sild: folds 
OnTheMove88: raises $0.14 to $0.24
HubertusB: folds 
Uncalled bet ($0.14) returned to OnTheMove88
OnTheMove88 collected $0.20 from pot
OnTheMove88: doesn't show hand 
*** SUMMARY ***
Total pot $0.20 | Rake $0 
Seat 1: sild (button) folded before Flop (didn't bet)
Seat 2: OnTheMove88 (small blind) collected ($0.20)
Seat 3: HubertusB (big blind) folded before Flop
Seat 4: mmvianna01 folded before Flop (didn't bet)
Seat 5: Polyakoff1 folded before Flop (didn't bet)
Seat 6: popo4ka1 folded before Flop (didn't bet)



PokerStars Zoom Hand #176818722113:  Hold'em No Limit ($0.05/$0.10) - 2017/10/12 23:10:54 CCT [2017/10/12 11:10:54 ET]
Table 'Aludra' 6-max Seat #1 is the button
Seat 1: Ens.Wattahek ($10.49 in chips) 
Seat 2: Majkee88 ($11.38 in chips) 
Seat 3: Lacky_DNK ($2.75 in chips) 
Seat 4: Miels1986 ($14.73 in chips) 
Seat 5: SuneSt ($10.10 in chips) 
Seat 6: HubertusB ($8.63 in chips) 
Majkee88: posts small blind $0.05
Lacky_DNK: posts big blind $0.10
*** HOLE CARDS ***
Dealt to HubertusB [7c Ah]
Miels1986: folds 
SuneSt: folds 
HubertusB: folds 
Ens.Wattahek: raises $0.10 to $0.20
Majkee88: folds 
Lacky_DNK: folds 
Uncalled bet ($0.10) returned to Ens.Wattahek
Ens.Wattahek collected $0.25 from pot
Ens.Wattahek: doesn't show hand 
*** SUMMARY ***
Total pot $0.25 | Rake $0 
Seat 1: Ens.Wattahek (button) collected ($0.25)
Seat 2: Majkee88 (small blind) folded before Flop
Seat 3: Lacky_DNK (big blind) folded before Flop
Seat 4: Miels1986 folded before Flop (didn't bet)
Seat 5: SuneSt folded before Flop (didn't bet)
Seat 6: HubertusB folded before Flop (didn't bet)



PokerStars Zoom Hand #176818727436:  Hold'em No Limit ($0.05/$0.10) - 2017/10/12 23:11:03 CCT [2017/10/12 11:11:03 ET]
Table 'Aludra' 6-max Seat #1 is the button
Seat 1: hfdimf ($10.52 in chips) 
Seat 2: Ruslan345907 ($5.30 in chips) 
Seat 3: nikolasback ($6.70 in chips) 
Seat 4: HubertusB ($8.63 in chips) 
Seat 5: Damon7777 ($19.42 in chips) 
Seat 6: carlosas13 ($18.50 in chips) 
Ruslan345907: posts small blind $0.05
nikolasback: posts big blind $0.10
*** HOLE CARDS ***
Dealt to HubertusB [Kh 2d]
HubertusB: folds 
Damon7777: folds 
carlosas13: folds 
hfdimf: raises $0.10 to $0.20
Ruslan345907: folds 
nikolasback: folds 
Uncalled bet ($0.10) returned to hfdimf
hfdimf collected $0.25 from pot
hfdimf: doesn't show hand 
*** SUMMARY ***
Total pot $0.25 | Rake $0 
Seat 1: hfdimf (button) collected ($0.25)
Seat 2: Ruslan345907 (small blind) folded before Flop
Seat 3: nikolasback (big blind) folded before Flop
Seat 4: HubertusB folded before Flop (didn't bet)
Seat 5: Damon7777 folded before Flop (didn't bet)
Seat 6: carlosas13 folded before Flop (didn't bet)



PokerStars Zoom Hand #176818730333:  Hold'em No Limit ($0.05/$0.10) - 2017/10/12 23:11:08 CCT [2017/10/12 11:11:08 ET]
Table 'Aludra' 6-max Seat #1 is the button
Seat 1: HubertusB ($8.63 in chips) 
Seat 2: Tomino1988 ($8.98 in chips) 
Seat 3: KoreanDurr1 ($12.32 in chips) 
Seat 4: WildHare597 ($12.17 in chips) 
Seat 5: pdoenix ($11.08 in chips) 
Seat 6: zloihaha ($10 in chips) 
Tomino1988: posts small blind $0.05
KoreanDurr1: posts big blind $0.10
*** HOLE CARDS ***
Dealt to HubertusB [9c 7h]
WildHare597: folds 
pdoenix: folds 
zloihaha: folds 
HubertusB: folds 
Tomino1988: raises $0.20 to $0.30
KoreanDurr1: folds 
Uncalled bet ($0.20) returned to Tomino1988
Tomino1988 collected $0.20 from pot
Tomino1988: doesn't show hand 
*** SUMMARY ***
Total pot $0.20 | Rake $0 
Seat 1: HubertusB (button) folded before Flop (didn't bet)
Seat 2: Tomino1988 (small blind) collected ($0.20)
Seat 3: KoreanDurr1 (big blind) folded before Flop
Seat 4: WildHare597 folded before Flop (didn't bet)
Seat 5: pdoenix folded before Flop (didn't bet)
Seat 6: zloihaha folded before Flop (didn't bet)



PokerStars Zoom Hand #176818733257:  Hold'em No Limit ($0.05/$0.10) - 2017/10/12 23:11:13 CCT [2017/10/12 11:11:13 ET]
Table 'Aludra' 6-max Seat #1 is the button
Seat 1: Otterus94 ($6.70 in chips) 
Seat 2: north crimea ($7.83 in chips) 
Seat 3: BARSUK2466 ($11.97 in chips) 
Seat 4: pool_king111 ($10 in chips) 
Seat 5: HubertusB ($8.63 in chips) 
Seat 6: justynyann4444 ($7.94 in chips) 
north crimea: posts small blind $0.05
BARSUK2466: posts big blind $0.10
*** HOLE CARDS ***
Dealt to HubertusB [5d 2s]
pool_king111: folds 
HubertusB: folds 
justynyann4444: raises $0.20 to $0.30
Otterus94: folds 
north crimea: calls $0.25
BARSUK2466: folds 
*** FLOP *** [3s Jd Kd]
north crimea: checks 
justynyann4444: checks 
*** TURN *** [3s Jd Kd] [5s]
north crimea: checks 
justynyann4444: checks 
*** RIVER *** [3s Jd Kd 5s] [Kc]
north crimea: bets $0.34
justynyann4444: calls $0.34
*** SHOW DOWN ***
north crimea: shows [Jc Qs] (two pair, Kings and Jacks)
justynyann4444: mucks hand 
north crimea collected $1.32 from pot
*** SUMMARY ***
Total pot $1.38 | Rake $0.06 
Board [3s Jd Kd 5s Kc]
Seat 1: Otterus94 (button) folded before Flop (didn't bet)
Seat 2: north crimea (small blind) showed [Jc Qs] and won ($1.32) with two pair, Kings and Jacks
Seat 3: BARSUK2466 (big blind) folded before Flop
Seat 4: pool_king111 folded before Flop (didn't bet)
Seat 5: HubertusB folded before Flop (didn't bet)
Seat 6: justynyann4444 mucked [Ac 9h]



PokerStars Zoom Hand #176818735642:  Hold'em No Limit ($0.05/$0.10) - 2017/10/12 23:11:17 CCT [2017/10/12 11:11:17 ET]
Table 'Aludra' 6-max Seat #1 is the button
Seat 1: pool_king111 ($10 in chips) 
Seat 2: HubertusB ($8.63 in chips) 
Seat 3: eazzzae ($24.79 in chips) 
Seat 4: KoreanDurr1 ($10 in chips) 
Seat 5: LillSvea ($7.44 in chips) 
Seat 6: MINXABOO ($12.08 in chips) 
HubertusB: posts small blind $0.05
eazzzae: posts big blind $0.10
*** HOLE CARDS ***
Dealt to HubertusB [Kc Ad]
KoreanDurr1: folds 
LillSvea: raises $0.20 to $0.30
MINXABOO: folds 
pool_king111: folds 
HubertusB: calls $0.25
eazzzae: folds 
*** FLOP *** [Th Qh 5c]
HubertusB: bets $0.40
LillSvea: raises $1.10 to $1.50
HubertusB: folds 
Uncalled bet ($1.10) returned to LillSvea
LillSvea collected $1.43 from pot
LillSvea: doesn't show hand 
*** SUMMARY ***
Total pot $1.50 | Rake $0.07 
Board [Th Qh 5c]
Seat 1: pool_king111 (button) folded before Flop (didn't bet)
Seat 2: HubertusB (small blind) folded on the Flop
Seat 3: eazzzae (big blind) folded before Flop
Seat 4: KoreanDurr1 folded before Flop (didn't bet)
Seat 5: LillSvea collected ($1.43)
Seat 6: MINXABOO folded before Flop (didn't bet)



PokerStars Zoom Hand #176818772326:  Hold'em No Limit ($0.05/$0.10) - 2017/10/12 23:12:19 CCT [2017/10/12 11:12:19 ET]
Table 'Aludra' 6-max Seat #1 is the button
Seat 1: mezei350 ($10.34 in chips) 
Seat 2: chese54 ($10 in chips) 
Seat 3: HubertusB ($7.93 in chips) 
Seat 4: redandgreen7 ($11.97 in chips) 
Seat 5: ymmo7 ($15.06 in chips) 
Seat 6: SPYRO75 ($6.52 in chips) 
chese54: posts small blind $0.05
HubertusB: posts big blind $0.10
*** HOLE CARDS ***
Dealt to HubertusB [Kc Qs]
redandgreen7: folds 
ymmo7: folds 
SPYRO75: folds 
mezei350: raises $0.20 to $0.30
chese54: raises $0.60 to $0.90
HubertusB: folds 
mezei350: calls $0.60
*** FLOP *** [Qd Ac 6d]
chese54: bets $0.90
mezei350: folds 
Uncalled bet ($0.90) returned to chese54
chese54 collected $1.81 from pot
chese54: doesn't show hand 
*** SUMMARY ***
Total pot $1.90 | Rake $0.09 
Board [Qd Ac 6d]
Seat 1: mezei350 (button) folded on the Flop
Seat 2: chese54 (small blind) collected ($1.81)
Seat 3: HubertusB (big blind) folded before Flop
Seat 4: redandgreen7 folded before Flop (didn't bet)
Seat 5: ymmo7 folded before Flop (didn't bet)
Seat 6: SPYRO75 folded before Flop (didn't bet)



PokerStars Zoom Hand #176818793185:  Hold'em No Limit ($0.05/$0.10) - 2017/10/12 23:12:54 CCT [2017/10/12 11:12:54 ET]
Table 'Aludra' 6-max Seat #1 is the button
Seat 1: Ren-k914 ($11.10 in chips) 
Seat 2: HubertusB ($7.83 in chips) 
Seat 3: tarogame ($10.32 in chips) 
Seat 4: VICTOR_VLD ($11.68 in chips) 
Seat 5: Hart185 ($12.35 in chips) 
Seat 6: Miki-CZ 7 ($7.20 in chips) 
HubertusB: posts small blind $0.05
tarogame: posts big blind $0.10
*** HOLE CARDS ***
Dealt to HubertusB [6c 5d]
VICTOR_VLD: raises $0.20 to $0.30
Hart185: folds 
Miki-CZ 7: folds 
Ren-k914: folds 
HubertusB: folds 
tarogame: folds 
Uncalled bet ($0.20) returned to VICTOR_VLD
VICTOR_VLD collected $0.25 from pot
VICTOR_VLD: doesn't show hand 
*** SUMMARY ***
Total pot $0.25 | Rake $0 
Seat 1: Ren-k914 (button) folded before Flop (didn't bet)
Seat 2: HubertusB (small blind) folded before Flop
Seat 3: tarogame (big blind) folded before Flop
Seat 4: VICTOR_VLD collected ($0.25)
Seat 5: Hart185 folded before Flop (didn't bet)
Seat 6: Miki-CZ 7 folded before Flop (didn't bet)



PokerStars Zoom Hand #176818789637:  Hold'em No Limit ($0.05/$0.10) - 2017/10/12 23:12:48 CCT [2017/10/12 11:12:48 ET]
Table 'Aludra' 6-max Seat #1 is the button
Seat 1: Berdyugin ($8.91 in chips) 
Seat 2: Polyakoff1 ($13.09 in chips) 
Seat 3: Yuraeter ($10.60 in chips) 
Seat 4: EvgeniyP1989 ($10.02 in chips) 
Seat 5: HubertusB ($7.83 in chips) 
Seat 6: hiitretz ($11.66 in chips) 
Polyakoff1: posts small blind $0.05
Yuraeter: posts big blind $0.10
*** HOLE CARDS ***
Dealt to HubertusB [5c Tc]
EvgeniyP1989: folds 
HubertusB: folds 
hiitretz: raises $0.20 to $0.30
Berdyugin: calls $0.30
Polyakoff1: folds 
Yuraeter: calls $0.20
*** FLOP *** [Qh 3d Jc]
Yuraeter: checks 
hiitretz: checks 
Berdyugin: checks 
*** TURN *** [Qh 3d Jc] [Jh]
Yuraeter: checks 
hiitretz: checks 
Berdyugin: checks 
*** RIVER *** [Qh 3d Jc Jh] [4h]
Yuraeter: bets $0.91
hiitretz: folds 
Berdyugin: folds 
Uncalled bet ($0.91) returned to Yuraeter
Yuraeter collected $0.91 from pot
Yuraeter: doesn't show hand 
*** SUMMARY ***
Total pot $0.95 | Rake $0.04 
Board [Qh 3d Jc Jh 4h]
Seat 1: Berdyugin (button) folded on the River
Seat 2: Polyakoff1 (small blind) folded before Flop
Seat 3: Yuraeter (big blind) collected ($0.91)
Seat 4: EvgeniyP1989 folded before Flop (didn't bet)
Seat 5: HubertusB folded before Flop (didn't bet)
Seat 6: hiitretz folded on the River



