PokerStars Zoom Hand #185771686420:  Hold'em No Limit ($0.05/$0.10) - 2018/04/28 22:16:37 CCT [2018/04/28 10:16:37 ET]
Table 'Aludra' 6-max Seat #1 is the button
Seat 1: skrufslim ($10.87 in chips) 
Seat 2: Rallian ($10.20 in chips) 
Seat 3: HubertusB ($10 in chips) 
Seat 4: Brace2 ($23.99 in chips) 
Seat 5: osa126 ($23.36 in chips) 
Seat 6: Luis Tirelli ($30.64 in chips) 
Rallian: posts small blind $0.05
HubertusB: posts big blind $0.10
*** HOLE CARDS ***
Dealt to HubertusB [Th 4s]
Brace2: folds 
osa126: folds 
Luis Tirelli: folds 
skrufslim: folds 
Rallian: raises $0.20 to $0.30
HubertusB: folds 
Uncalled bet ($0.20) returned to Rallian
Rallian collected $0.20 from pot
Rallian: doesn't show hand 
*** SUMMARY ***
Total pot $0.20 | Rake $0 
Seat 1: skrufslim (button) folded before Flop (didn't bet)
Seat 2: Rallian (small blind) collected ($0.20)
Seat 3: HubertusB (big blind) folded before Flop
Seat 4: Brace2 folded before Flop (didn't bet)
Seat 5: osa126 folded before Flop (didn't bet)
Seat 6: Luis Tirelli folded before Flop (didn't bet)



PokerStars Zoom Hand #185771692973:  Hold'em No Limit ($0.05/$0.10) - 2018/04/28 22:16:49 CCT [2018/04/28 10:16:49 ET]
Table 'Aludra' 6-max Seat #1 is the button
Seat 1: mrs.Zhaklin ($15.17 in chips) 
Seat 2: HubertusB ($9.90 in chips) 
Seat 3: MrAlexxxandr ($16.82 in chips) 
Seat 4: Ilia020 ($14.45 in chips) 
Seat 5: YYwin1980 ($6.14 in chips) 
Seat 6: Svetlaya737 ($7.40 in chips) 
HubertusB: posts small blind $0.05
MrAlexxxandr: posts big blind $0.10
*** HOLE CARDS ***
Dealt to HubertusB [Qh 5h]
Ilia020: folds 
YYwin1980: folds 
Svetlaya737: raises $0.20 to $0.30
mrs.Zhaklin: calls $0.30
HubertusB: folds 
MrAlexxxandr: calls $0.20
*** FLOP *** [9s 5c 4h]
MrAlexxxandr: checks 
Svetlaya737: bets $0.91
mrs.Zhaklin: folds 
MrAlexxxandr: folds 
Uncalled bet ($0.91) returned to Svetlaya737
Svetlaya737 collected $0.91 from pot
Svetlaya737: doesn't show hand 
*** SUMMARY ***
Total pot $0.95 | Rake $0.04 
Board [9s 5c 4h]
Seat 1: mrs.Zhaklin (button) folded on the Flop
Seat 2: HubertusB (small blind) folded before Flop
Seat 3: MrAlexxxandr (big blind) folded on the Flop
Seat 4: Ilia020 folded before Flop (didn't bet)
Seat 5: YYwin1980 folded before Flop (didn't bet)
Seat 6: Svetlaya737 collected ($0.91)



PokerStars Zoom Hand #185771695693:  Hold'em No Limit ($0.05/$0.10) - 2018/04/28 22:16:54 CCT [2018/04/28 10:16:54 ET]
Table 'Aludra' 6-max Seat #1 is the button
Seat 1: HubertusB ($9.85 in chips) 
Seat 2: Simonmad ($6.72 in chips) 
Seat 3: TryingWinner ($12.37 in chips) 
Seat 4: borman880 ($10.03 in chips) 
Seat 5: rig_you ($13.49 in chips) 
Seat 6: Dipl.oec. ($8.05 in chips) 
Simonmad: posts small blind $0.05
TryingWinner: posts big blind $0.10
*** HOLE CARDS ***
Dealt to HubertusB [7s Tc]
borman880: folds 
rig_you: folds 
Dipl.oec.: folds 
HubertusB: raises $0.10 to $0.20
Simonmad: folds 
TryingWinner: calls $0.10
*** FLOP *** [Qh 9s 5h]
TryingWinner: checks 
HubertusB: bets $0.30
TryingWinner: folds 
Uncalled bet ($0.30) returned to HubertusB
HubertusB collected $0.43 from pot
HubertusB: doesn't show hand 
*** SUMMARY ***
Total pot $0.45 | Rake $0.02 
Board [Qh 9s 5h]
Seat 1: HubertusB (button) collected ($0.43)
Seat 2: Simonmad (small blind) folded before Flop
Seat 3: TryingWinner (big blind) folded on the Flop
Seat 4: borman880 folded before Flop (didn't bet)
Seat 5: rig_you folded before Flop (didn't bet)
Seat 6: Dipl.oec. folded before Flop (didn't bet)



PokerStars Zoom Hand #185771714837:  Hold'em No Limit ($0.05/$0.10) - 2018/04/28 22:17:29 CCT [2018/04/28 10:17:29 ET]
Table 'Aludra' 6-max Seat #1 is the button
Seat 1: Bihito ($12.03 in chips) 
Seat 2: Olegik555 ($11.41 in chips) 
Seat 3: I Ba$im I ($10 in chips) 
Seat 4: 0FWGKT4 ($10.56 in chips) 
Seat 5: m4g1st3r ($4.70 in chips) 
Seat 6: HubertusB ($10.08 in chips) 
Olegik555: posts small blind $0.05
I Ba$im I: posts big blind $0.10
*** HOLE CARDS ***
Dealt to HubertusB [Ah Jd]
0FWGKT4: folds 
m4g1st3r: folds 
HubertusB: raises $0.10 to $0.20
Bihito: folds 
Olegik555: calls $0.15
I Ba$im I: raises $0.80 to $1
HubertusB: folds 
Olegik555: folds 
Uncalled bet ($0.80) returned to I Ba$im I
I Ba$im I collected $0.60 from pot
I Ba$im I: doesn't show hand 
*** SUMMARY ***
Total pot $0.60 | Rake $0 
Seat 1: Bihito (button) folded before Flop (didn't bet)
Seat 2: Olegik555 (small blind) folded before Flop
Seat 3: I Ba$im I (big blind) collected ($0.60)
Seat 4: 0FWGKT4 folded before Flop (didn't bet)
Seat 5: m4g1st3r folded before Flop (didn't bet)
Seat 6: HubertusB folded before Flop



PokerStars Zoom Hand #185771728459:  Hold'em No Limit ($0.05/$0.10) - 2018/04/28 22:17:54 CCT [2018/04/28 10:17:54 ET]
Table 'Aludra' 6-max Seat #1 is the button
Seat 1: Chao Qun P ($18.81 in chips) 
Seat 2: paleoo ($11.37 in chips) 
Seat 3: stachu_tg ($30.21 in chips) 
Seat 4: Mette272 ($10.10 in chips) 
Seat 5: HubertusB ($9.88 in chips) 
Seat 6: kriptokrysa ($9.13 in chips) 
paleoo: posts small blind $0.05
stachu_tg: posts big blind $0.10
*** HOLE CARDS ***
Dealt to HubertusB [3h Qh]
Mette272: raises $0.12 to $0.22
HubertusB: folds 
kriptokrysa: calls $0.22
Chao Qun P: folds 
paleoo: folds 
stachu_tg: calls $0.12
*** FLOP *** [Qs 6d 9d]
stachu_tg: checks 
Mette272: checks 
kriptokrysa: checks 
*** TURN *** [Qs 6d 9d] [Qc]
stachu_tg: bets $0.82
Mette272: folds 
kriptokrysa: calls $0.82
*** RIVER *** [Qs 6d 9d Qc] [Jc]
stachu_tg: bets $29.17 and is all-in
kriptokrysa: folds 
Uncalled bet ($29.17) returned to stachu_tg
stachu_tg collected $2.24 from pot
stachu_tg: doesn't show hand 
*** SUMMARY ***
Total pot $2.35 | Rake $0.11 
Board [Qs 6d 9d Qc Jc]
Seat 1: Chao Qun P (button) folded before Flop (didn't bet)
Seat 2: paleoo (small blind) folded before Flop
Seat 3: stachu_tg (big blind) collected ($2.24)
Seat 4: Mette272 folded on the Turn
Seat 5: HubertusB folded before Flop (didn't bet)
Seat 6: kriptokrysa folded on the River



PokerStars Zoom Hand #185771732237:  Hold'em No Limit ($0.05/$0.10) - 2018/04/28 22:18:01 CCT [2018/04/28 10:18:01 ET]
Table 'Aludra' 6-max Seat #1 is the button
Seat 1: hcpalli ($22.95 in chips) 
Seat 2: n32r79 ($16.22 in chips) 
Seat 3: Leo Fortune ($7.16 in chips) 
Seat 4: HubertusB ($9.88 in chips) 
Seat 5: Suhoff76 ($49.85 in chips) 
Seat 6: redsy22 ($10.50 in chips) 
n32r79: posts small blind $0.05
Leo Fortune: posts big blind $0.10
*** HOLE CARDS ***
Dealt to HubertusB [5s 6s]
HubertusB: raises $0.10 to $0.20
Suhoff76: folds 
redsy22: folds 
hcpalli: calls $0.20
n32r79: calls $0.15
Leo Fortune: folds 
*** FLOP *** [Td 4s Ts]
n32r79: bets $0.20
HubertusB: calls $0.20
hcpalli: folds 
*** TURN *** [Td 4s Ts] [Qs]
n32r79: bets $0.20
HubertusB: raises $1 to $1.20
n32r79: folds 
Uncalled bet ($1) returned to HubertusB
HubertusB collected $1.43 from pot
HubertusB: doesn't show hand 
*** SUMMARY ***
Total pot $1.50 | Rake $0.07 
Board [Td 4s Ts Qs]
Seat 1: hcpalli (button) folded on the Flop
Seat 2: n32r79 (small blind) folded on the Turn
Seat 3: Leo Fortune (big blind) folded before Flop
Seat 4: HubertusB collected ($1.43)
Seat 5: Suhoff76 folded before Flop (didn't bet)
Seat 6: redsy22 folded before Flop (didn't bet)



PokerStars Zoom Hand #185771754611:  Hold'em No Limit ($0.05/$0.10) - 2018/04/28 22:18:42 CCT [2018/04/28 10:18:42 ET]
Table 'Aludra' 6-max Seat #1 is the button
Seat 1: gasst999 ($6.73 in chips) 
Seat 2: OfFriendship ($14.91 in chips) 
Seat 3: HubertusB ($10.71 in chips) 
Seat 4: LSK/LK821 ($10 in chips) 
Seat 5: Xxq1987 ($15.10 in chips) 
Seat 6: Noah230 ($8.63 in chips) 
OfFriendship: posts small blind $0.05
HubertusB: posts big blind $0.10
*** HOLE CARDS ***
Dealt to HubertusB [7c Kc]
LSK/LK821: folds 
Xxq1987: folds 
Noah230: folds 
gasst999: raises $0.20 to $0.30
OfFriendship: folds 
HubertusB: folds 
Uncalled bet ($0.20) returned to gasst999
gasst999 collected $0.25 from pot
gasst999: doesn't show hand 
*** SUMMARY ***
Total pot $0.25 | Rake $0 
Seat 1: gasst999 (button) collected ($0.25)
Seat 2: OfFriendship (small blind) folded before Flop
Seat 3: HubertusB (big blind) folded before Flop
Seat 4: LSK/LK821 folded before Flop (didn't bet)
Seat 5: Xxq1987 folded before Flop (didn't bet)
Seat 6: Noah230 folded before Flop (didn't bet)



PokerStars Zoom Hand #185771767341:  Hold'em No Limit ($0.05/$0.10) - 2018/04/28 22:19:05 CCT [2018/04/28 10:19:05 ET]
Table 'Aludra' 6-max Seat #1 is the button
Seat 1: Gasosa420 ($12.26 in chips) 
Seat 2: HubertusB ($10.61 in chips) 
Seat 3: Seahake ($10.15 in chips) 
Seat 4: braunzilia ($4.86 in chips) 
Seat 5: stachu_tg ($11.88 in chips) 
Seat 6: Mette272 ($10.89 in chips) 
HubertusB: posts small blind $0.05
Seahake: posts big blind $0.10
*** HOLE CARDS ***
Dealt to HubertusB [8s 9d]
braunzilia: raises $0.70 to $0.80
stachu_tg: folds 
Mette272: folds 
Gasosa420: folds 
HubertusB: folds 
Seahake: folds 
Uncalled bet ($0.70) returned to braunzilia
braunzilia collected $0.25 from pot
braunzilia: doesn't show hand 
*** SUMMARY ***
Total pot $0.25 | Rake $0 
Seat 1: Gasosa420 (button) folded before Flop (didn't bet)
Seat 2: HubertusB (small blind) folded before Flop
Seat 3: Seahake (big blind) folded before Flop
Seat 4: braunzilia collected ($0.25)
Seat 5: stachu_tg folded before Flop (didn't bet)
Seat 6: Mette272 folded before Flop (didn't bet)



PokerStars Zoom Hand #185771764099:  Hold'em No Limit ($0.05/$0.10) - 2018/04/28 22:18:59 CCT [2018/04/28 10:18:59 ET]
Table 'Aludra' 6-max Seat #1 is the button
Seat 1: MaxRies ($10.29 in chips) 
Seat 2: wil_e_84 ($11.56 in chips) 
Seat 3: gryBEARd ($7.95 in chips) 
Seat 4: Bamboleo99 ($10.76 in chips) 
Seat 5: HubertusB ($10.61 in chips) 
Seat 6: Maximysss85 ($10.15 in chips) 
wil_e_84: posts small blind $0.05
gryBEARd: posts big blind $0.10
*** HOLE CARDS ***
Dealt to HubertusB [9s 3h]
Bamboleo99: folds 
HubertusB: folds 
Maximysss85: folds 
MaxRies: raises $0.15 to $0.25
wil_e_84: folds 
gryBEARd: calls $0.15
*** FLOP *** [6h 6d As]
gryBEARd: bets $0.30
MaxRies: raises $0.60 to $0.90
gryBEARd: folds 
Uncalled bet ($0.60) returned to MaxRies
MaxRies collected $1.10 from pot
MaxRies: doesn't show hand 
*** SUMMARY ***
Total pot $1.15 | Rake $0.05 
Board [6h 6d As]
Seat 1: MaxRies (button) collected ($1.10)
Seat 2: wil_e_84 (small blind) folded before Flop
Seat 3: gryBEARd (big blind) folded on the Flop
Seat 4: Bamboleo99 folded before Flop (didn't bet)
Seat 5: HubertusB folded before Flop (didn't bet)
Seat 6: Maximysss85 folded before Flop (didn't bet)



PokerStars Zoom Hand #185771783698:  Hold'em No Limit ($0.05/$0.10) - 2018/04/28 22:19:35 CCT [2018/04/28 10:19:35 ET]
Table 'Aludra' 6-max Seat #1 is the button
Seat 1: Mike_Jinx ($12.19 in chips) 
Seat 2: Maartines ($6.90 in chips) 
Seat 3: p_warlock ($11.71 in chips) 
Seat 4: Alajos620 ($4.67 in chips) 
Seat 5: HubertusB ($10.46 in chips) 
Seat 6: Konstriktor6 ($10 in chips) 
Maartines: posts small blind $0.05
p_warlock: posts big blind $0.10
*** HOLE CARDS ***
Dealt to HubertusB [Kc 5s]
Alajos620: folds 
HubertusB: folds 
Konstriktor6: folds 
Mike_Jinx: raises $0.13 to $0.23
Maartines: folds 
p_warlock: folds 
Uncalled bet ($0.13) returned to Mike_Jinx
Mike_Jinx collected $0.25 from pot
Mike_Jinx: doesn't show hand 
*** SUMMARY ***
Total pot $0.25 | Rake $0 
Seat 1: Mike_Jinx (button) collected ($0.25)
Seat 2: Maartines (small blind) folded before Flop
Seat 3: p_warlock (big blind) folded before Flop
Seat 4: Alajos620 folded before Flop (didn't bet)
Seat 5: HubertusB folded before Flop (didn't bet)
Seat 6: Konstriktor6 folded before Flop (didn't bet)



PokerStars Zoom Hand #185771774387:  Hold'em No Limit ($0.05/$0.10) - 2018/04/28 22:19:18 CCT [2018/04/28 10:19:18 ET]
Table 'Aludra' 6-max Seat #1 is the button
Seat 1: I Ba$im I ($10.20 in chips) 
Seat 2: fujio0702 ($10.05 in chips) 
Seat 3: el snoekie ($12.21 in chips) 
Seat 4: pad_jizney!!98 ($10 in chips) 
Seat 5: Mraz10 ($10 in chips) 
Seat 6: HubertusB ($10.56 in chips) 
fujio0702: posts small blind $0.05
el snoekie: posts big blind $0.10
*** HOLE CARDS ***
Dealt to HubertusB [Jd Ts]
pad_jizney!!98: folds 
Mraz10: raises $0.20 to $0.30
HubertusB: folds 
I Ba$im I: raises $0.60 to $0.90
fujio0702: folds 
el snoekie: folds 
Mraz10: folds 
Uncalled bet ($0.60) returned to I Ba$im I
I Ba$im I collected $0.75 from pot
I Ba$im I: doesn't show hand 
*** SUMMARY ***
Total pot $0.75 | Rake $0 
Seat 1: I Ba$im I (button) collected ($0.75)
Seat 2: fujio0702 (small blind) folded before Flop
Seat 3: el snoekie (big blind) folded before Flop
Seat 4: pad_jizney!!98 folded before Flop (didn't bet)
Seat 5: Mraz10 folded before Flop
Seat 6: HubertusB folded before Flop (didn't bet)



PokerStars Zoom Hand #185771789809:  Hold'em No Limit ($0.05/$0.10) - 2018/04/28 22:19:46 CCT [2018/04/28 10:19:46 ET]
Table 'Aludra' 6-max Seat #1 is the button
Seat 1: Dangerous Mind ($10.15 in chips) 
Seat 2: HubertusB ($10.46 in chips) 
Seat 3: Nl_40RUS ($18.50 in chips) 
Seat 4: MaxRies ($10 in chips) 
Seat 5: Zm3j ($10.38 in chips) 
Seat 6: írfarkas ($3.33 in chips) 
HubertusB: posts small blind $0.05
Nl_40RUS: posts big blind $0.10
*** HOLE CARDS ***
Dealt to HubertusB [3c Td]
MaxRies: folds 
Zm3j: folds 
írfarkas: folds 
Dangerous Mind: raises $0.10 to $0.20
HubertusB: folds 
Nl_40RUS: folds 
Uncalled bet ($0.10) returned to Dangerous Mind
Dangerous Mind collected $0.25 from pot
Dangerous Mind: doesn't show hand 
*** SUMMARY ***
Total pot $0.25 | Rake $0 
Seat 1: Dangerous Mind (button) collected ($0.25)
Seat 2: HubertusB (small blind) folded before Flop
Seat 3: Nl_40RUS (big blind) folded before Flop
Seat 4: MaxRies folded before Flop (didn't bet)
Seat 5: Zm3j folded before Flop (didn't bet)
Seat 6: írfarkas folded before Flop (didn't bet)



PokerStars Zoom Hand #185771779805:  Hold'em No Limit ($0.05/$0.10) - 2018/04/28 22:19:28 CCT [2018/04/28 10:19:28 ET]
Table 'Aludra' 6-max Seat #1 is the button
Seat 1: angry lynx ($9.63 in chips) 
Seat 2: fudzi ($14.01 in chips) 
Seat 3: HubertusB ($10.56 in chips) 
Seat 4: Jondays ($2.28 in chips) 
Seat 5: Mette272 ($10 in chips) 
Seat 6: Marlboro561 ($11.93 in chips) 
fudzi: posts small blind $0.05
HubertusB: posts big blind $0.10
*** HOLE CARDS ***
Dealt to HubertusB [Ts 5c]
Jondays: folds 
Mette272: raises $0.12 to $0.22
Marlboro561: folds 
angry lynx: folds 
fudzi: folds 
HubertusB: folds 
Uncalled bet ($0.12) returned to Mette272
Mette272 collected $0.25 from pot
Mette272: doesn't show hand 
*** SUMMARY ***
Total pot $0.25 | Rake $0 
Seat 1: angry lynx (button) folded before Flop (didn't bet)
Seat 2: fudzi (small blind) folded before Flop
Seat 3: HubertusB (big blind) folded before Flop
Seat 4: Jondays folded before Flop (didn't bet)
Seat 5: Mette272 collected ($0.25)
Seat 6: Marlboro561 folded before Flop (didn't bet)



PokerStars Zoom Hand #185771770581:  Hold'em No Limit ($0.05/$0.10) - 2018/04/28 22:19:11 CCT [2018/04/28 10:19:11 ET]
Table 'Aludra' 6-max Seat #1 is the button
Seat 1: HubertusB ($10.56 in chips) 
Seat 2: ermoha6720 ($15.38 in chips) 
Seat 3: mr-machy ($10.27 in chips) 
Seat 4: bladenexx ($11.46 in chips) 
Seat 5: mangobaby84 ($13.26 in chips) 
Seat 6: n32r79 ($15.67 in chips) 
ermoha6720: posts small blind $0.05
mr-machy: posts big blind $0.10
*** HOLE CARDS ***
Dealt to HubertusB [7d Kd]
bladenexx: folds 
mangobaby84: raises $0.20 to $0.30
n32r79: calls $0.30
HubertusB: folds 
ermoha6720: calls $0.25
mr-machy: calls $0.20
*** FLOP *** [6d Jc 5c]
ermoha6720: checks 
mr-machy: bets $0.60
mangobaby84: calls $0.60
n32r79: calls $0.60
ermoha6720: folds 
*** TURN *** [6d Jc 5c] [Js]
mr-machy: checks 
mangobaby84: checks 
n32r79: checks 
*** RIVER *** [6d Jc 5c Js] [6s]
mr-machy: bets $1.40
mangobaby84: folds 
n32r79: calls $1.40
*** SHOW DOWN ***
mr-machy: shows [2h 4h] (two pair, Jacks and Sixes)
n32r79: shows [8s 8d] (two pair, Jacks and Eights)
n32r79 collected $5.54 from pot
*** SUMMARY ***
Total pot $5.80 | Rake $0.26 
Board [6d Jc 5c Js 6s]
Seat 1: HubertusB (button) folded before Flop (didn't bet)
Seat 2: ermoha6720 (small blind) folded on the Flop
Seat 3: mr-machy (big blind) showed [2h 4h] and lost with two pair, Jacks and Sixes
Seat 4: bladenexx folded before Flop (didn't bet)
Seat 5: mangobaby84 folded on the River
Seat 6: n32r79 showed [8s 8d] and won ($5.54) with two pair, Jacks and Eights



PokerStars Zoom Hand #185771787028:  Hold'em No Limit ($0.05/$0.10) - 2018/04/28 22:19:41 CCT [2018/04/28 10:19:41 ET]
Table 'Aludra' 6-max Seat #1 is the button
Seat 1: befj4397 ($10.42 in chips) 
Seat 2: mangobaby84 ($17.16 in chips) 
Seat 3: waveless ($10.75 in chips) 
Seat 4: HubertusB ($10.46 in chips) 
Seat 5: qq4342024qq ($20.96 in chips) 
Seat 6: borman880 ($11.94 in chips) 
mangobaby84: posts small blind $0.05
waveless: posts big blind $0.10
*** HOLE CARDS ***
Dealt to HubertusB [Kh 3d]
HubertusB: folds 
qq4342024qq: folds 
borman880: folds 
befj4397: folds 
mangobaby84: raises $0.20 to $0.30
waveless: raises $0.70 to $1
mangobaby84: folds 
Uncalled bet ($0.70) returned to waveless
waveless collected $0.60 from pot
waveless: doesn't show hand 
*** SUMMARY ***
Total pot $0.60 | Rake $0 
Seat 1: befj4397 (button) folded before Flop (didn't bet)
Seat 2: mangobaby84 (small blind) folded before Flop
Seat 3: waveless (big blind) collected ($0.60)
Seat 4: HubertusB folded before Flop (didn't bet)
Seat 5: qq4342024qq folded before Flop (didn't bet)
Seat 6: borman880 folded before Flop (didn't bet)



PokerStars Zoom Hand #185771793039:  Hold'em No Limit ($0.05/$0.10) - 2018/04/28 22:19:52 CCT [2018/04/28 10:19:52 ET]
Table 'Aludra' 6-max Seat #1 is the button
Seat 1: stand123 ($10 in chips) 
Seat 2: ericsen1990 ($15.18 in chips) 
Seat 3: kos7kiev ($28.48 in chips) 
Seat 4: HubertusB ($10.41 in chips) 
Seat 5: Yilisha ($10 in chips) 
Seat 6: ivory_xx ($10.25 in chips) 
ericsen1990: posts small blind $0.05
kos7kiev: posts big blind $0.10
*** HOLE CARDS ***
Dealt to HubertusB [8s 5c]
HubertusB: folds 
Yilisha: folds 
ivory_xx: folds 
stand123: folds 
ericsen1990: raises $0.10 to $0.20
kos7kiev: raises $0.70 to $0.90
ericsen1990: folds 
Uncalled bet ($0.70) returned to kos7kiev
kos7kiev collected $0.40 from pot
kos7kiev: doesn't show hand 
*** SUMMARY ***
Total pot $0.40 | Rake $0 
Seat 1: stand123 (button) folded before Flop (didn't bet)
Seat 2: ericsen1990 (small blind) folded before Flop
Seat 3: kos7kiev (big blind) collected ($0.40)
Seat 4: HubertusB folded before Flop (didn't bet)
Seat 5: Yilisha folded before Flop (didn't bet)
Seat 6: ivory_xx folded before Flop (didn't bet)



PokerStars Zoom Hand #185771796349:  Hold'em No Limit ($0.05/$0.10) - 2018/04/28 22:19:58 CCT [2018/04/28 10:19:58 ET]
Table 'Aludra' 6-max Seat #1 is the button
Seat 1: HubertusB ($10.41 in chips) 
Seat 2: K.Philippov ($7.47 in chips) 
Seat 3: parfenov.svd ($9.30 in chips) 
Seat 4: A.Platonov92 ($19.34 in chips) 
Seat 5: CLorenzoB ($8.39 in chips) 
Seat 6: pad_jizney!!98 ($10 in chips) 
K.Philippov: posts small blind $0.05
parfenov.svd: posts big blind $0.10
*** HOLE CARDS ***
Dealt to HubertusB [Ks Kc]
A.Platonov92: folds 
CLorenzoB: folds 
pad_jizney!!98: folds 
HubertusB: raises $0.10 to $0.20
K.Philippov: folds 
parfenov.svd: folds 
Uncalled bet ($0.10) returned to HubertusB
HubertusB collected $0.25 from pot
HubertusB: doesn't show hand 
*** SUMMARY ***
Total pot $0.25 | Rake $0 
Seat 1: HubertusB (button) collected ($0.25)
Seat 2: K.Philippov (small blind) folded before Flop
Seat 3: parfenov.svd (big blind) folded before Flop
Seat 4: A.Platonov92 folded before Flop (didn't bet)
Seat 5: CLorenzoB folded before Flop (didn't bet)
Seat 6: pad_jizney!!98 folded before Flop (didn't bet)



PokerStars Zoom Hand #185771810124:  Hold'em No Limit ($0.05/$0.10) - 2018/04/28 22:20:23 CCT [2018/04/28 10:20:23 ET]
Table 'Aludra' 6-max Seat #1 is the button
Seat 1: Ibra9999999 ($3.91 in chips) 
Seat 2: Nl_40RUS ($18.55 in chips) 
Seat 3: HubertusB ($10.56 in chips) 
Seat 4: HandsomeDaz ($10 in chips) 
Seat 5: jvai2kc ($4.05 in chips) 
Seat 6: laughing.poker ($10 in chips) 
Nl_40RUS: posts small blind $0.05
HubertusB: posts big blind $0.10
*** HOLE CARDS ***
Dealt to HubertusB [Ah 6h]
HandsomeDaz: folds 
jvai2kc: folds 
laughing.poker: raises $0.12 to $0.22
Ibra9999999: calls $0.22
Nl_40RUS: folds 
HubertusB: raises $0.58 to $0.80
laughing.poker: folds 
Ibra9999999: folds 
Uncalled bet ($0.58) returned to HubertusB
HubertusB collected $0.71 from pot
HubertusB: doesn't show hand 
*** SUMMARY ***
Total pot $0.71 | Rake $0 
Seat 1: Ibra9999999 (button) folded before Flop
Seat 2: Nl_40RUS (small blind) folded before Flop
Seat 3: HubertusB (big blind) collected ($0.71)
Seat 4: HandsomeDaz folded before Flop (didn't bet)
Seat 5: jvai2kc folded before Flop (didn't bet)
Seat 6: laughing.poker folded before Flop



PokerStars Zoom Hand #185771825866:  Hold'em No Limit ($0.05/$0.10) - 2018/04/28 22:20:52 CCT [2018/04/28 10:20:52 ET]
Table 'Aludra' 6-max Seat #1 is the button
Seat 1: Dipl.oec. ($12.97 in chips) 
Seat 2: HubertusB ($11.05 in chips) 
Seat 3: jeonjinny ($10.63 in chips) 
Seat 4: Nicosan.ru ($5.51 in chips) 
Seat 5: Tinbasher414 ($11.05 in chips) 
Seat 6: TikTakMan ($11.59 in chips) 
HubertusB: posts small blind $0.05
jeonjinny: posts big blind $0.10
*** HOLE CARDS ***
Dealt to HubertusB [7s 2d]
Nicosan.ru: raises $0.20 to $0.30
Tinbasher414: folds 
TikTakMan: folds 
Dipl.oec.: folds 
HubertusB: folds 
jeonjinny: folds 
Uncalled bet ($0.20) returned to Nicosan.ru
Nicosan.ru collected $0.25 from pot
Nicosan.ru: doesn't show hand 
*** SUMMARY ***
Total pot $0.25 | Rake $0 
Seat 1: Dipl.oec. (button) folded before Flop (didn't bet)
Seat 2: HubertusB (small blind) folded before Flop
Seat 3: jeonjinny (big blind) folded before Flop
Seat 4: Nicosan.ru collected ($0.25)
Seat 5: Tinbasher414 folded before Flop (didn't bet)
Seat 6: TikTakMan folded before Flop (didn't bet)



PokerStars Zoom Hand #185771829236:  Hold'em No Limit ($0.05/$0.10) - 2018/04/28 22:20:58 CCT [2018/04/28 10:20:58 ET]
Table 'Aludra' 6-max Seat #1 is the button
Seat 1: latalt ($10 in chips) 
Seat 2: Konstantin_T ($5.65 in chips) 
Seat 3: RedBorAlex ($12.73 in chips) 
Seat 4: colemanzhang ($10 in chips) 
Seat 5: VictorTomsk ($10.25 in chips) 
Seat 6: HubertusB ($11 in chips) 
Konstantin_T: posts small blind $0.05
RedBorAlex: posts big blind $0.10
*** HOLE CARDS ***
Dealt to HubertusB [8c Ks]
colemanzhang: folds 
VictorTomsk: folds 
HubertusB: folds 
latalt: folds 
Konstantin_T: folds 
Uncalled bet ($0.05) returned to RedBorAlex
RedBorAlex collected $0.10 from pot
RedBorAlex: doesn't show hand 
*** SUMMARY ***
Total pot $0.10 | Rake $0 
Seat 1: latalt (button) folded before Flop (didn't bet)
Seat 2: Konstantin_T (small blind) folded before Flop
Seat 3: RedBorAlex (big blind) collected ($0.10)
Seat 4: colemanzhang folded before Flop (didn't bet)
Seat 5: VictorTomsk folded before Flop (didn't bet)
Seat 6: HubertusB folded before Flop (didn't bet)



PokerStars Zoom Hand #185771833667:  Hold'em No Limit ($0.05/$0.10) - 2018/04/28 22:21:06 CCT [2018/04/28 10:21:06 ET]
Table 'Aludra' 6-max Seat #1 is the button
Seat 1: HubertusB ($11 in chips) 
Seat 2: garrett181818 ($4.70 in chips) 
Seat 3: Brace2 ($32.29 in chips) 
Seat 4: vasek55russ ($9.65 in chips) 
Seat 5: TROFIM.M ($6.23 in chips) 
Seat 6: trad_mac ($14.90 in chips) 
garrett181818: posts small blind $0.05
Brace2: posts big blind $0.10
*** HOLE CARDS ***
Dealt to HubertusB [3s 2d]
vasek55russ: folds 
TROFIM.M: folds 
trad_mac: raises $0.20 to $0.30
HubertusB: folds 
garrett181818: folds 
Brace2: folds 
Uncalled bet ($0.20) returned to trad_mac
trad_mac collected $0.25 from pot
trad_mac: doesn't show hand 
*** SUMMARY ***
Total pot $0.25 | Rake $0 
Seat 1: HubertusB (button) folded before Flop (didn't bet)
Seat 2: garrett181818 (small blind) folded before Flop
Seat 3: Brace2 (big blind) folded before Flop
Seat 4: vasek55russ folded before Flop (didn't bet)
Seat 5: TROFIM.M folded before Flop (didn't bet)
Seat 6: trad_mac collected ($0.25)



PokerStars Zoom Hand #185771837512:  Hold'em No Limit ($0.05/$0.10) - 2018/04/28 22:21:13 CCT [2018/04/28 10:21:13 ET]
Table 'Aludra' 6-max Seat #1 is the button
Seat 1: Alexs10 ($10.79 in chips) 
Seat 2: rig_you ($13.38 in chips) 
Seat 3: JIuMuHTa ($19.06 in chips) 
Seat 4: Cpartan12 ($10.20 in chips) 
Seat 5: HubertusB ($11 in chips) 
Seat 6: dzacharas ($10 in chips) 
rig_you: posts small blind $0.05
JIuMuHTa: posts big blind $0.10
*** HOLE CARDS ***
Dealt to HubertusB [3s 8h]
Cpartan12: folds 
HubertusB: folds 
dzacharas: folds 
Alexs10: folds 
rig_you: folds 
Uncalled bet ($0.05) returned to JIuMuHTa
JIuMuHTa collected $0.10 from pot
JIuMuHTa: doesn't show hand 
*** SUMMARY ***
Total pot $0.10 | Rake $0 
Seat 1: Alexs10 (button) folded before Flop (didn't bet)
Seat 2: rig_you (small blind) folded before Flop
Seat 3: JIuMuHTa (big blind) collected ($0.10)
Seat 4: Cpartan12 folded before Flop (didn't bet)
Seat 5: HubertusB folded before Flop (didn't bet)
Seat 6: dzacharas folded before Flop (didn't bet)



PokerStars Zoom Hand #185771840255:  Hold'em No Limit ($0.05/$0.10) - 2018/04/28 22:21:18 CCT [2018/04/28 10:21:18 ET]
Table 'Aludra' 6-max Seat #1 is the button
Seat 1: Bamboleo99 ($17.11 in chips) 
Seat 2: Shinobilux ($39.49 in chips) 
Seat 3: paleoo ($15.28 in chips) 
Seat 4: shenyiyang88 ($7.11 in chips) 
Seat 5: TROFIM.M ($3.83 in chips) 
Seat 6: HubertusB ($11 in chips) 
Shinobilux: posts small blind $0.05
paleoo: posts big blind $0.10
*** HOLE CARDS ***
Dealt to HubertusB [Ts 8d]
shenyiyang88: folds 
TROFIM.M: raises $0.15 to $0.25
HubertusB: folds 
Bamboleo99: folds 
Shinobilux: folds 
paleoo: folds 
Uncalled bet ($0.15) returned to TROFIM.M
TROFIM.M collected $0.25 from pot
TROFIM.M: doesn't show hand 
*** SUMMARY ***
Total pot $0.25 | Rake $0 
Seat 1: Bamboleo99 (button) folded before Flop (didn't bet)
Seat 2: Shinobilux (small blind) folded before Flop
Seat 3: paleoo (big blind) folded before Flop
Seat 4: shenyiyang88 folded before Flop (didn't bet)
Seat 5: TROFIM.M collected ($0.25)
Seat 6: HubertusB folded before Flop (didn't bet)



PokerStars Zoom Hand #185771844553:  Hold'em No Limit ($0.05/$0.10) - 2018/04/28 22:21:26 CCT [2018/04/28 10:21:26 ET]
Table 'Aludra' 6-max Seat #1 is the button
Seat 1: DeadKiriyama ($17.03 in chips) 
Seat 2: guybrushcrsv ($13.75 in chips) 
Seat 3: Alexs10 ($11.99 in chips) 
Seat 4: HubertusB ($11 in chips) 
Seat 5: mangobaby84 ($14.27 in chips) 
Seat 6: RaiseYrHand ($9.70 in chips) 
guybrushcrsv: posts small blind $0.05
Alexs10: posts big blind $0.10
*** HOLE CARDS ***
Dealt to HubertusB [6d 3c]
HubertusB: folds 
mangobaby84: folds 
RaiseYrHand: folds 
DeadKiriyama: folds 
guybrushcrsv: raises $0.15 to $0.25
Alexs10: folds 
Uncalled bet ($0.15) returned to guybrushcrsv
guybrushcrsv collected $0.20 from pot
guybrushcrsv: doesn't show hand 
*** SUMMARY ***
Total pot $0.20 | Rake $0 
Seat 1: DeadKiriyama (button) folded before Flop (didn't bet)
Seat 2: guybrushcrsv (small blind) collected ($0.20)
Seat 3: Alexs10 (big blind) folded before Flop
Seat 4: HubertusB folded before Flop (didn't bet)
Seat 5: mangobaby84 folded before Flop (didn't bet)
Seat 6: RaiseYrHand folded before Flop (didn't bet)



PokerStars Zoom Hand #185771847832:  Hold'em No Limit ($0.05/$0.10) - 2018/04/28 22:21:32 CCT [2018/04/28 10:21:32 ET]
Table 'Aludra' 6-max Seat #1 is the button
Seat 1: trenerok ($12.66 in chips) 
Seat 2: Mette272 ($10.05 in chips) 
Seat 3: HubertusB ($11 in chips) 
Seat 4: Noah230 ($6.53 in chips) 
Seat 5: zalmans ($16.33 in chips) 
Seat 6: Nocco88 ($10 in chips) 
Mette272: posts small blind $0.05
HubertusB: posts big blind $0.10
*** HOLE CARDS ***
Dealt to HubertusB [Jd Th]
Noah230: folds 
zalmans: folds 
Nocco88: folds 
trenerok: raises $0.15 to $0.25
Mette272: folds 
HubertusB: raises $0.45 to $0.70
trenerok: folds 
Uncalled bet ($0.45) returned to HubertusB
HubertusB collected $0.55 from pot
HubertusB: doesn't show hand 
*** SUMMARY ***
Total pot $0.55 | Rake $0 
Seat 1: trenerok (button) folded before Flop
Seat 2: Mette272 (small blind) folded before Flop
Seat 3: HubertusB (big blind) collected ($0.55)
Seat 4: Noah230 folded before Flop (didn't bet)
Seat 5: zalmans folded before Flop (didn't bet)
Seat 6: Nocco88 folded before Flop (didn't bet)



PokerStars Zoom Hand #185771872118:  Hold'em No Limit ($0.05/$0.10) - 2018/04/28 22:22:16 CCT [2018/04/28 10:22:16 ET]
Table 'Aludra' 6-max Seat #1 is the button
Seat 1: yuki65536 ($9 in chips) 
Seat 2: Zimniy ($10.05 in chips) 
Seat 3: zzzaddd2 ($10 in chips) 
Seat 4: HubertusB ($11.30 in chips) 
Seat 5: Hillau ($11.69 in chips) 
Seat 6: so8610 ($10.68 in chips) 
Zimniy: posts small blind $0.05
zzzaddd2: posts big blind $0.10
*** HOLE CARDS ***
Dealt to HubertusB [Qs Ts]
HubertusB: raises $0.10 to $0.20
Hillau: folds 
so8610: folds 
yuki65536: folds 
Zimniy: folds 
zzzaddd2: folds 
Uncalled bet ($0.10) returned to HubertusB
HubertusB collected $0.25 from pot
HubertusB: doesn't show hand 
*** SUMMARY ***
Total pot $0.25 | Rake $0 
Seat 1: yuki65536 (button) folded before Flop (didn't bet)
Seat 2: Zimniy (small blind) folded before Flop
Seat 3: zzzaddd2 (big blind) folded before Flop
Seat 4: HubertusB collected ($0.25)
Seat 5: Hillau folded before Flop (didn't bet)
Seat 6: so8610 folded before Flop (didn't bet)



PokerStars Zoom Hand #185771886551:  Hold'em No Limit ($0.05/$0.10) - 2018/04/28 22:22:42 CCT [2018/04/28 10:22:42 ET]
Table 'Aludra' 6-max Seat #1 is the button
Seat 1: HubertusB ($11.40 in chips) 
Seat 2: Sensey-nv ($16.56 in chips) 
Seat 3: brooksy803 ($9.53 in chips) 
Seat 4: Luis Tirelli ($14.49 in chips) 
Seat 5: moroz0wa ($9.73 in chips) 
Seat 6: Alabaka56 ($9.46 in chips) 
Sensey-nv: posts small blind $0.05
brooksy803: posts big blind $0.10
*** HOLE CARDS ***
Dealt to HubertusB [9c Kd]
Luis Tirelli: folds 
moroz0wa: folds 
Alabaka56: folds 
HubertusB: folds 
Sensey-nv: folds 
Uncalled bet ($0.05) returned to brooksy803
brooksy803 collected $0.10 from pot
brooksy803: doesn't show hand 
*** SUMMARY ***
Total pot $0.10 | Rake $0 
Seat 1: HubertusB (button) folded before Flop (didn't bet)
Seat 2: Sensey-nv (small blind) folded before Flop
Seat 3: brooksy803 (big blind) collected ($0.10)
Seat 4: Luis Tirelli folded before Flop (didn't bet)
Seat 5: moroz0wa folded before Flop (didn't bet)
Seat 6: Alabaka56 folded before Flop (didn't bet)



PokerStars Zoom Hand #185771883741:  Hold'em No Limit ($0.05/$0.10) - 2018/04/28 22:22:37 CCT [2018/04/28 10:22:37 ET]
Table 'Aludra' 6-max Seat #1 is the button
Seat 1: pad_jizney!!98 ($10.22 in chips) 
Seat 2: HubertusB ($11.45 in chips) 
Seat 3: serj.zp ($10.10 in chips) 
Seat 4: Hillau ($11.64 in chips) 
Seat 5: TikTakMan ($10.34 in chips) 
Seat 6: ermoha6720 ($17.49 in chips) 
HubertusB: posts small blind $0.05
serj.zp: posts big blind $0.10
*** HOLE CARDS ***
Dealt to HubertusB [8d 5h]
Hillau: folds 
TikTakMan: folds 
ermoha6720: raises $0.10 to $0.20
pad_jizney!!98: folds 
HubertusB: folds 
serj.zp: folds 
Uncalled bet ($0.10) returned to ermoha6720
ermoha6720 collected $0.25 from pot
ermoha6720: doesn't show hand 
*** SUMMARY ***
Total pot $0.25 | Rake $0 
Seat 1: pad_jizney!!98 (button) folded before Flop (didn't bet)
Seat 2: HubertusB (small blind) folded before Flop
Seat 3: serj.zp (big blind) folded before Flop
Seat 4: Hillau folded before Flop (didn't bet)
Seat 5: TikTakMan folded before Flop (didn't bet)
Seat 6: ermoha6720 collected ($0.25)



PokerStars Zoom Hand #185771894803:  Hold'em No Limit ($0.05/$0.10) - 2018/04/28 22:22:57 CCT [2018/04/28 10:22:57 ET]
Table 'Aludra' 6-max Seat #1 is the button
Seat 1: SLAYERRRR666 ($29.99 in chips) 
Seat 2: zwakk ($8.05 in chips) 
Seat 3: krollinski ($7.23 in chips) 
Seat 4: LSK/LK821 ($13.51 in chips) 
Seat 5: Ilia020 ($17.62 in chips) 
Seat 6: HubertusB ($11.40 in chips) 
zwakk: posts small blind $0.05
krollinski: posts big blind $0.10
*** HOLE CARDS ***
Dealt to HubertusB [9c Kd]
LSK/LK821: folds 
Ilia020: folds 
HubertusB: raises $0.10 to $0.20
SLAYERRRR666: calls $0.20
zwakk: folds 
krollinski: folds 
*** FLOP *** [Ac 9d Js]
HubertusB: bets $0.30
SLAYERRRR666: folds 
Uncalled bet ($0.30) returned to HubertusB
HubertusB collected $0.53 from pot
HubertusB: doesn't show hand 
*** SUMMARY ***
Total pot $0.55 | Rake $0.02 
Board [Ac 9d Js]
Seat 1: SLAYERRRR666 (button) folded on the Flop
Seat 2: zwakk (small blind) folded before Flop
Seat 3: krollinski (big blind) folded before Flop
Seat 4: LSK/LK821 folded before Flop (didn't bet)
Seat 5: Ilia020 folded before Flop (didn't bet)
Seat 6: HubertusB collected ($0.53)



PokerStars Zoom Hand #185771904117:  Hold'em No Limit ($0.05/$0.10) - 2018/04/28 22:23:14 CCT [2018/04/28 10:23:14 ET]
Table 'Aludra' 6-max Seat #1 is the button
Seat 1: Jebelmme ($5.85 in chips) 
Seat 2: HandsomeDaz ($10 in chips) 
Seat 3: HubertusB ($11.73 in chips) 
Seat 4: SLAYERRRR666 ($12.47 in chips) 
Seat 5: moroz0wa ($12.66 in chips) 
Seat 6: Brace2 ($31.48 in chips) 
HandsomeDaz: posts small blind $0.05
HubertusB: posts big blind $0.10
*** HOLE CARDS ***
Dealt to HubertusB [Kc 7s]
SLAYERRRR666: folds 
moroz0wa: raises $0.20 to $0.30
Brace2: folds 
Jebelmme: folds 
HandsomeDaz: folds 
HubertusB: folds 
Uncalled bet ($0.20) returned to moroz0wa
moroz0wa collected $0.25 from pot
moroz0wa: doesn't show hand 
*** SUMMARY ***
Total pot $0.25 | Rake $0 
Seat 1: Jebelmme (button) folded before Flop (didn't bet)
Seat 2: HandsomeDaz (small blind) folded before Flop
Seat 3: HubertusB (big blind) folded before Flop
Seat 4: SLAYERRRR666 folded before Flop (didn't bet)
Seat 5: moroz0wa collected ($0.25)
Seat 6: Brace2 folded before Flop (didn't bet)



PokerStars Zoom Hand #185771907986:  Hold'em No Limit ($0.05/$0.10) - 2018/04/28 22:23:21 CCT [2018/04/28 10:23:21 ET]
Table 'Aludra' 6-max Seat #1 is the button
Seat 1: Bihito ($11.33 in chips) 
Seat 2: pad_jizney!!98 ($10.79 in chips) 
Seat 3: tania_Foxy ($10 in chips) 
Seat 4: Dr.Mario15 ($7.15 in chips) 
Seat 5: HubertusB ($11.63 in chips) 
Seat 6: Konstriktor6 ($10.35 in chips) 
pad_jizney!!98: posts small blind $0.05
tania_Foxy: posts big blind $0.10
*** HOLE CARDS ***
Dealt to HubertusB [9h Kh]
Dr.Mario15: folds 
HubertusB: raises $0.10 to $0.20
Konstriktor6: folds 
Bihito: folds 
pad_jizney!!98: raises $0.60 to $0.80
tania_Foxy: folds 
HubertusB: folds 
Uncalled bet ($0.60) returned to pad_jizney!!98
pad_jizney!!98 collected $0.50 from pot
pad_jizney!!98: doesn't show hand 
*** SUMMARY ***
Total pot $0.50 | Rake $0 
Seat 1: Bihito (button) folded before Flop (didn't bet)
Seat 2: pad_jizney!!98 (small blind) collected ($0.50)
Seat 3: tania_Foxy (big blind) folded before Flop
Seat 4: Dr.Mario15 folded before Flop (didn't bet)
Seat 5: HubertusB folded before Flop
Seat 6: Konstriktor6 folded before Flop (didn't bet)



PokerStars Zoom Hand #185771891370:  Hold'em No Limit ($0.05/$0.10) - 2018/04/28 22:22:51 CCT [2018/04/28 10:22:51 ET]
Table 'Aludra' 6-max Seat #1 is the button
Seat 1: sixkiller911 ($4.24 in chips) 
Seat 2: trenerok ($19.12 in chips) 
Seat 3: RuGBy84 ($10 in chips) 
Seat 4: HubertusB ($11.40 in chips) 
Seat 5: waveless ($10.60 in chips) 
Seat 6: Yilisha ($12.64 in chips) 
trenerok: posts small blind $0.05
RuGBy84: posts big blind $0.10
*** HOLE CARDS ***
Dealt to HubertusB [8c Th]
HubertusB: folds 
waveless: folds 
Yilisha: folds 
sixkiller911: raises $0.20 to $0.30
trenerok: folds 
RuGBy84: calls $0.20
*** FLOP *** [2c 4c Jd]
RuGBy84: checks 
sixkiller911: bets $0.40
RuGBy84: calls $0.40
*** TURN *** [2c 4c Jd] [6c]
RuGBy84: checks 
sixkiller911: bets $0.70
RuGBy84: calls $0.70
*** RIVER *** [2c 4c Jd 6c] [Kc]
RuGBy84: checks 
sixkiller911: bets $1
RuGBy84: folds 
Uncalled bet ($1) returned to sixkiller911
sixkiller911 collected $2.72 from pot
sixkiller911: doesn't show hand 
*** SUMMARY ***
Total pot $2.85 | Rake $0.13 
Board [2c 4c Jd 6c Kc]
Seat 1: sixkiller911 (button) collected ($2.72)
Seat 2: trenerok (small blind) folded before Flop
Seat 3: RuGBy84 (big blind) folded on the River
Seat 4: HubertusB folded before Flop (didn't bet)
Seat 5: waveless folded before Flop (didn't bet)
Seat 6: Yilisha folded before Flop (didn't bet)



PokerStars Zoom Hand #185771916222:  Hold'em No Limit ($0.05/$0.10) - 2018/04/28 22:23:36 CCT [2018/04/28 10:23:36 ET]
Table 'Aludra' 6-max Seat #1 is the button
Seat 1: HubertusB ($11.43 in chips) 
Seat 2: PokerIdol16 ($23.07 in chips) 
Seat 3: Maximysss85 ($29.10 in chips) 
Seat 4: Prometeu 888 ($10.64 in chips) 
Seat 5: Zio000 ($10.15 in chips) 
Seat 6: Ilia020 ($17.47 in chips) 
PokerIdol16: posts small blind $0.05
Maximysss85: posts big blind $0.10
*** HOLE CARDS ***
Dealt to HubertusB [Ts Kd]
Prometeu 888: folds 
Zio000: folds 
Ilia020: folds 
HubertusB: raises $0.10 to $0.20
PokerIdol16: folds 
Maximysss85: calls $0.10
*** FLOP *** [Th Jd Ks]
Maximysss85: checks 
HubertusB: bets $0.30
Maximysss85: calls $0.30
*** TURN *** [Th Jd Ks] [Ah]
Maximysss85: checks 
HubertusB: checks 
*** RIVER *** [Th Jd Ks Ah] [Qd]
Maximysss85: checks 
HubertusB: checks 
*** SHOW DOWN ***
Maximysss85: shows [2c Tc] (a straight, Ten to Ace)
HubertusB: shows [Ts Kd] (a straight, Ten to Ace)
Maximysss85 collected $0.50 from pot
HubertusB collected $0.50 from pot
*** SUMMARY ***
Total pot $1.05 | Rake $0.05 
Board [Th Jd Ks Ah Qd]
Seat 1: HubertusB (button) showed [Ts Kd] and won ($0.50) with a straight, Ten to Ace
Seat 2: PokerIdol16 (small blind) folded before Flop
Seat 3: Maximysss85 (big blind) showed [2c Tc] and won ($0.50) with a straight, Ten to Ace
Seat 4: Prometeu 888 folded before Flop (didn't bet)
Seat 5: Zio000 folded before Flop (didn't bet)
Seat 6: Ilia020 folded before Flop (didn't bet)



PokerStars Zoom Hand #185771934336:  Hold'em No Limit ($0.05/$0.10) - 2018/04/28 22:24:09 CCT [2018/04/28 10:24:09 ET]
Table 'Aludra' 6-max Seat #1 is the button
Seat 1: Jayrob93 ($14.60 in chips) 
Seat 2: HubertusB ($11.43 in chips) 
Seat 3: stokesy29 ($10.70 in chips) 
Seat 4: Zimniy ($10 in chips) 
Seat 5: Sensey-nv ($7.09 in chips) 
Seat 6: Maartines ($8.01 in chips) 
HubertusB: posts small blind $0.05
stokesy29: posts big blind $0.10
*** HOLE CARDS ***
Dealt to HubertusB [8c Ts]
Zimniy: folds 
Sensey-nv: folds 
Maartines: folds 
Jayrob93: folds 
HubertusB: folds 
Uncalled bet ($0.05) returned to stokesy29
stokesy29 collected $0.10 from pot
stokesy29: doesn't show hand 
*** SUMMARY ***
Total pot $0.10 | Rake $0 
Seat 1: Jayrob93 (button) folded before Flop (didn't bet)
Seat 2: HubertusB (small blind) folded before Flop
Seat 3: stokesy29 (big blind) collected ($0.10)
Seat 4: Zimniy folded before Flop (didn't bet)
Seat 5: Sensey-nv folded before Flop (didn't bet)
Seat 6: Maartines folded before Flop (didn't bet)



PokerStars Zoom Hand #185771940954:  Hold'em No Limit ($0.05/$0.10) - 2018/04/28 22:24:21 CCT [2018/04/28 10:24:21 ET]
Table 'Aludra' 6-max Seat #1 is the button
Seat 1: Jebnutypato9 ($6.70 in chips) 
Seat 2: Cpartan12 ($10 in chips) 
Seat 3: HubertusB ($11.38 in chips) 
Seat 4: matress ($12.20 in chips) 
Seat 5: Alabaka56 ($8.42 in chips) 
Seat 6: Taallt ($10 in chips) 
Cpartan12: posts small blind $0.05
HubertusB: posts big blind $0.10
*** HOLE CARDS ***
Dealt to HubertusB [4s Qh]
matress: raises $0.17 to $0.27
Alabaka56: folds 
Taallt: folds 
Jebnutypato9: folds 
Cpartan12: folds 
HubertusB: folds 
Uncalled bet ($0.17) returned to matress
matress collected $0.25 from pot
matress: doesn't show hand 
*** SUMMARY ***
Total pot $0.25 | Rake $0 
Seat 1: Jebnutypato9 (button) folded before Flop (didn't bet)
Seat 2: Cpartan12 (small blind) folded before Flop
Seat 3: HubertusB (big blind) folded before Flop
Seat 4: matress collected ($0.25)
Seat 5: Alabaka56 folded before Flop (didn't bet)
Seat 6: Taallt folded before Flop (didn't bet)



PokerStars Zoom Hand #185771944269:  Hold'em No Limit ($0.05/$0.10) - 2018/04/28 22:24:27 CCT [2018/04/28 10:24:27 ET]
Table 'Aludra' 6-max Seat #1 is the button
Seat 1: viwaldi2 ($10.02 in chips) 
Seat 2: 1DominateU ($9.01 in chips) 
Seat 3: Zio000 ($10 in chips) 
Seat 4: josse45 ($3.74 in chips) 
Seat 5: redsy22 ($10.90 in chips) 
Seat 6: HubertusB ($11.28 in chips) 
1DominateU: posts small blind $0.05
Zio000: posts big blind $0.10
*** HOLE CARDS ***
Dealt to HubertusB [Td Jc]
josse45: folds 
redsy22: raises $0.20 to $0.30
HubertusB: folds 
viwaldi2: folds 
1DominateU: folds 
Zio000: folds 
Uncalled bet ($0.20) returned to redsy22
redsy22 collected $0.25 from pot
redsy22: doesn't show hand 
*** SUMMARY ***
Total pot $0.25 | Rake $0 
Seat 1: viwaldi2 (button) folded before Flop (didn't bet)
Seat 2: 1DominateU (small blind) folded before Flop
Seat 3: Zio000 (big blind) folded before Flop
Seat 4: josse45 folded before Flop (didn't bet)
Seat 5: redsy22 collected ($0.25)
Seat 6: HubertusB folded before Flop (didn't bet)



PokerStars Zoom Hand #185771950829:  Hold'em No Limit ($0.05/$0.10) - 2018/04/28 22:24:39 CCT [2018/04/28 10:24:39 ET]
Table 'Aludra' 6-max Seat #1 is the button
Seat 1: HubertusB ($11.28 in chips) 
Seat 2: Ilia020 ($4.95 in chips) 
Seat 3: ImpalerPoker ($10 in chips) 
Seat 4: mangobaby84 ($15.14 in chips) 
Seat 5: Draugsvoll ($13.88 in chips) 
Seat 6: safroniha ($8.28 in chips) 
Ilia020: posts small blind $0.05
ImpalerPoker: posts big blind $0.10
*** HOLE CARDS ***
Dealt to HubertusB [9c Qs]
mangobaby84: raises $0.20 to $0.30
Draugsvoll: folds 
safroniha: calls $0.30
HubertusB: folds 
Ilia020: folds 
ImpalerPoker: folds 
*** FLOP *** [6d 4c 9d]
mangobaby84: checks 
safroniha: bets $0.72
mangobaby84: folds 
Uncalled bet ($0.72) returned to safroniha
safroniha collected $0.72 from pot
safroniha: doesn't show hand 
*** SUMMARY ***
Total pot $0.75 | Rake $0.03 
Board [6d 4c 9d]
Seat 1: HubertusB (button) folded before Flop (didn't bet)
Seat 2: Ilia020 (small blind) folded before Flop
Seat 3: ImpalerPoker (big blind) folded before Flop
Seat 4: mangobaby84 folded on the Flop
Seat 5: Draugsvoll folded before Flop (didn't bet)
Seat 6: safroniha collected ($0.72)



PokerStars Zoom Hand #185771937663:  Hold'em No Limit ($0.05/$0.10) - 2018/04/28 22:24:15 CCT [2018/04/28 10:24:15 ET]
Table 'Aludra' 6-max Seat #1 is the button
Seat 1: underwood222 ($9.70 in chips) 
Seat 2: mangobaby84 ($17.06 in chips) 
Seat 3: Gasosa420 ($11.54 in chips) 
Seat 4: erysec ($10 in chips) 
Seat 5: HubertusB ($11.38 in chips) 
Seat 6: maedamaeda ($9.72 in chips) 
mangobaby84: posts small blind $0.05
Gasosa420: posts big blind $0.10
*** HOLE CARDS ***
Dealt to HubertusB [3d Kh]
erysec: raises $0.16 to $0.26
HubertusB: folds 
maedamaeda: folds 
underwood222: raises $0.67 to $0.93
mangobaby84: calls $0.88
Gasosa420: folds 
erysec: folds 
*** FLOP *** [Qs 4d 8h]
mangobaby84: checks 
underwood222: checks 
*** TURN *** [Qs 4d 8h] [7h]
mangobaby84: bets $1.30
underwood222: folds 
Uncalled bet ($1.30) returned to mangobaby84
mangobaby84 collected $2.12 from pot
mangobaby84: doesn't show hand 
*** SUMMARY ***
Total pot $2.22 | Rake $0.10 
Board [Qs 4d 8h 7h]
Seat 1: underwood222 (button) folded on the Turn
Seat 2: mangobaby84 (small blind) collected ($2.12)
Seat 3: Gasosa420 (big blind) folded before Flop
Seat 4: erysec folded before Flop
Seat 5: HubertusB folded before Flop (didn't bet)
Seat 6: maedamaeda folded before Flop (didn't bet)



PokerStars Zoom Hand #185771960674:  Hold'em No Limit ($0.05/$0.10) - 2018/04/28 22:24:57 CCT [2018/04/28 10:24:57 ET]
Table 'Aludra' 6-max Seat #1 is the button
Seat 1: Suhoff76 ($50 in chips) 
Seat 2: 0FWGKT4 ($14.55 in chips) 
Seat 3: angry lynx ($9.58 in chips) 
Seat 4: HubertusB ($11.23 in chips) 
Seat 5: wil_e_84 ($11.38 in chips) 
Seat 6: yar1k900 ($11.44 in chips) 
0FWGKT4: posts small blind $0.05
angry lynx: posts big blind $0.10
*** HOLE CARDS ***
Dealt to HubertusB [4c 3d]
HubertusB: folds 
wil_e_84: folds 
yar1k900: folds 
Suhoff76: folds 
0FWGKT4: folds 
Uncalled bet ($0.05) returned to angry lynx
angry lynx collected $0.10 from pot
angry lynx: doesn't show hand 
*** SUMMARY ***
Total pot $0.10 | Rake $0 
Seat 1: Suhoff76 (button) folded before Flop (didn't bet)
Seat 2: 0FWGKT4 (small blind) folded before Flop
Seat 3: angry lynx (big blind) collected ($0.10)
Seat 4: HubertusB folded before Flop (didn't bet)
Seat 5: wil_e_84 folded before Flop (didn't bet)
Seat 6: yar1k900 folded before Flop (didn't bet)



PokerStars Zoom Hand #185771957344:  Hold'em No Limit ($0.05/$0.10) - 2018/04/28 22:24:51 CCT [2018/04/28 10:24:51 ET]
Table 'Aludra' 6-max Seat #1 is the button
Seat 1: CaJe94 ($10.15 in chips) 
Seat 2: saleriver ($10.87 in chips) 
Seat 3: katsamunski ($14.53 in chips) 
Seat 4: Cooper Huang ($13.76 in chips) 
Seat 5: HubertusB ($11.23 in chips) 
Seat 6: vovatere1982 ($7.41 in chips) 
saleriver: posts small blind $0.05
katsamunski: posts big blind $0.10
*** HOLE CARDS ***
Dealt to HubertusB [Ad 3c]
Cooper Huang: folds 
HubertusB: folds 
vovatere1982: raises $0.20 to $0.30
CaJe94: folds 
saleriver: folds 
katsamunski: calls $0.20
*** FLOP *** [9c 6d 9d]
katsamunski: checks 
vovatere1982: bets $0.31
katsamunski: calls $0.31
*** TURN *** [9c 6d 9d] [9h]
katsamunski: checks 
vovatere1982: checks 
*** RIVER *** [9c 6d 9d 9h] [2c]
katsamunski: bets $1.21
vovatere1982: folds 
Uncalled bet ($1.21) returned to katsamunski
katsamunski collected $1.21 from pot
katsamunski: doesn't show hand 
*** SUMMARY ***
Total pot $1.27 | Rake $0.06 
Board [9c 6d 9d 9h 2c]
Seat 1: CaJe94 (button) folded before Flop (didn't bet)
Seat 2: saleriver (small blind) folded before Flop
Seat 3: katsamunski (big blind) collected ($1.21)
Seat 4: Cooper Huang folded before Flop (didn't bet)
Seat 5: HubertusB folded before Flop (didn't bet)
Seat 6: vovatere1982 folded on the River



PokerStars Zoom Hand #185771970018:  Hold'em No Limit ($0.05/$0.10) - 2018/04/28 22:25:14 CCT [2018/04/28 10:25:14 ET]
Table 'Aludra' 6-max Seat #1 is the button
Seat 1: Hohlikk ($26.39 in chips) 
Seat 2: cjames14 ($14.07 in chips) 
Seat 3: Murka-moskva ($14.18 in chips) 
Seat 4: sevenovici ($9.51 in chips) 
Seat 5: jack nichols ($9.78 in chips) 
Seat 6: HubertusB ($11.13 in chips) 
cjames14: posts small blind $0.05
Murka-moskva: posts big blind $0.10
*** HOLE CARDS ***
Dealt to HubertusB [7h 9c]
sevenovici: raises $0.20 to $0.30
jack nichols: folds 
HubertusB: folds 
Hohlikk: folds 
cjames14: folds 
Murka-moskva: folds 
Uncalled bet ($0.20) returned to sevenovici
sevenovici collected $0.25 from pot
sevenovici: doesn't show hand 
*** SUMMARY ***
Total pot $0.25 | Rake $0 
Seat 1: Hohlikk (button) folded before Flop (didn't bet)
Seat 2: cjames14 (small blind) folded before Flop
Seat 3: Murka-moskva (big blind) folded before Flop
Seat 4: sevenovici collected ($0.25)
Seat 5: jack nichols folded before Flop (didn't bet)
Seat 6: HubertusB folded before Flop (didn't bet)



PokerStars Zoom Hand #185771954604:  Hold'em No Limit ($0.05/$0.10) - 2018/04/28 22:24:46 CCT [2018/04/28 10:24:46 ET]
Table 'Aludra' 6-max Seat #1 is the button
Seat 1: zalmans ($14.90 in chips) 
Seat 2: HubertusB ($11.28 in chips) 
Seat 3: SLAYERRRR666 ($12.32 in chips) 
Seat 4: zdaz1 ($11.11 in chips) 
Seat 5: chirva007 ($15.17 in chips) 
Seat 6: Brace2 ($13.07 in chips) 
HubertusB: posts small blind $0.05
SLAYERRRR666: posts big blind $0.10
*** HOLE CARDS ***
Dealt to HubertusB [4s Td]
zdaz1: folds 
chirva007: folds 
Brace2: raises $0.15 to $0.25
zalmans: calls $0.25
HubertusB: folds 
SLAYERRRR666: folds 
*** FLOP *** [2c 6c Jd]
Brace2: checks 
zalmans: bets $0.31
Brace2: calls $0.31
*** TURN *** [2c 6c Jd] [Qc]
Brace2: checks 
zalmans: checks 
*** RIVER *** [2c 6c Jd Qc] [7s]
Brace2: bets $0.61
zalmans: folds 
Uncalled bet ($0.61) returned to Brace2
Brace2 collected $1.21 from pot
Brace2: doesn't show hand 
*** SUMMARY ***
Total pot $1.27 | Rake $0.06 
Board [2c 6c Jd Qc 7s]
Seat 1: zalmans (button) folded on the River
Seat 2: HubertusB (small blind) folded before Flop
Seat 3: SLAYERRRR666 (big blind) folded before Flop
Seat 4: zdaz1 folded before Flop (didn't bet)
Seat 5: chirva007 folded before Flop (didn't bet)
Seat 6: Brace2 collected ($1.21)



PokerStars Zoom Hand #185771973780:  Hold'em No Limit ($0.05/$0.10) - 2018/04/28 22:25:21 CCT [2018/04/28 10:25:21 ET]
Table 'Aludra' 6-max Seat #1 is the button
Seat 1: HubertusB ($11.13 in chips) 
Seat 2: naymaierbra ($11.65 in chips) 
Seat 3: FrankiAA ($18.65 in chips) 
Seat 4: FoR_Shai ($16.27 in chips) 
Seat 5: vasek55russ ($9.56 in chips) 
Seat 6: boudyh86 ($15.75 in chips) 
naymaierbra: posts small blind $0.05
FrankiAA: posts big blind $0.10
*** HOLE CARDS ***
Dealt to HubertusB [Kh Ah]
FoR_Shai: folds 
vasek55russ: calls $0.10
boudyh86: folds 
HubertusB: raises $0.30 to $0.40
naymaierbra: folds 
FrankiAA: folds 
vasek55russ: folds 
Uncalled bet ($0.30) returned to HubertusB
HubertusB collected $0.35 from pot
HubertusB: doesn't show hand 
*** SUMMARY ***
Total pot $0.35 | Rake $0 
Seat 1: HubertusB (button) collected ($0.35)
Seat 2: naymaierbra (small blind) folded before Flop
Seat 3: FrankiAA (big blind) folded before Flop
Seat 4: FoR_Shai folded before Flop (didn't bet)
Seat 5: vasek55russ folded before Flop
Seat 6: boudyh86 folded before Flop (didn't bet)



PokerStars Zoom Hand #185771963962:  Hold'em No Limit ($0.05/$0.10) - 2018/04/28 22:25:03 CCT [2018/04/28 10:25:03 ET]
Table 'Aludra' 6-max Seat #1 is the button
Seat 1: aaasss422 ($7.70 in chips) 
Seat 2: írfarkas ($7.74 in chips) 
Seat 3: HubertusB ($11.23 in chips) 
Seat 4: el snoekie ($13.69 in chips) 
Seat 5: plamenovmeto ($9.95 in chips) 
Seat 6: up to heaven ($9.65 in chips) 
írfarkas: posts small blind $0.05
HubertusB: posts big blind $0.10
*** HOLE CARDS ***
Dealt to HubertusB [Kd 2c]
el snoekie: folds 
plamenovmeto: raises $0.15 to $0.25
up to heaven: folds 
aaasss422: calls $0.25
írfarkas: calls $0.20
HubertusB: folds 
*** FLOP *** [5h Qd As]
írfarkas: checks 
plamenovmeto: bets $0.50
aaasss422: calls $0.50
írfarkas: calls $0.50
*** TURN *** [5h Qd As] [9s]
írfarkas: checks 
plamenovmeto: bets $1.50
aaasss422: calls $1.50
írfarkas: calls $1.50
*** RIVER *** [5h Qd As 9s] [Th]
írfarkas: checks 
plamenovmeto: checks 
aaasss422: checks 
*** SHOW DOWN ***
írfarkas: shows [Ah 8h] (a pair of Aces)
plamenovmeto: mucks hand 
aaasss422: shows [Ac Ts] (two pair, Aces and Tens)
aaasss422 collected $6.54 from pot
*** SUMMARY ***
Total pot $6.85 | Rake $0.31 
Board [5h Qd As 9s Th]
Seat 1: aaasss422 (button) showed [Ac Ts] and won ($6.54) with two pair, Aces and Tens
Seat 2: írfarkas (small blind) showed [Ah 8h] and lost with a pair of Aces
Seat 3: HubertusB (big blind) folded before Flop
Seat 4: el snoekie folded before Flop (didn't bet)
Seat 5: plamenovmeto mucked [Jh Td]
Seat 6: up to heaven folded before Flop (didn't bet)



PokerStars Zoom Hand #185771984279:  Hold'em No Limit ($0.05/$0.10) - 2018/04/28 22:25:40 CCT [2018/04/28 10:25:40 ET]
Table 'Aludra' 6-max Seat #1 is the button
Seat 1: Brace2 ($18.84 in chips) 
Seat 2: Dr.Mario15 ($7.57 in chips) 
Seat 3: saleriver ($19.21 in chips) 
Seat 4: HubertusB ($11.38 in chips) 
Seat 5: OIMGA ($15.66 in chips) 
Seat 6: Kleppe98 ($20.50 in chips) 
Dr.Mario15: posts small blind $0.05
saleriver: posts big blind $0.10
*** HOLE CARDS ***
Dealt to HubertusB [5d Kd]
HubertusB: folds 
OIMGA: folds 
Kleppe98: folds 
Brace2: folds 
Dr.Mario15: raises $0.20 to $0.30
saleriver: folds 
Uncalled bet ($0.20) returned to Dr.Mario15
Dr.Mario15 collected $0.20 from pot
Dr.Mario15: doesn't show hand 
*** SUMMARY ***
Total pot $0.20 | Rake $0 
Seat 1: Brace2 (button) folded before Flop (didn't bet)
Seat 2: Dr.Mario15 (small blind) collected ($0.20)
Seat 3: saleriver (big blind) folded before Flop
Seat 4: HubertusB folded before Flop (didn't bet)
Seat 5: OIMGA folded before Flop (didn't bet)
Seat 6: Kleppe98 folded before Flop (didn't bet)



PokerStars Zoom Hand #185771988181:  Hold'em No Limit ($0.05/$0.10) - 2018/04/28 22:25:47 CCT [2018/04/28 10:25:47 ET]
Table 'Aludra' 6-max Seat #1 is the button
Seat 1: befj4397 ($14.03 in chips) 
Seat 2: HubertusB ($11.38 in chips) 
Seat 3: Suhoff76 ($10 in chips) 
Seat 4: bladenexx ($10.10 in chips) 
Seat 5: 2Eagles7 ($6.11 in chips) 
Seat 6: FrankiAA ($15.44 in chips) 
HubertusB: posts small blind $0.05
Suhoff76: posts big blind $0.10
*** HOLE CARDS ***
Dealt to HubertusB [9c Jd]
bladenexx: folds 
2Eagles7: calls $0.10
FrankiAA: folds 
befj4397: folds 
HubertusB: folds 
Suhoff76: checks 
*** FLOP *** [7d Jc Kd]
Suhoff76: checks 
2Eagles7: bets $0.10
Suhoff76: folds 
Uncalled bet ($0.10) returned to 2Eagles7
2Eagles7 collected $0.24 from pot
2Eagles7: doesn't show hand 
*** SUMMARY ***
Total pot $0.25 | Rake $0.01 
Board [7d Jc Kd]
Seat 1: befj4397 (button) folded before Flop (didn't bet)
Seat 2: HubertusB (small blind) folded before Flop
Seat 3: Suhoff76 (big blind) folded on the Flop
Seat 4: bladenexx folded before Flop (didn't bet)
Seat 5: 2Eagles7 collected ($0.24)
Seat 6: FrankiAA folded before Flop (didn't bet)



PokerStars Zoom Hand #185771990916:  Hold'em No Limit ($0.05/$0.10) - 2018/04/28 22:25:52 CCT [2018/04/28 10:25:52 ET]
Table 'Aludra' 6-max Seat #1 is the button
Seat 1: mexury ($6.71 in chips) 
Seat 2: erysec ($13.40 in chips) 
Seat 3: navl ($6.75 in chips) 
Seat 4: fot555 ($6.98 in chips) 
Seat 5: HubertusB ($11.33 in chips) 
Seat 6: aifuwai ($11.78 in chips) 
erysec: posts small blind $0.05
navl: posts big blind $0.10
*** HOLE CARDS ***
Dealt to HubertusB [6c 2s]
fot555: folds 
HubertusB: folds 
aifuwai: folds 
mexury: raises $0.20 to $0.30
erysec: folds 
navl: folds 
Uncalled bet ($0.20) returned to mexury
mexury collected $0.25 from pot
mexury: doesn't show hand 
*** SUMMARY ***
Total pot $0.25 | Rake $0 
Seat 1: mexury (button) collected ($0.25)
Seat 2: erysec (small blind) folded before Flop
Seat 3: navl (big blind) folded before Flop
Seat 4: fot555 folded before Flop (didn't bet)
Seat 5: HubertusB folded before Flop (didn't bet)
Seat 6: aifuwai folded before Flop (didn't bet)



PokerStars Zoom Hand #185771994097:  Hold'em No Limit ($0.05/$0.10) - 2018/04/28 22:25:58 CCT [2018/04/28 10:25:58 ET]
Table 'Aludra' 6-max Seat #1 is the button
Seat 1: HubertusB ($11.33 in chips) 
Seat 2: Aqui.F ($10.89 in chips) 
Seat 3: jeonjinny ($8.46 in chips) 
Seat 4: hcpalli ($33.31 in chips) 
Seat 5: osa126 ($22.87 in chips) 
Seat 6: Nocco88 ($11.87 in chips) 
Aqui.F: posts small blind $0.05
jeonjinny: posts big blind $0.10
*** HOLE CARDS ***
Dealt to HubertusB [Kh 7s]
hcpalli: folds 
osa126: folds 
Nocco88: folds 
HubertusB: raises $0.10 to $0.20
Aqui.F: folds 
jeonjinny: calls $0.10
*** FLOP *** [7c Qd 8d]
jeonjinny: checks 
HubertusB: checks 
*** TURN *** [7c Qd 8d] [As]
jeonjinny: bets $0.33
HubertusB: folds 
Uncalled bet ($0.33) returned to jeonjinny
jeonjinny collected $0.43 from pot
jeonjinny: doesn't show hand 
*** SUMMARY ***
Total pot $0.45 | Rake $0.02 
Board [7c Qd 8d As]
Seat 1: HubertusB (button) folded on the Turn
Seat 2: Aqui.F (small blind) folded before Flop
Seat 3: jeonjinny (big blind) collected ($0.43)
Seat 4: hcpalli folded before Flop (didn't bet)
Seat 5: osa126 folded before Flop (didn't bet)
Seat 6: Nocco88 folded before Flop (didn't bet)



PokerStars Zoom Hand #185772011197:  Hold'em No Limit ($0.05/$0.10) - 2018/04/28 22:26:29 CCT [2018/04/28 10:26:29 ET]
Table 'Aludra' 6-max Seat #1 is the button
Seat 1: Nicosan.ru ($6.28 in chips) 
Seat 2: tania_Foxy ($10 in chips) 
Seat 3: HubertusB ($11.13 in chips) 
Seat 4: Draugsvoll ($13.19 in chips) 
Seat 5: knorrr ($9.15 in chips) 
Seat 6: Sensey-nv ($18.51 in chips) 
tania_Foxy: posts small blind $0.05
HubertusB: posts big blind $0.10
*** HOLE CARDS ***
Dealt to HubertusB [5s 4d]
Draugsvoll: folds 
knorrr: folds 
Sensey-nv: raises $0.10 to $0.20
Nicosan.ru: folds 
tania_Foxy: folds 
HubertusB: folds 
Uncalled bet ($0.10) returned to Sensey-nv
Sensey-nv collected $0.25 from pot
Sensey-nv: doesn't show hand 
*** SUMMARY ***
Total pot $0.25 | Rake $0 
Seat 1: Nicosan.ru (button) folded before Flop (didn't bet)
Seat 2: tania_Foxy (small blind) folded before Flop
Seat 3: HubertusB (big blind) folded before Flop
Seat 4: Draugsvoll folded before Flop (didn't bet)
Seat 5: knorrr folded before Flop (didn't bet)
Seat 6: Sensey-nv collected ($0.25)



PokerStars Zoom Hand #185772007930:  Hold'em No Limit ($0.05/$0.10) - 2018/04/28 22:26:23 CCT [2018/04/28 10:26:23 ET]
Table 'Aludra' 6-max Seat #1 is the button
Seat 1: moskvaalex ($8.06 in chips) 
Seat 2: Kronborg11 ($42.44 in chips) 
Seat 3: aifuwai ($10 in chips) 
Seat 4: cazzzwell ($10 in chips) 
Seat 5: zzzaddd2 ($10.33 in chips) 
Seat 6: HubertusB ($11.13 in chips) 
Kronborg11: posts small blind $0.05
aifuwai: posts big blind $0.10
*** HOLE CARDS ***
Dealt to HubertusB [7d 9c]
cazzzwell: folds 
zzzaddd2: folds 
HubertusB: folds 
moskvaalex: folds 
Kronborg11: raises $0.20 to $0.30
aifuwai: folds 
Uncalled bet ($0.20) returned to Kronborg11
Kronborg11 collected $0.20 from pot
Kronborg11: doesn't show hand 
*** SUMMARY ***
Total pot $0.20 | Rake $0 
Seat 1: moskvaalex (button) folded before Flop (didn't bet)
Seat 2: Kronborg11 (small blind) collected ($0.20)
Seat 3: aifuwai (big blind) folded before Flop
Seat 4: cazzzwell folded before Flop (didn't bet)
Seat 5: zzzaddd2 folded before Flop (didn't bet)
Seat 6: HubertusB folded before Flop (didn't bet)



PokerStars Zoom Hand #185772017841:  Hold'em No Limit ($0.05/$0.10) - 2018/04/28 22:26:41 CCT [2018/04/28 10:26:41 ET]
Table 'Aludra' 6-max Seat #1 is the button
Seat 1: wisekraut ($22.32 in chips) 
Seat 2: DokoViObirababy ($13.43 in chips) 
Seat 3: paleoo ($11.11 in chips) 
Seat 4: HubertusB ($10.98 in chips) 
Seat 5: jeroninho ($12.19 in chips) 
Seat 6: MaxRies ($11.76 in chips) 
DokoViObirababy: posts small blind $0.05
paleoo: posts big blind $0.10
*** HOLE CARDS ***
Dealt to HubertusB [2s Kd]
HubertusB: folds 
jeroninho: folds 
MaxRies: folds 
wisekraut: folds 
DokoViObirababy: folds 
Uncalled bet ($0.05) returned to paleoo
paleoo collected $0.10 from pot
paleoo: doesn't show hand 
*** SUMMARY ***
Total pot $0.10 | Rake $0 
Seat 1: wisekraut (button) folded before Flop (didn't bet)
Seat 2: DokoViObirababy (small blind) folded before Flop
Seat 3: paleoo (big blind) collected ($0.10)
Seat 4: HubertusB folded before Flop (didn't bet)
Seat 5: jeroninho folded before Flop (didn't bet)
Seat 6: MaxRies folded before Flop (didn't bet)



PokerStars Zoom Hand #185772020548:  Hold'em No Limit ($0.05/$0.10) - 2018/04/28 22:26:46 CCT [2018/04/28 10:26:46 ET]
Table 'Aludra' 6-max Seat #1 is the button
Seat 1: dzacharas ($10 in chips) 
Seat 2: CaJe94 ($10.05 in chips) 
Seat 3: RedBorAlex ($17.51 in chips) 
Seat 4: HubertusB ($10.98 in chips) 
Seat 5: pad_jizney!!98 ($10 in chips) 
Seat 6: Loscie ($11.63 in chips) 
CaJe94: posts small blind $0.05
RedBorAlex: posts big blind $0.10
*** HOLE CARDS ***
Dealt to HubertusB [3h Kc]
HubertusB: folds 
pad_jizney!!98: folds 
Loscie: folds 
dzacharas: folds 
CaJe94: folds 
Uncalled bet ($0.05) returned to RedBorAlex
RedBorAlex collected $0.10 from pot
RedBorAlex: doesn't show hand 
*** SUMMARY ***
Total pot $0.10 | Rake $0 
Seat 1: dzacharas (button) folded before Flop (didn't bet)
Seat 2: CaJe94 (small blind) folded before Flop
Seat 3: RedBorAlex (big blind) collected ($0.10)
Seat 4: HubertusB folded before Flop (didn't bet)
Seat 5: pad_jizney!!98 folded before Flop (didn't bet)
Seat 6: Loscie folded before Flop (didn't bet)



PokerStars Zoom Hand #185772015040:  Hold'em No Limit ($0.05/$0.10) - 2018/04/28 22:26:36 CCT [2018/04/28 10:26:36 ET]
Table 'Aludra' 6-max Seat #1 is the button
Seat 1: rossito1 ($8.50 in chips) 
Seat 2: HubertusB ($11.03 in chips) 
Seat 3: SNGLEGEND371 ($10.03 in chips) 
Seat 4: viwaldi2 ($10.83 in chips) 
Seat 5: moroz0wa ($13.44 in chips) 
Seat 6: DadyBear ($26.87 in chips) 
HubertusB: posts small blind $0.05
SNGLEGEND371: posts big blind $0.10
*** HOLE CARDS ***
Dealt to HubertusB [9d 5d]
viwaldi2: raises $0.15 to $0.25
moroz0wa: calls $0.25
DadyBear: folds 
rossito1: folds 
HubertusB: folds 
SNGLEGEND371: folds 
*** FLOP *** [6h 5s 6s]
viwaldi2: checks 
moroz0wa: bets $0.30
viwaldi2: folds 
Uncalled bet ($0.30) returned to moroz0wa
moroz0wa collected $0.62 from pot
moroz0wa: doesn't show hand 
*** SUMMARY ***
Total pot $0.65 | Rake $0.03 
Board [6h 5s 6s]
Seat 1: rossito1 (button) folded before Flop (didn't bet)
Seat 2: HubertusB (small blind) folded before Flop
Seat 3: SNGLEGEND371 (big blind) folded before Flop
Seat 4: viwaldi2 folded on the Flop
Seat 5: moroz0wa collected ($0.62)
Seat 6: DadyBear folded before Flop (didn't bet)



PokerStars Zoom Hand #185772030407:  Hold'em No Limit ($0.05/$0.10) - 2018/04/28 22:27:04 CCT [2018/04/28 10:27:04 ET]
Table 'Aludra' 6-max Seat #1 is the button
Seat 1: A.Platonov92 ($26.24 in chips) 
Seat 2: moroz0wa ($3.22 in chips) 
Seat 3: knorrr ($9.15 in chips) 
Seat 4: wil_e_84 ($11.03 in chips) 
Seat 5: Maximysss85 ($30.45 in chips) 
Seat 6: HubertusB ($10.88 in chips) 
moroz0wa: posts small blind $0.05
knorrr: posts big blind $0.10
*** HOLE CARDS ***
Dealt to HubertusB [7c 5c]
wil_e_84: folds 
Maximysss85: folds 
HubertusB: raises $0.10 to $0.20
A.Platonov92: raises $0.60 to $0.80
moroz0wa: folds 
knorrr: folds 
HubertusB: folds 
Uncalled bet ($0.60) returned to A.Platonov92
A.Platonov92 collected $0.55 from pot
A.Platonov92: doesn't show hand 
*** SUMMARY ***
Total pot $0.55 | Rake $0 
Seat 1: A.Platonov92 (button) collected ($0.55)
Seat 2: moroz0wa (small blind) folded before Flop
Seat 3: knorrr (big blind) folded before Flop
Seat 4: wil_e_84 folded before Flop (didn't bet)
Seat 5: Maximysss85 folded before Flop (didn't bet)
Seat 6: HubertusB folded before Flop



PokerStars Zoom Hand #185772024356:  Hold'em No Limit ($0.05/$0.10) - 2018/04/28 22:26:53 CCT [2018/04/28 10:26:53 ET]
Table 'Aludra' 6-max Seat #1 is the button
Seat 1: el snoekie ($13.39 in chips) 
Seat 2: Nicosan.ru ($6.18 in chips) 
Seat 3: HubertusB ($10.98 in chips) 
Seat 4: Kronborg11 ($42.54 in chips) 
Seat 5: fickyoufack ($7.95 in chips) 
Seat 6: Zm3j ($10.14 in chips) 
Nicosan.ru: posts small blind $0.05
HubertusB: posts big blind $0.10
*** HOLE CARDS ***
Dealt to HubertusB [8h 6d]
Kronborg11: folds 
fickyoufack: raises $0.10 to $0.20
Zm3j: folds 
el snoekie: calls $0.20
Nicosan.ru: folds 
HubertusB: folds 
*** FLOP *** [Qd 9c 4c]
fickyoufack: bets $0.10
el snoekie: raises $0.10 to $0.20
fickyoufack: calls $0.10
*** TURN *** [Qd 9c 4c] [Qh]
fickyoufack: bets $0.10
el snoekie: calls $0.10
*** RIVER *** [Qd 9c 4c Qh] [5h]
fickyoufack: bets $0.50
el snoekie: calls $0.50
*** SHOW DOWN ***
fickyoufack: shows [Js Kc] (a pair of Queens)
el snoekie: shows [9d Td] (two pair, Queens and Nines)
el snoekie collected $2.05 from pot
*** SUMMARY ***
Total pot $2.15 | Rake $0.10 
Board [Qd 9c 4c Qh 5h]
Seat 1: el snoekie (button) showed [9d Td] and won ($2.05) with two pair, Queens and Nines
Seat 2: Nicosan.ru (small blind) folded before Flop
Seat 3: HubertusB (big blind) folded before Flop
Seat 4: Kronborg11 folded before Flop (didn't bet)
Seat 5: fickyoufack showed [Js Kc] and lost with a pair of Queens
Seat 6: Zm3j folded before Flop (didn't bet)



PokerStars Zoom Hand #185772040203:  Hold'em No Limit ($0.05/$0.10) - 2018/04/28 22:27:22 CCT [2018/04/28 10:27:22 ET]
Table 'Aludra' 6-max Seat #1 is the button
Seat 1: HubertusB ($10.68 in chips) 
Seat 2: shenyiyang88 ($9.40 in chips) 
Seat 3: ermoha6720 ($16.34 in chips) 
Seat 4: Zimniy ($10 in chips) 
Seat 5: waveless ($21.35 in chips) 
Seat 6: stand123 ($10 in chips) 
shenyiyang88: posts small blind $0.05
ermoha6720: posts big blind $0.10
*** HOLE CARDS ***
Dealt to HubertusB [Qh 8c]
Zimniy: folds 
waveless: folds 
stand123: folds 
HubertusB: raises $0.10 to $0.20
shenyiyang88: folds 
ermoha6720: calls $0.10
*** FLOP *** [Jc Qc Jd]
ermoha6720: checks 
HubertusB: checks 
*** TURN *** [Jc Qc Jd] [Jh]
ermoha6720: checks 
HubertusB: bets $0.30
ermoha6720: folds 
Uncalled bet ($0.30) returned to HubertusB
HubertusB collected $0.43 from pot
HubertusB: doesn't show hand 
*** SUMMARY ***
Total pot $0.45 | Rake $0.02 
Board [Jc Qc Jd Jh]
Seat 1: HubertusB (button) collected ($0.43)
Seat 2: shenyiyang88 (small blind) folded before Flop
Seat 3: ermoha6720 (big blind) folded on the Turn
Seat 4: Zimniy folded before Flop (didn't bet)
Seat 5: waveless folded before Flop (didn't bet)
Seat 6: stand123 folded before Flop (didn't bet)



PokerStars Zoom Hand #185772060496:  Hold'em No Limit ($0.05/$0.10) - 2018/04/28 22:27:59 CCT [2018/04/28 10:27:59 ET]
Table 'Aludra' 6-max Seat #1 is the button
Seat 1: Zio000 ($14.35 in chips) 
Seat 2: fudzi ($17.18 in chips) 
Seat 3: stand123 ($15.40 in chips) 
Seat 4: jeonjinny ($18.25 in chips) 
Seat 5: HubertusB ($10.86 in chips) 
Seat 6: raidel ($37.30 in chips) 
fudzi: posts small blind $0.05
stand123: posts big blind $0.10
*** HOLE CARDS ***
Dealt to HubertusB [5h 9d]
jeonjinny: folds 
HubertusB: folds 
raidel: raises $0.20 to $0.30
Zio000: folds 
fudzi: folds 
stand123: folds 
Uncalled bet ($0.20) returned to raidel
raidel collected $0.25 from pot
raidel: doesn't show hand 
*** SUMMARY ***
Total pot $0.25 | Rake $0 
Seat 1: Zio000 (button) folded before Flop (didn't bet)
Seat 2: fudzi (small blind) folded before Flop
Seat 3: stand123 (big blind) folded before Flop
Seat 4: jeonjinny folded before Flop (didn't bet)
Seat 5: HubertusB folded before Flop (didn't bet)
Seat 6: raidel collected ($0.25)



PokerStars Zoom Hand #185772067023:  Hold'em No Limit ($0.05/$0.10) - 2018/04/28 22:28:11 CCT [2018/04/28 10:28:11 ET]
Table 'Aludra' 6-max Seat #1 is the button
Seat 1: Majdana ($1.62 in chips) 
Seat 2: TropicalLime ($10 in chips) 
Seat 3: Svetlaya737 ($9.10 in chips) 
Seat 4: SINYsan ($11.66 in chips) 
Seat 5: HubertusB ($10.86 in chips) 
Seat 6: Cooper Huang ($10 in chips) 
TropicalLime: posts small blind $0.05
Svetlaya737: posts big blind $0.10
*** HOLE CARDS ***
Dealt to HubertusB [Qc 2s]
SINYsan: folds 
HubertusB: folds 
Cooper Huang: folds 
Majdana: raises $0.10 to $0.20
TropicalLime: folds 
Svetlaya737: folds 
Uncalled bet ($0.10) returned to Majdana
Majdana collected $0.25 from pot
Majdana: doesn't show hand 
*** SUMMARY ***
Total pot $0.25 | Rake $0 
Seat 1: Majdana (button) collected ($0.25)
Seat 2: TropicalLime (small blind) folded before Flop
Seat 3: Svetlaya737 (big blind) folded before Flop
Seat 4: SINYsan folded before Flop (didn't bet)
Seat 5: HubertusB folded before Flop (didn't bet)
Seat 6: Cooper Huang folded before Flop (didn't bet)



PokerStars Zoom Hand #185772056634:  Hold'em No Limit ($0.05/$0.10) - 2018/04/28 22:27:52 CCT [2018/04/28 10:27:52 ET]
Table 'Aludra' 6-max Seat #1 is the button
Seat 1: YYwin1980 ($4.06 in chips) 
Seat 2: HubertusB ($10.91 in chips) 
Seat 3: OIMGA ($22.34 in chips) 
Seat 4: sos_lk_77 ($8.14 in chips) 
Seat 5: Suhoff76 ($10 in chips) 
Seat 6: waveless ($11.46 in chips) 
HubertusB: posts small blind $0.05
OIMGA: posts big blind $0.10
*** HOLE CARDS ***
Dealt to HubertusB [9c 5d]
sos_lk_77: raises $0.20 to $0.30
Suhoff76: folds 
waveless: calls $0.30
YYwin1980: folds 
HubertusB: folds 
OIMGA: folds 
*** FLOP *** [Th 2s 8c]
sos_lk_77: bets $0.36
waveless: calls $0.36
*** TURN *** [Th 2s 8c] [Kd]
sos_lk_77: checks 
waveless: checks 
*** RIVER *** [Th 2s 8c Kd] [6s]
sos_lk_77: checks 
waveless: checks 
*** SHOW DOWN ***
sos_lk_77: shows [9d 9h] (a pair of Nines)
waveless: mucks hand 
sos_lk_77 collected $1.40 from pot
*** SUMMARY ***
Total pot $1.47 | Rake $0.07 
Board [Th 2s 8c Kd 6s]
Seat 1: YYwin1980 (button) folded before Flop (didn't bet)
Seat 2: HubertusB (small blind) folded before Flop
Seat 3: OIMGA (big blind) folded before Flop
Seat 4: sos_lk_77 showed [9d 9h] and won ($1.40) with a pair of Nines
Seat 5: Suhoff76 folded before Flop (didn't bet)
Seat 6: waveless mucked [3c 3h]



PokerStars Zoom Hand #185772073475:  Hold'em No Limit ($0.05/$0.10) - 2018/04/28 22:28:23 CCT [2018/04/28 10:28:23 ET]
Table 'Aludra' 6-max Seat #1 is the button
Seat 1: sixkiller911 ($12.22 in chips) 
Seat 2: x1elritze99 ($33.50 in chips) 
Seat 3: HubertusB ($10.86 in chips) 
Seat 4: OIMGA ($10.05 in chips) 
Seat 5: underwood222 ($8.10 in chips) 
Seat 6: Mike_Jinx ($20.54 in chips) 
x1elritze99: posts small blind $0.05
HubertusB: posts big blind $0.10
*** HOLE CARDS ***
Dealt to HubertusB [3h Js]
OIMGA: folds 
underwood222: folds 
Mike_Jinx: folds 
sixkiller911: raises $0.20 to $0.30
x1elritze99: folds 
HubertusB: folds 
Uncalled bet ($0.20) returned to sixkiller911
sixkiller911 collected $0.25 from pot
sixkiller911: doesn't show hand 
*** SUMMARY ***
Total pot $0.25 | Rake $0 
Seat 1: sixkiller911 (button) collected ($0.25)
Seat 2: x1elritze99 (small blind) folded before Flop
Seat 3: HubertusB (big blind) folded before Flop
Seat 4: OIMGA folded before Flop (didn't bet)
Seat 5: underwood222 folded before Flop (didn't bet)
Seat 6: Mike_Jinx folded before Flop (didn't bet)



PokerStars Zoom Hand #185772063793:  Hold'em No Limit ($0.05/$0.10) - 2018/04/28 22:28:05 CCT [2018/04/28 10:28:05 ET]
Table 'Aludra' 6-max Seat #1 is the button
Seat 1: OHRID957 ($10.19 in chips) 
Seat 2: colemanzhang ($11.84 in chips) 
Seat 3: LSK/LK821 ($21.80 in chips) 
Seat 4: HubertusB ($10.86 in chips) 
Seat 5: BrinBran77 ($7.85 in chips) 
Seat 6: Wittl ($10.57 in chips) 
colemanzhang: posts small blind $0.05
LSK/LK821: posts big blind $0.10
*** HOLE CARDS ***
Dealt to HubertusB [8h 4h]
HubertusB: folds 
BrinBran77: folds 
Wittl: folds 
OHRID957: folds 
colemanzhang: raises $0.10 to $0.20
LSK/LK821: raises $0.60 to $0.80
colemanzhang: folds 
Uncalled bet ($0.60) returned to LSK/LK821
LSK/LK821 collected $0.40 from pot
LSK/LK821: doesn't show hand 
*** SUMMARY ***
Total pot $0.40 | Rake $0 
Seat 1: OHRID957 (button) folded before Flop (didn't bet)
Seat 2: colemanzhang (small blind) folded before Flop
Seat 3: LSK/LK821 (big blind) collected ($0.40)
Seat 4: HubertusB folded before Flop (didn't bet)
Seat 5: BrinBran77 folded before Flop (didn't bet)
Seat 6: Wittl folded before Flop (didn't bet)



PokerStars Zoom Hand #185772070276:  Hold'em No Limit ($0.05/$0.10) - 2018/04/28 22:28:17 CCT [2018/04/28 10:28:17 ET]
Table 'Aludra' 6-max Seat #1 is the button
Seat 1: Aqui.F ($12.99 in chips) 
Seat 2: Volverin92 ($43.20 in chips) 
Seat 3: Wittl ($10.57 in chips) 
Seat 4: Bamboleo99 ($11.01 in chips) 
Seat 5: MoraesK9 ($13.05 in chips) 
Seat 6: HubertusB ($10.86 in chips) 
Volverin92: posts small blind $0.05
Wittl: posts big blind $0.10
*** HOLE CARDS ***
Dealt to HubertusB [4s Kd]
Bamboleo99: folds 
MoraesK9: folds 
HubertusB: folds 
Aqui.F: raises $0.12 to $0.22
Volverin92: calls $0.17
Wittl: folds 
*** FLOP *** [9d 6s Ks]
Volverin92: checks 
Aqui.F: checks 
*** TURN *** [9d 6s Ks] [Qc]
Volverin92: bets $0.35
Aqui.F: folds 
Uncalled bet ($0.35) returned to Volverin92
Volverin92 collected $0.52 from pot
Volverin92: doesn't show hand 
*** SUMMARY ***
Total pot $0.54 | Rake $0.02 
Board [9d 6s Ks Qc]
Seat 1: Aqui.F (button) folded on the Turn
Seat 2: Volverin92 (small blind) collected ($0.52)
Seat 3: Wittl (big blind) folded before Flop
Seat 4: Bamboleo99 folded before Flop (didn't bet)
Seat 5: MoraesK9 folded before Flop (didn't bet)
Seat 6: HubertusB folded before Flop (didn't bet)



PokerStars Zoom Hand #185772085048:  Hold'em No Limit ($0.05/$0.10) - 2018/04/28 22:28:44 CCT [2018/04/28 10:28:44 ET]
Table 'Aludra' 6-max Seat #1 is the button
Seat 1: HubertusB ($10.71 in chips) 
Seat 2: sosohe1 ($10.04 in chips) 
Seat 3: viwaldi2 ($10.49 in chips) 
Seat 4: LSK/LK821 ($10 in chips) 
Seat 5: cjames14 ($9.85 in chips) 
Seat 6: p_warlock ($9.85 in chips) 
sosohe1: posts small blind $0.05
viwaldi2: posts big blind $0.10
*** HOLE CARDS ***
Dealt to HubertusB [Qs 8s]
LSK/LK821: raises $0.20 to $0.30
cjames14: folds 
p_warlock: folds 
HubertusB: raises $0.60 to $0.90
sosohe1: folds 
viwaldi2: folds 
LSK/LK821: folds 
Uncalled bet ($0.60) returned to HubertusB
HubertusB collected $0.75 from pot
HubertusB: doesn't show hand 
*** SUMMARY ***
Total pot $0.75 | Rake $0 
Seat 1: HubertusB (button) collected ($0.75)
Seat 2: sosohe1 (small blind) folded before Flop
Seat 3: viwaldi2 (big blind) folded before Flop
Seat 4: LSK/LK821 folded before Flop
Seat 5: cjames14 folded before Flop (didn't bet)
Seat 6: p_warlock folded before Flop (didn't bet)



PokerStars Zoom Hand #185772095328:  Hold'em No Limit ($0.05/$0.10) - 2018/04/28 22:29:03 CCT [2018/04/28 10:29:03 ET]
Table 'Aludra' 6-max Seat #1 is the button
Seat 1: DudinAndrey ($10 in chips) 
Seat 2: bladenexx ($10 in chips) 
Seat 3: Zio000 ($15.39 in chips) 
Seat 4: Kleppe98 ($19.55 in chips) 
Seat 5: cazzzwell ($10.98 in chips) 
Seat 6: HubertusB ($11.16 in chips) 
bladenexx: posts small blind $0.05
Zio000: posts big blind $0.10
*** HOLE CARDS ***
Dealt to HubertusB [5d Qd]
Kleppe98: raises $0.25 to $0.35
cazzzwell: folds 
HubertusB: folds 
DudinAndrey: folds 
bladenexx: folds 
Zio000: folds 
Uncalled bet ($0.25) returned to Kleppe98
Kleppe98 collected $0.25 from pot
Kleppe98: doesn't show hand 
*** SUMMARY ***
Total pot $0.25 | Rake $0 
Seat 1: DudinAndrey (button) folded before Flop (didn't bet)
Seat 2: bladenexx (small blind) folded before Flop
Seat 3: Zio000 (big blind) folded before Flop
Seat 4: Kleppe98 collected ($0.25)
Seat 5: cazzzwell folded before Flop (didn't bet)
Seat 6: HubertusB folded before Flop (didn't bet)



PokerStars Zoom Hand #185772079014:  Hold'em No Limit ($0.05/$0.10) - 2018/04/28 22:28:33 CCT [2018/04/28 10:28:33 ET]
Table 'Aludra' 6-max Seat #1 is the button
Seat 1: OIMGA ($15.70 in chips) 
Seat 2: HubertusB ($10.76 in chips) 
Seat 3: Maximysss85 ($17.15 in chips) 
Seat 4: SergeyS2017 ($9.97 in chips) 
Seat 5: Nicosan.ru ($5.73 in chips) 
Seat 6: jeonjinny ($10.08 in chips) 
HubertusB: posts small blind $0.05
Maximysss85: posts big blind $0.10
*** HOLE CARDS ***
Dealt to HubertusB [5s Ks]
SergeyS2017: folds 
Nicosan.ru: folds 
jeonjinny: folds 
OIMGA: raises $0.10 to $0.20
HubertusB: folds 
Maximysss85: raises $0.49 to $0.69
OIMGA: raises $0.61 to $1.30
Maximysss85: calls $0.61
*** FLOP *** [7c Qc 5h]
Maximysss85: checks 
OIMGA: bets $0.86
Maximysss85: calls $0.86
*** TURN *** [7c Qc 5h] [7s]
Maximysss85: checks 
OIMGA: checks 
*** RIVER *** [7c Qc 5h 7s] [Qd]
Maximysss85: bets $3.25
OIMGA: folds 
Uncalled bet ($3.25) returned to Maximysss85
Maximysss85 collected $4.17 from pot
Maximysss85: doesn't show hand 
*** SUMMARY ***
Total pot $4.37 | Rake $0.20 
Board [7c Qc 5h 7s Qd]
Seat 1: OIMGA (button) folded on the River
Seat 2: HubertusB (small blind) folded before Flop
Seat 3: Maximysss85 (big blind) collected ($4.17)
Seat 4: SergeyS2017 folded before Flop (didn't bet)
Seat 5: Nicosan.ru folded before Flop (didn't bet)
Seat 6: jeonjinny folded before Flop (didn't bet)



PokerStars Zoom Hand #185772098596:  Hold'em No Limit ($0.05/$0.10) - 2018/04/28 22:29:09 CCT [2018/04/28 10:29:09 ET]
Table 'Aludra' 6-max Seat #1 is the button
Seat 1: lapochka17 ($11.11 in chips) 
Seat 2: Mette272 ($10.20 in chips) 
Seat 3: wil_e_84 ($11.07 in chips) 
Seat 4: Gasosa420 ($11.42 in chips) 
Seat 5: HubertusB ($11.16 in chips) 
Seat 6: cazzzwell ($10.98 in chips) 
Mette272: posts small blind $0.05
wil_e_84: posts big blind $0.10
*** HOLE CARDS ***
Dealt to HubertusB [Ks 5s]
Gasosa420: raises $0.12 to $0.22
HubertusB: folds 
cazzzwell: folds 
lapochka17: folds 
Mette272: folds 
wil_e_84: folds 
Uncalled bet ($0.12) returned to Gasosa420
Gasosa420 collected $0.25 from pot
Gasosa420: doesn't show hand 
*** SUMMARY ***
Total pot $0.25 | Rake $0 
Seat 1: lapochka17 (button) folded before Flop (didn't bet)
Seat 2: Mette272 (small blind) folded before Flop
Seat 3: wil_e_84 (big blind) folded before Flop
Seat 4: Gasosa420 collected ($0.25)
Seat 5: HubertusB folded before Flop (didn't bet)
Seat 6: cazzzwell folded before Flop (didn't bet)



PokerStars Zoom Hand #185772110140:  Hold'em No Limit ($0.05/$0.10) - 2018/04/28 22:29:30 CCT [2018/04/28 10:29:30 ET]
Table 'Aludra' 6-max Seat #1 is the button
Seat 1: OHRID957 ($11.29 in chips) 
Seat 2: asterea_97 ($12.11 in chips) 
Seat 3: dzacharas ($10 in chips) 
Seat 4: HubertusB ($11.16 in chips) 
Seat 5: zzzaddd2 ($10.27 in chips) 
Seat 6: ClauNebunu91 ($5 in chips) 
asterea_97: posts small blind $0.05
dzacharas: posts big blind $0.10
*** HOLE CARDS ***
Dealt to HubertusB [Ah 9h]
HubertusB: raises $0.10 to $0.20
zzzaddd2: folds 
ClauNebunu91: calls $0.20
OHRID957: folds 
asterea_97: folds 
dzacharas: calls $0.10
*** FLOP *** [5h 4h Ad]
dzacharas: checks 
HubertusB: bets $0.40
ClauNebunu91: calls $0.40
dzacharas: folds 
*** TURN *** [5h 4h Ad] [Th]
HubertusB: bets $1
ClauNebunu91: calls $1
*** RIVER *** [5h 4h Ad Th] [3d]
HubertusB: bets $9.56 and is all-in
ClauNebunu91: folds 
Uncalled bet ($9.56) returned to HubertusB
HubertusB collected $3.29 from pot
HubertusB: doesn't show hand 
*** SUMMARY ***
Total pot $3.45 | Rake $0.16 
Board [5h 4h Ad Th 3d]
Seat 1: OHRID957 (button) folded before Flop (didn't bet)
Seat 2: asterea_97 (small blind) folded before Flop
Seat 3: dzacharas (big blind) folded on the Flop
Seat 4: HubertusB collected ($3.29)
Seat 5: zzzaddd2 folded before Flop (didn't bet)
Seat 6: ClauNebunu91 folded on the River



PokerStars Zoom Hand #185772145703:  Hold'em No Limit ($0.05/$0.10) - 2018/04/28 22:30:35 CCT [2018/04/28 10:30:35 ET]
Table 'Aludra' 6-max Seat #1 is the button
Seat 1: angry lynx ($6.85 in chips) 
Seat 2: -PÁVEL- ($10.05 in chips) 
Seat 3: HubertusB ($12.85 in chips) 
Seat 4: jeonjinny ($9.53 in chips) 
Seat 5: mane8819 ($17.43 in chips) 
Seat 6: stokesy29 ($12.77 in chips) 
-PÁVEL-: posts small blind $0.05
HubertusB: posts big blind $0.10
*** HOLE CARDS ***
Dealt to HubertusB [9h 5h]
jeonjinny: raises $0.15 to $0.25
mane8819: folds 
stokesy29: folds 
angry lynx: folds 
-PÁVEL-: folds 
HubertusB: folds 
Uncalled bet ($0.15) returned to jeonjinny
jeonjinny collected $0.25 from pot
jeonjinny: doesn't show hand 
*** SUMMARY ***
Total pot $0.25 | Rake $0 
Seat 1: angry lynx (button) folded before Flop (didn't bet)
Seat 2: -PÁVEL- (small blind) folded before Flop
Seat 3: HubertusB (big blind) folded before Flop
Seat 4: jeonjinny collected ($0.25)
Seat 5: mane8819 folded before Flop (didn't bet)
Seat 6: stokesy29 folded before Flop (didn't bet)



PokerStars Zoom Hand #185772155116:  Hold'em No Limit ($0.05/$0.10) - 2018/04/28 22:30:52 CCT [2018/04/28 10:30:52 ET]
Table 'Aludra' 6-max Seat #1 is the button
Seat 1: HubertusB ($12.70 in chips) 
Seat 2: fudzi ($10.93 in chips) 
Seat 3: up to heaven ($8.76 in chips) 
Seat 4: hhakken ($10 in chips) 
Seat 5: hcpalli ($29.86 in chips) 
Seat 6: Fox-trouble ($9.40 in chips) 
fudzi: posts small blind $0.05
up to heaven: posts big blind $0.10
*** HOLE CARDS ***
Dealt to HubertusB [Ah Jd]
hhakken: folds 
hcpalli: folds 
Fox-trouble: folds 
HubertusB: raises $0.10 to $0.20
fudzi: folds 
up to heaven: folds 
Uncalled bet ($0.10) returned to HubertusB
HubertusB collected $0.25 from pot
HubertusB: doesn't show hand 
*** SUMMARY ***
Total pot $0.25 | Rake $0 
Seat 1: HubertusB (button) collected ($0.25)
Seat 2: fudzi (small blind) folded before Flop
Seat 3: up to heaven (big blind) folded before Flop
Seat 4: hhakken folded before Flop (didn't bet)
Seat 5: hcpalli folded before Flop (didn't bet)
Seat 6: Fox-trouble folded before Flop (didn't bet)



PokerStars Zoom Hand #185772151253:  Hold'em No Limit ($0.05/$0.10) - 2018/04/28 22:30:45 CCT [2018/04/28 10:30:45 ET]
Table 'Aludra' 6-max Seat #1 is the button
Seat 1: rig_you ($14.91 in chips) 
Seat 2: HubertusB ($12.75 in chips) 
Seat 3: shenyiyang88 ($14.51 in chips) 
Seat 4: IloveBruklin ($10.65 in chips) 
Seat 5: asterea_97 ($10.50 in chips) 
Seat 6: VsevolodNT ($11.48 in chips) 
HubertusB: posts small blind $0.05
shenyiyang88: posts big blind $0.10
*** HOLE CARDS ***
Dealt to HubertusB [9d 2h]
IloveBruklin: raises $0.13 to $0.23
asterea_97: folds 
VsevolodNT: folds 
rig_you: folds 
HubertusB: folds 
shenyiyang88: folds 
Uncalled bet ($0.13) returned to IloveBruklin
IloveBruklin collected $0.25 from pot
IloveBruklin: doesn't show hand 
*** SUMMARY ***
Total pot $0.25 | Rake $0 
Seat 1: rig_you (button) folded before Flop (didn't bet)
Seat 2: HubertusB (small blind) folded before Flop
Seat 3: shenyiyang88 (big blind) folded before Flop
Seat 4: IloveBruklin collected ($0.25)
Seat 5: asterea_97 folded before Flop (didn't bet)
Seat 6: VsevolodNT folded before Flop (didn't bet)



PokerStars Zoom Hand #185772142212:  Hold'em No Limit ($0.05/$0.10) - 2018/04/28 22:30:29 CCT [2018/04/28 10:30:29 ET]
Table 'Aludra' 6-max Seat #1 is the button
Seat 1: hafulol3 ($11.75 in chips) 
Seat 2: swimmingsu ($10.27 in chips) 
Seat 3: Battibau75 ($10.07 in chips) 
Seat 4: DudinAndrey ($10 in chips) 
Seat 5: HubertusB ($12.85 in chips) 
Seat 6: Jebelmme ($4.40 in chips) 
swimmingsu: posts small blind $0.05
Battibau75: posts big blind $0.10
*** HOLE CARDS ***
Dealt to HubertusB [4h Jh]
DudinAndrey: folds 
HubertusB: folds 
Jebelmme: calls $0.10
hafulol3: raises $0.20 to $0.30
swimmingsu: folds 
Battibau75: folds 
Jebelmme: calls $0.20
*** FLOP *** [5h 5s 3s]
Jebelmme: checks 
hafulol3: bets $0.48
Jebelmme: folds 
Uncalled bet ($0.48) returned to hafulol3
hafulol3 collected $0.72 from pot
hafulol3: doesn't show hand 
*** SUMMARY ***
Total pot $0.75 | Rake $0.03 
Board [5h 5s 3s]
Seat 1: hafulol3 (button) collected ($0.72)
Seat 2: swimmingsu (small blind) folded before Flop
Seat 3: Battibau75 (big blind) folded before Flop
Seat 4: DudinAndrey folded before Flop (didn't bet)
Seat 5: HubertusB folded before Flop (didn't bet)
Seat 6: Jebelmme folded on the Flop



PokerStars Zoom Hand #185772163322:  Hold'em No Limit ($0.05/$0.10) - 2018/04/28 22:31:07 CCT [2018/04/28 10:31:07 ET]
Table 'Aludra' 6-max Seat #1 is the button
Seat 1: HubertusB ($12.85 in chips) 
Seat 2: Zio000 ($10.62 in chips) 
Seat 3: 4oAses ($12.34 in chips) 
Seat 4: Nocco88 ($11.47 in chips) 
Seat 5: Shinobilux ($14.62 in chips) 
Seat 6: I Ba$im I ($15.61 in chips) 
Zio000: posts small blind $0.05
4oAses: posts big blind $0.10
*** HOLE CARDS ***
Dealt to HubertusB [Kd Ah]
Nocco88: raises $0.15 to $0.25
Shinobilux: folds 
I Ba$im I: folds 
HubertusB: calls $0.25
Zio000: folds 
4oAses: folds 
*** FLOP *** [Qs 9s 2d]
Nocco88: checks 
HubertusB: checks 
*** TURN *** [Qs 9s 2d] [Kh]
Nocco88: bets $0.20
HubertusB: raises $0.60 to $0.80
Nocco88: folds 
Uncalled bet ($0.60) returned to HubertusB
HubertusB collected $1 from pot
HubertusB: doesn't show hand 
*** SUMMARY ***
Total pot $1.05 | Rake $0.05 
Board [Qs 9s 2d Kh]
Seat 1: HubertusB (button) collected ($1)
Seat 2: Zio000 (small blind) folded before Flop
Seat 3: 4oAses (big blind) folded before Flop
Seat 4: Nocco88 folded on the Turn
Seat 5: Shinobilux folded before Flop (didn't bet)
Seat 6: I Ba$im I folded before Flop (didn't bet)



PokerStars Zoom Hand #185772159987:  Hold'em No Limit ($0.05/$0.10) - 2018/04/28 22:31:01 CCT [2018/04/28 10:31:01 ET]
Table 'Aludra' 6-max Seat #1 is the button
Seat 1: kos7kiev ($18.76 in chips) 
Seat 2: dzacharas ($10 in chips) 
Seat 3: zzzaddd2 ($12.45 in chips) 
Seat 4: HubertusB ($12.85 in chips) 
Seat 5: vik9172600 ($2.97 in chips) 
Seat 6: moskvaalex ($7.60 in chips) 
dzacharas: posts small blind $0.05
zzzaddd2: posts big blind $0.10
*** HOLE CARDS ***
Dealt to HubertusB [3d 2h]
HubertusB: folds 
vik9172600: folds 
moskvaalex: raises $0.10 to $0.20
kos7kiev: calls $0.20
dzacharas: folds 
zzzaddd2: folds 
*** FLOP *** [9d 2c Jd]
moskvaalex: bets $0.30
kos7kiev: calls $0.30
*** TURN *** [9d 2c Jd] [Qc]
moskvaalex: bets $0.50
kos7kiev: calls $0.50
*** RIVER *** [9d 2c Jd Qc] [5c]
moskvaalex: checks 
kos7kiev: bets $0.72
moskvaalex: calls $0.72
*** SHOW DOWN ***
kos7kiev: shows [Kd Qh] (a pair of Queens)
moskvaalex: mucks hand 
kos7kiev collected $3.43 from pot
*** SUMMARY ***
Total pot $3.59 | Rake $0.16 
Board [9d 2c Jd Qc 5c]
Seat 1: kos7kiev (button) showed [Kd Qh] and won ($3.43) with a pair of Queens
Seat 2: dzacharas (small blind) folded before Flop
Seat 3: zzzaddd2 (big blind) folded before Flop
Seat 4: HubertusB folded before Flop (didn't bet)
Seat 5: vik9172600 folded before Flop (didn't bet)
Seat 6: moskvaalex mucked [Jh Td]



PokerStars Zoom Hand #185772197309:  Hold'em No Limit ($0.05/$0.10) - 2018/04/28 22:32:09 CCT [2018/04/28 10:32:09 ET]
Table 'Aludra' 6-max Seat #1 is the button
Seat 1: Sir-NyCkY ($10.52 in chips) 
Seat 2: HubertusB ($13.30 in chips) 
Seat 3: pacman2201 ($10.76 in chips) 
Seat 4: Tub1610 ($14.33 in chips) 
Seat 5: zzzaddd2 ($10.06 in chips) 
Seat 6: maedamaeda ($12.32 in chips) 
HubertusB: posts small blind $0.05
pacman2201: posts big blind $0.10
*** HOLE CARDS ***
Dealt to HubertusB [Th 7s]
Tub1610: folds 
zzzaddd2: folds 
maedamaeda: raises $0.20 to $0.30
Sir-NyCkY: folds 
HubertusB: folds 
pacman2201: folds 
Uncalled bet ($0.20) returned to maedamaeda
maedamaeda collected $0.25 from pot
maedamaeda: doesn't show hand 
*** SUMMARY ***
Total pot $0.25 | Rake $0 
Seat 1: Sir-NyCkY (button) folded before Flop (didn't bet)
Seat 2: HubertusB (small blind) folded before Flop
Seat 3: pacman2201 (big blind) folded before Flop
Seat 4: Tub1610 folded before Flop (didn't bet)
Seat 5: zzzaddd2 folded before Flop (didn't bet)
Seat 6: maedamaeda collected ($0.25)



PokerStars Zoom Hand #185772183616:  Hold'em No Limit ($0.05/$0.10) - 2018/04/28 22:31:44 CCT [2018/04/28 10:31:44 ET]
Table 'Aludra' 6-max Seat #1 is the button
Seat 1: IloveBruklin ($29.81 in chips) 
Seat 2: m4g1st3r ($4.60 in chips) 
Seat 3: HubertusB ($13.40 in chips) 
Seat 4: Nocco88 ($11.02 in chips) 
Seat 5: DerLang ($10.15 in chips) 
Seat 6: Gasosa420 ($12.39 in chips) 
m4g1st3r: posts small blind $0.05
HubertusB: posts big blind $0.10
*** HOLE CARDS ***
Dealt to HubertusB [5c Ac]
Nocco88: folds 
DerLang: raises $0.12 to $0.22
Gasosa420: raises $0.44 to $0.66
IloveBruklin: folds 
m4g1st3r: folds 
HubertusB: folds 
DerLang: calls $0.44
*** FLOP *** [6d Qd 4h]
DerLang: checks 
Gasosa420: bets $0.48
DerLang: folds 
Uncalled bet ($0.48) returned to Gasosa420
Gasosa420 collected $1.40 from pot
Gasosa420: doesn't show hand 
*** SUMMARY ***
Total pot $1.47 | Rake $0.07 
Board [6d Qd 4h]
Seat 1: IloveBruklin (button) folded before Flop (didn't bet)
Seat 2: m4g1st3r (small blind) folded before Flop
Seat 3: HubertusB (big blind) folded before Flop
Seat 4: Nocco88 folded before Flop (didn't bet)
Seat 5: DerLang folded on the Flop
Seat 6: Gasosa420 collected ($1.40)



PokerStars Zoom Hand #185772200679:  Hold'em No Limit ($0.05/$0.10) - 2018/04/28 22:32:15 CCT [2018/04/28 10:32:15 ET]
Table 'Aludra' 6-max Seat #1 is the button
Seat 1: Sensey-nv ($18.37 in chips) 
Seat 2: xmzok012 ($10 in chips) 
Seat 3: HubertusB ($13.25 in chips) 
Seat 4: hcpalli ($12.21 in chips) 
Seat 5: Anatolii2703 ($8.87 in chips) 
Seat 6: FL.Jin02 ($9.13 in chips) 
xmzok012: posts small blind $0.05
HubertusB: posts big blind $0.10
*** HOLE CARDS ***
Dealt to HubertusB [2d Ah]
hcpalli: folds 
Anatolii2703: folds 
FL.Jin02: raises $0.15 to $0.25
Sensey-nv: folds 
xmzok012: folds 
HubertusB: folds 
Uncalled bet ($0.15) returned to FL.Jin02
FL.Jin02 collected $0.25 from pot
FL.Jin02: doesn't show hand 
*** SUMMARY ***
Total pot $0.25 | Rake $0 
Seat 1: Sensey-nv (button) folded before Flop (didn't bet)
Seat 2: xmzok012 (small blind) folded before Flop
Seat 3: HubertusB (big blind) folded before Flop
Seat 4: hcpalli folded before Flop (didn't bet)
Seat 5: Anatolii2703 folded before Flop (didn't bet)
Seat 6: FL.Jin02 collected ($0.25)



PokerStars Zoom Hand #185772204477:  Hold'em No Limit ($0.05/$0.10) - 2018/04/28 22:32:22 CCT [2018/04/28 10:32:22 ET]
Table 'Aludra' 6-max Seat #1 is the button
Seat 1: A.Platonov92 ($25.12 in chips) 
Seat 2: caveman19681 ($11.92 in chips) 
Seat 3: zdaz1 ($25.72 in chips) 
Seat 4: Cpartan12 ($10.22 in chips) 
Seat 5: HubertusB ($13.15 in chips) 
Seat 6: jeroninho ($13.43 in chips) 
caveman19681: posts small blind $0.05
zdaz1: posts big blind $0.10
*** HOLE CARDS ***
Dealt to HubertusB [Ah 7s]
Cpartan12: folds 
HubertusB: folds 
jeroninho: folds 
A.Platonov92: folds 
caveman19681: folds 
Uncalled bet ($0.05) returned to zdaz1
zdaz1 collected $0.10 from pot
zdaz1: doesn't show hand 
*** SUMMARY ***
Total pot $0.10 | Rake $0 
Seat 1: A.Platonov92 (button) folded before Flop (didn't bet)
Seat 2: caveman19681 (small blind) folded before Flop
Seat 3: zdaz1 (big blind) collected ($0.10)
Seat 4: Cpartan12 folded before Flop (didn't bet)
Seat 5: HubertusB folded before Flop (didn't bet)
Seat 6: jeroninho folded before Flop (didn't bet)



PokerStars Zoom Hand #185772192393:  Hold'em No Limit ($0.05/$0.10) - 2018/04/28 22:32:00 CCT [2018/04/28 10:32:00 ET]
Table 'Aludra' 6-max Seat #1 is the button
Seat 1: FL.Jin02 ($7.25 in chips) 
Seat 2: navl ($3.60 in chips) 
Seat 3: zwakk ($8.13 in chips) 
Seat 4: c-bober ($9.77 in chips) 
Seat 5: garrett181818 ($5.22 in chips) 
Seat 6: HubertusB ($13.30 in chips) 
navl: posts small blind $0.05
zwakk: posts big blind $0.10
*** HOLE CARDS ***
Dealt to HubertusB [8s Ks]
c-bober: raises $0.15 to $0.25
garrett181818: folds 
HubertusB: folds 
FL.Jin02: folds 
navl: calls $0.20
zwakk: folds 
*** FLOP *** [3s 7c Qd]
navl: checks 
c-bober: checks 
*** TURN *** [3s 7c Qd] [Jh]
navl: checks 
c-bober: bets $0.30
navl: folds 
Uncalled bet ($0.30) returned to c-bober
c-bober collected $0.57 from pot
c-bober: doesn't show hand 
*** SUMMARY ***
Total pot $0.60 | Rake $0.03 
Board [3s 7c Qd Jh]
Seat 1: FL.Jin02 (button) folded before Flop (didn't bet)
Seat 2: navl (small blind) folded on the Turn
Seat 3: zwakk (big blind) folded before Flop
Seat 4: c-bober collected ($0.57)
Seat 5: garrett181818 folded before Flop (didn't bet)
Seat 6: HubertusB folded before Flop (didn't bet)



PokerStars Zoom Hand #185772207784:  Hold'em No Limit ($0.05/$0.10) - 2018/04/28 22:32:28 CCT [2018/04/28 10:32:28 ET]
Table 'Aludra' 6-max Seat #1 is the button
Seat 1: HubertusB ($13.15 in chips) 
Seat 2: saleriver ($10.16 in chips) 
Seat 3: Vetalpk ($7.97 in chips) 
Seat 4: Draugsvoll ($12.51 in chips) 
Seat 5: Loscie ($10 in chips) 
Seat 6: universe123 ($10 in chips) 
saleriver: posts small blind $0.05
Vetalpk: posts big blind $0.10
*** HOLE CARDS ***
Dealt to HubertusB [8c 5h]
Draugsvoll: folds 
Loscie: folds 
universe123: folds 
HubertusB: raises $0.10 to $0.20
saleriver: folds 
Vetalpk: folds 
Uncalled bet ($0.10) returned to HubertusB
HubertusB collected $0.25 from pot
HubertusB: doesn't show hand 
*** SUMMARY ***
Total pot $0.25 | Rake $0 
Seat 1: HubertusB (button) collected ($0.25)
Seat 2: saleriver (small blind) folded before Flop
Seat 3: Vetalpk (big blind) folded before Flop
Seat 4: Draugsvoll folded before Flop (didn't bet)
Seat 5: Loscie folded before Flop (didn't bet)
Seat 6: universe123 folded before Flop (didn't bet)



PokerStars Zoom Hand #185772215688:  Hold'em No Limit ($0.05/$0.10) - 2018/04/28 22:32:42 CCT [2018/04/28 10:32:42 ET]
Table 'Aludra' 6-max Seat #1 is the button
Seat 1: Jondays ($9.27 in chips) 
Seat 2: HubertusB ($13.30 in chips) 
Seat 3: alex0872 ($3.60 in chips) 
Seat 4: iron b-man ($8.38 in chips) 
Seat 5: Marlboro561 ($14.18 in chips) 
Seat 6: Bihito ($10.09 in chips) 
HubertusB: posts small blind $0.05
alex0872: posts big blind $0.10
*** HOLE CARDS ***
Dealt to HubertusB [6c Qc]
iron b-man: folds 
Marlboro561: folds 
Bihito: folds 
Jondays: folds 
HubertusB: folds 
Uncalled bet ($0.05) returned to alex0872
alex0872 collected $0.10 from pot
alex0872: doesn't show hand 
*** SUMMARY ***
Total pot $0.10 | Rake $0 
Seat 1: Jondays (button) folded before Flop (didn't bet)
Seat 2: HubertusB (small blind) folded before Flop
Seat 3: alex0872 (big blind) collected ($0.10)
Seat 4: iron b-man folded before Flop (didn't bet)
Seat 5: Marlboro561 folded before Flop (didn't bet)
Seat 6: Bihito folded before Flop (didn't bet)



PokerStars Zoom Hand #185772222241:  Hold'em No Limit ($0.05/$0.10) - 2018/04/28 22:32:54 CCT [2018/04/28 10:32:54 ET]
Table 'Aludra' 6-max Seat #1 is the button
Seat 1: BogdanKashta ($22.48 in chips) 
Seat 2: jack nichols ($9.90 in chips) 
Seat 3: kos7kiev ($20.42 in chips) 
Seat 4: DudinAndrey ($10.43 in chips) 
Seat 5: HubertusB ($13.25 in chips) 
Seat 6: Festigkeit ($10.48 in chips) 
jack nichols: posts small blind $0.05
kos7kiev: posts big blind $0.10
*** HOLE CARDS ***
Dealt to HubertusB [Ts Js]
DudinAndrey: folds 
HubertusB: raises $0.10 to $0.20
Festigkeit: folds 
BogdanKashta: folds 
jack nichols: folds 
kos7kiev: folds 
Uncalled bet ($0.10) returned to HubertusB
HubertusB collected $0.25 from pot
HubertusB: doesn't show hand 
*** SUMMARY ***
Total pot $0.25 | Rake $0 
Seat 1: BogdanKashta (button) folded before Flop (didn't bet)
Seat 2: jack nichols (small blind) folded before Flop
Seat 3: kos7kiev (big blind) folded before Flop
Seat 4: DudinAndrey folded before Flop (didn't bet)
Seat 5: HubertusB collected ($0.25)
Seat 6: Festigkeit folded before Flop (didn't bet)



PokerStars Zoom Hand #185772218899:  Hold'em No Limit ($0.05/$0.10) - 2018/04/28 22:32:48 CCT [2018/04/28 10:32:48 ET]
Table 'Aludra' 6-max Seat #1 is the button
Seat 1: Shinobilux ($15.34 in chips) 
Seat 2: Konstantin_T ($9.19 in chips) 
Seat 3: kiddinglol ($12.93 in chips) 
Seat 4: Zm3j ($10.56 in chips) 
Seat 5: redsy22 ($11.15 in chips) 
Seat 6: HubertusB ($13.25 in chips) 
Konstantin_T: posts small blind $0.05
kiddinglol: posts big blind $0.10
*** HOLE CARDS ***
Dealt to HubertusB [9h Td]
Zm3j: raises $0.15 to $0.25
redsy22: folds 
HubertusB: folds 
Shinobilux: folds 
Konstantin_T: calls $0.20
kiddinglol: folds 
*** FLOP *** [5d 9d Th]
Konstantin_T: checks 
Zm3j: checks 
*** TURN *** [5d 9d Th] [3d]
Konstantin_T: bets $0.29
Zm3j: folds 
Uncalled bet ($0.29) returned to Konstantin_T
Konstantin_T collected $0.57 from pot
Konstantin_T: doesn't show hand 
*** SUMMARY ***
Total pot $0.60 | Rake $0.03 
Board [5d 9d Th 3d]
Seat 1: Shinobilux (button) folded before Flop (didn't bet)
Seat 2: Konstantin_T (small blind) collected ($0.57)
Seat 3: kiddinglol (big blind) folded before Flop
Seat 4: Zm3j folded on the Turn
Seat 5: redsy22 folded before Flop (didn't bet)
Seat 6: HubertusB folded before Flop (didn't bet)



PokerStars Zoom Hand #185772237158:  Hold'em No Limit ($0.05/$0.10) - 2018/04/28 22:33:21 CCT [2018/04/28 10:33:21 ET]
Table 'Aludra' 6-max Seat #1 is the button
Seat 1: jeroninho ($11 in chips) 
Seat 2: Bihito ($9.99 in chips) 
Seat 3: HubertusB ($13.40 in chips) 
Seat 4: Chao Qun P ($10.58 in chips) 
Seat 5: chirva007 ($10 in chips) 
Seat 6: guybrushcrsv ($10.15 in chips) 
Bihito: posts small blind $0.05
HubertusB: posts big blind $0.10
*** HOLE CARDS ***
Dealt to HubertusB [Qs Ac]
Chao Qun P: folds 
chirva007: folds 
guybrushcrsv: folds 
jeroninho: folds 
Bihito: folds 
Uncalled bet ($0.05) returned to HubertusB
HubertusB collected $0.10 from pot
HubertusB: doesn't show hand 
*** SUMMARY ***
Total pot $0.10 | Rake $0 
Seat 1: jeroninho (button) folded before Flop (didn't bet)
Seat 2: Bihito (small blind) folded before Flop
Seat 3: HubertusB (big blind) collected ($0.10)
Seat 4: Chao Qun P folded before Flop (didn't bet)
Seat 5: chirva007 folded before Flop (didn't bet)
Seat 6: guybrushcrsv folded before Flop (didn't bet)



PokerStars Zoom Hand #185772230505:  Hold'em No Limit ($0.05/$0.10) - 2018/04/28 22:33:09 CCT [2018/04/28 10:33:09 ET]
Table 'Aludra' 6-max Seat #1 is the button
Seat 1: Bamboleo99 ($10.37 in chips) 
Seat 2: Olexxx77 ($10.05 in chips) 
Seat 3: Sonja45821 ($21.28 in chips) 
Seat 4: HubertusB ($13.40 in chips) 
Seat 5: iron b-man ($7.72 in chips) 
Seat 6: TryingWinner ($10.20 in chips) 
Olexxx77: posts small blind $0.05
Sonja45821: posts big blind $0.10
*** HOLE CARDS ***
Dealt to HubertusB [5s 8c]
HubertusB: folds 
iron b-man: folds 
TryingWinner: folds 
Bamboleo99: raises $0.15 to $0.25
Olexxx77: calls $0.20
Sonja45821: folds 
*** FLOP *** [4d Jd 9d]
Olexxx77: checks 
Bamboleo99: bets $0.30
Olexxx77: calls $0.30
*** TURN *** [4d Jd 9d] [7d]
Olexxx77: checks 
Bamboleo99: bets $0.60
Olexxx77: folds 
Uncalled bet ($0.60) returned to Bamboleo99
Bamboleo99 collected $1.15 from pot
Bamboleo99: doesn't show hand 
*** SUMMARY ***
Total pot $1.20 | Rake $0.05 
Board [4d Jd 9d 7d]
Seat 1: Bamboleo99 (button) collected ($1.15)
Seat 2: Olexxx77 (small blind) folded on the Turn
Seat 3: Sonja45821 (big blind) folded before Flop
Seat 4: HubertusB folded before Flop (didn't bet)
Seat 5: iron b-man folded before Flop (didn't bet)
Seat 6: TryingWinner folded before Flop (didn't bet)



PokerStars Zoom Hand #185772234351:  Hold'em No Limit ($0.05/$0.10) - 2018/04/28 22:33:16 CCT [2018/04/28 10:33:16 ET]
Table 'Aludra' 6-max Seat #1 is the button
Seat 1: asterea_97 ($10 in chips) 
Seat 2: Aqui.F ($10 in chips) 
Seat 3: Bamboleo99 ($20.84 in chips) 
Seat 4: BrinBran77 ($15.15 in chips) 
Seat 5: zdaz1 ($25.72 in chips) 
Seat 6: HubertusB ($13.40 in chips) 
Aqui.F: posts small blind $0.05
Bamboleo99: posts big blind $0.10
*** HOLE CARDS ***
Dealt to HubertusB [5h 3s]
BrinBran77: folds 
zdaz1: folds 
HubertusB: folds 
asterea_97: folds 
Aqui.F: raises $0.20 to $0.30
Bamboleo99: raises $0.50 to $0.80
Aqui.F: folds 
Uncalled bet ($0.50) returned to Bamboleo99
Bamboleo99 collected $0.60 from pot
Bamboleo99: doesn't show hand 
*** SUMMARY ***
Total pot $0.60 | Rake $0 
Seat 1: asterea_97 (button) folded before Flop (didn't bet)
Seat 2: Aqui.F (small blind) folded before Flop
Seat 3: Bamboleo99 (big blind) collected ($0.60)
Seat 4: BrinBran77 folded before Flop (didn't bet)
Seat 5: zdaz1 folded before Flop (didn't bet)
Seat 6: HubertusB folded before Flop (didn't bet)



PokerStars Zoom Hand #185772242125:  Hold'em No Limit ($0.05/$0.10) - 2018/04/28 22:33:30 CCT [2018/04/28 10:33:30 ET]
Table 'Aludra' 6-max Seat #1 is the button
Seat 1: VsevolodNT ($17.60 in chips) 
Seat 2: Kleppe98 ($11.69 in chips) 
Seat 3: naymaierbra ($10 in chips) 
Seat 4: HubertusB ($13.45 in chips) 
Seat 5: jekaruspoker ($36.79 in chips) 
Seat 6: up to heaven ($12.69 in chips) 
Kleppe98: posts small blind $0.05
naymaierbra: posts big blind $0.10
*** HOLE CARDS ***
Dealt to HubertusB [9c Ac]
HubertusB: raises $0.10 to $0.20
jekaruspoker: folds 
up to heaven: folds 
VsevolodNT: folds 
Kleppe98: folds 
naymaierbra: calls $0.10
*** FLOP *** [5c 8c Js]
naymaierbra: checks 
HubertusB: bets $0.30
naymaierbra: folds 
Uncalled bet ($0.30) returned to HubertusB
HubertusB collected $0.43 from pot
HubertusB: doesn't show hand 
*** SUMMARY ***
Total pot $0.45 | Rake $0.02 
Board [5c 8c Js]
Seat 1: VsevolodNT (button) folded before Flop (didn't bet)
Seat 2: Kleppe98 (small blind) folded before Flop
Seat 3: naymaierbra (big blind) folded on the Flop
Seat 4: HubertusB collected ($0.43)
Seat 5: jekaruspoker folded before Flop (didn't bet)
Seat 6: up to heaven folded before Flop (didn't bet)



PokerStars Zoom Hand #185772257595:  Hold'em No Limit ($0.05/$0.10) - 2018/04/28 22:33:58 CCT [2018/04/28 10:33:58 ET]
Table 'Aludra' 6-max Seat #1 is the button
Seat 1: youremindme ($15.36 in chips) 
Seat 2: johnyguedes1 ($11.41 in chips) 
Seat 3: asterea_97 ($12.37 in chips) 
Seat 4: HubertusB ($13.68 in chips) 
Seat 5: redsy22 ($10.52 in chips) 
Seat 6: PokerIdol16 ($28.73 in chips) 
johnyguedes1: posts small blind $0.05
asterea_97: posts big blind $0.10
*** HOLE CARDS ***
Dealt to HubertusB [Ks 3c]
HubertusB: folds 
redsy22: folds 
PokerIdol16: raises $0.20 to $0.30
youremindme: folds 
johnyguedes1: calls $0.25
asterea_97: raises $1.20 to $1.50
PokerIdol16: folds 
johnyguedes1: folds 
Uncalled bet ($1.20) returned to asterea_97
asterea_97 collected $0.90 from pot
asterea_97: doesn't show hand 
*** SUMMARY ***
Total pot $0.90 | Rake $0 
Seat 1: youremindme (button) folded before Flop (didn't bet)
Seat 2: johnyguedes1 (small blind) folded before Flop
Seat 3: asterea_97 (big blind) collected ($0.90)
Seat 4: HubertusB folded before Flop (didn't bet)
Seat 5: redsy22 folded before Flop (didn't bet)
Seat 6: PokerIdol16 folded before Flop



PokerStars Zoom Hand #185772260280:  Hold'em No Limit ($0.05/$0.10) - 2018/04/28 22:34:03 CCT [2018/04/28 10:34:03 ET]
Table 'Aludra' 6-max Seat #1 is the button
Seat 1: HubertusB ($13.68 in chips) 
Seat 2: jekaruspoker ($10 in chips) 
Seat 3: Zio000 ($11.71 in chips) 
Seat 4: NickB1604 ($10.27 in chips) 
Seat 5: Skabenga007 ($14.56 in chips) 
Seat 6: Xxq1987 ($9.22 in chips) 
jekaruspoker: posts small blind $0.05
Zio000: posts big blind $0.10
*** HOLE CARDS ***
Dealt to HubertusB [Ah Qc]
NickB1604: folds 
Skabenga007: folds 
Xxq1987 has timed out
Xxq1987: folds 
HubertusB: raises $0.10 to $0.20
jekaruspoker: folds 
Zio000: raises $0.45 to $0.65
HubertusB: calls $0.45
*** FLOP *** [4c Kh Kd]
Zio000: bets $0.84
HubertusB: folds 
Uncalled bet ($0.84) returned to Zio000
Zio000 collected $1.29 from pot
Zio000: doesn't show hand 
*** SUMMARY ***
Total pot $1.35 | Rake $0.06 
Board [4c Kh Kd]
Seat 1: HubertusB (button) folded on the Flop
Seat 2: jekaruspoker (small blind) folded before Flop
Seat 3: Zio000 (big blind) collected ($1.29)
Seat 4: NickB1604 folded before Flop (didn't bet)
Seat 5: Skabenga007 folded before Flop (didn't bet)
Seat 6: Xxq1987 folded before Flop (didn't bet)



PokerStars Zoom Hand #185772286588:  Hold'em No Limit ($0.05/$0.10) - 2018/04/28 22:34:51 CCT [2018/04/28 10:34:51 ET]
Table 'Aludra' 6-max Seat #1 is the button
Seat 1: saleriver ($15.70 in chips) 
Seat 2: HubertusB ($13.03 in chips) 
Seat 3: RuGBy84 ($10.77 in chips) 
Seat 4: MaxRies ($11.31 in chips) 
Seat 5: wisekraut ($19.71 in chips) 
Seat 6: maikie80 ($12.21 in chips) 
HubertusB: posts small blind $0.05
RuGBy84: posts big blind $0.10
*** HOLE CARDS ***
Dealt to HubertusB [Ks Jc]
MaxRies: folds 
wisekraut: raises $0.15 to $0.25
maikie80: folds 
saleriver: folds 
HubertusB: calls $0.20
RuGBy84: calls $0.15
*** FLOP *** [4d Kc Jh]
HubertusB: checks 
RuGBy84: checks 
wisekraut: bets $0.40
HubertusB: raises $1 to $1.40
RuGBy84: folds 
wisekraut: calls $1
*** TURN *** [4d Kc Jh] [8h]
HubertusB: bets $2.30
wisekraut: folds 
Uncalled bet ($2.30) returned to HubertusB
HubertusB collected $3.39 from pot
HubertusB: doesn't show hand 
*** SUMMARY ***
Total pot $3.55 | Rake $0.16 
Board [4d Kc Jh 8h]
Seat 1: saleriver (button) folded before Flop (didn't bet)
Seat 2: HubertusB (small blind) collected ($3.39)
Seat 3: RuGBy84 (big blind) folded on the Flop
Seat 4: MaxRies folded before Flop (didn't bet)
Seat 5: wisekraut folded on the Turn
Seat 6: maikie80 folded before Flop (didn't bet)



PokerStars Zoom Hand #185772335816:  Hold'em No Limit ($0.05/$0.10) - 2018/04/28 22:36:20 CCT [2018/04/28 10:36:20 ET]
Table 'Aludra' 6-max Seat #1 is the button
Seat 1: MONI861 ($6.63 in chips) 
Seat 2: fujio0702 ($10 in chips) 
Seat 3: HubertusB ($14.77 in chips) 
Seat 4: Nocco88 ($10.51 in chips) 
Seat 5: asterea_97 ($10 in chips) 
Seat 6: BHSK ($5 in chips) 
fujio0702: posts small blind $0.05
HubertusB: posts big blind $0.10
*** HOLE CARDS ***
Dealt to HubertusB [8s 9c]
Nocco88: folds 
asterea_97: folds 
BHSK: folds 
MONI861: folds 
fujio0702: folds 
Uncalled bet ($0.05) returned to HubertusB
HubertusB collected $0.10 from pot
HubertusB: doesn't show hand 
*** SUMMARY ***
Total pot $0.10 | Rake $0 
Seat 1: MONI861 (button) folded before Flop (didn't bet)
Seat 2: fujio0702 (small blind) folded before Flop
Seat 3: HubertusB (big blind) collected ($0.10)
Seat 4: Nocco88 folded before Flop (didn't bet)
Seat 5: asterea_97 folded before Flop (didn't bet)
Seat 6: BHSK folded before Flop (didn't bet)



PokerStars Zoom Hand #185772341453:  Hold'em No Limit ($0.05/$0.10) - 2018/04/28 22:36:30 CCT [2018/04/28 10:36:30 ET]
Table 'Aludra' 6-max Seat #1 is the button
Seat 1: Draugsvoll ($10 in chips) 
Seat 2: Mette272 ($11.30 in chips) 
Seat 3: ImpalerPoker ($22.90 in chips) 
Seat 4: leproso74 ($12.67 in chips) 
Seat 5: knorrr ($13.49 in chips) 
Seat 6: HubertusB ($14.82 in chips) 
Mette272: posts small blind $0.05
ImpalerPoker: posts big blind $0.10
*** HOLE CARDS ***
Dealt to HubertusB [4s Jh]
leproso74: folds 
knorrr: folds 
HubertusB: folds 
Draugsvoll: raises $0.16 to $0.26
Mette272: folds 
ImpalerPoker: folds 
Uncalled bet ($0.16) returned to Draugsvoll
Draugsvoll collected $0.25 from pot
Draugsvoll: doesn't show hand 
*** SUMMARY ***
Total pot $0.25 | Rake $0 
Seat 1: Draugsvoll (button) collected ($0.25)
Seat 2: Mette272 (small blind) folded before Flop
Seat 3: ImpalerPoker (big blind) folded before Flop
Seat 4: leproso74 folded before Flop (didn't bet)
Seat 5: knorrr folded before Flop (didn't bet)
Seat 6: HubertusB folded before Flop (didn't bet)



PokerStars Zoom Hand #185772345384:  Hold'em No Limit ($0.05/$0.10) - 2018/04/28 22:36:37 CCT [2018/04/28 10:36:37 ET]
Table 'Aludra' 6-max Seat #1 is the button
Seat 1: HubertusB ($14.82 in chips) 
Seat 2: Jebelmme ($3.42 in chips) 
Seat 3: nr3_4ever ($19.63 in chips) 
Seat 4: latalt ($10 in chips) 
Seat 5: leproso74 ($11.14 in chips) 
Seat 6: kubo9393 ($10.37 in chips) 
Jebelmme: posts small blind $0.05
nr3_4ever: posts big blind $0.10
*** HOLE CARDS ***
Dealt to HubertusB [Ad Qc]
latalt: folds 
leproso74: raises $0.20 to $0.30
kubo9393: folds 
HubertusB: calls $0.30
Jebelmme: folds 
nr3_4ever: folds 
*** FLOP *** [5h 8c 6c]
leproso74: checks 
HubertusB: bets $0.40
leproso74: folds 
Uncalled bet ($0.40) returned to HubertusB
HubertusB collected $0.72 from pot
HubertusB: doesn't show hand 
*** SUMMARY ***
Total pot $0.75 | Rake $0.03 
Board [5h 8c 6c]
Seat 1: HubertusB (button) collected ($0.72)
Seat 2: Jebelmme (small blind) folded before Flop
Seat 3: nr3_4ever (big blind) folded before Flop
Seat 4: latalt folded before Flop (didn't bet)
Seat 5: leproso74 folded on the Flop
Seat 6: kubo9393 folded before Flop (didn't bet)



PokerStars Zoom Hand #185772360726:  Hold'em No Limit ($0.05/$0.10) - 2018/04/28 22:37:05 CCT [2018/04/28 10:37:05 ET]
Table 'Aludra' 6-max Seat #1 is the button
Seat 1: Cpartan12 ($10.55 in chips) 
Seat 2: Tompi2510 ($10.35 in chips) 
Seat 3: cazzzwell ($10.73 in chips) 
Seat 4: icemann236 ($14.09 in chips) 
Seat 5: hcpalli ($15.03 in chips) 
Seat 6: HubertusB ($15.24 in chips) 
Tompi2510: posts small blind $0.05
cazzzwell: posts big blind $0.10
*** HOLE CARDS ***
Dealt to HubertusB [3s 4d]
icemann236: raises $0.10 to $0.20
hcpalli: folds 
HubertusB: folds 
Cpartan12: folds 
Tompi2510: folds 
cazzzwell: folds 
Uncalled bet ($0.10) returned to icemann236
icemann236 collected $0.25 from pot
icemann236: doesn't show hand 
*** SUMMARY ***
Total pot $0.25 | Rake $0 
Seat 1: Cpartan12 (button) folded before Flop (didn't bet)
Seat 2: Tompi2510 (small blind) folded before Flop
Seat 3: cazzzwell (big blind) folded before Flop
Seat 4: icemann236 collected ($0.25)
Seat 5: hcpalli folded before Flop (didn't bet)
Seat 6: HubertusB folded before Flop (didn't bet)



PokerStars Zoom Hand #185772379567:  Hold'em No Limit ($0.05/$0.10) - 2018/04/28 22:37:39 CCT [2018/04/28 10:37:39 ET]
Table 'Aludra' 6-max Seat #1 is the button
Seat 1: wlsgh2750507 ($7.30 in chips) 
Seat 2: charlesgo ($7.96 in chips) 
Seat 3: doriplayer ($10.33 in chips) 
Seat 4: leetine ($13.90 in chips) 
Seat 5: HubertusB ($15.19 in chips) 
Seat 6: Artur.Yun. ($7.79 in chips) 
charlesgo: posts small blind $0.05
doriplayer: posts big blind $0.10
*** HOLE CARDS ***
Dealt to HubertusB [8s 7c]
leetine: folds 
HubertusB: folds 
Artur.Yun.: folds 
wlsgh2750507: folds 
charlesgo: folds 
Uncalled bet ($0.05) returned to doriplayer
doriplayer collected $0.10 from pot
doriplayer: doesn't show hand 
*** SUMMARY ***
Total pot $0.10 | Rake $0 
Seat 1: wlsgh2750507 (button) folded before Flop (didn't bet)
Seat 2: charlesgo (small blind) folded before Flop
Seat 3: doriplayer (big blind) collected ($0.10)
Seat 4: leetine folded before Flop (didn't bet)
Seat 5: HubertusB folded before Flop (didn't bet)
Seat 6: Artur.Yun. folded before Flop (didn't bet)



PokerStars Zoom Hand #185772371248:  Hold'em No Limit ($0.05/$0.10) - 2018/04/28 22:37:24 CCT [2018/04/28 10:37:24 ET]
Table 'Aludra' 6-max Seat #1 is the button
Seat 1: Gasosa420 ($12.36 in chips) 
Seat 2: latalt ($10 in chips) 
Seat 3: Wittl ($10 in chips) 
Seat 4: kristianl789 ($7.94 in chips) 
Seat 5: HubertusB ($15.19 in chips) 
Seat 6: IloveBruklin ($10.96 in chips) 
latalt: posts small blind $0.05
Wittl: posts big blind $0.10
*** HOLE CARDS ***
Dealt to HubertusB [9c 3c]
kristianl789: calls $0.10
HubertusB: folds 
IloveBruklin: folds 
Gasosa420: folds 
latalt: calls $0.05
Wittl: checks 
*** FLOP *** [Jd Ac 9h]
latalt: bets $0.32
Wittl: folds 
kristianl789: folds 
Uncalled bet ($0.32) returned to latalt
latalt collected $0.29 from pot
latalt: doesn't show hand 
*** SUMMARY ***
Total pot $0.30 | Rake $0.01 
Board [Jd Ac 9h]
Seat 1: Gasosa420 (button) folded before Flop (didn't bet)
Seat 2: latalt (small blind) collected ($0.29)
Seat 3: Wittl (big blind) folded on the Flop
Seat 4: kristianl789 folded on the Flop
Seat 5: HubertusB folded before Flop (didn't bet)
Seat 6: IloveBruklin folded before Flop (didn't bet)



PokerStars Zoom Hand #185772386237:  Hold'em No Limit ($0.05/$0.10) - 2018/04/28 22:37:51 CCT [2018/04/28 10:37:51 ET]
Table 'Aludra' 6-max Seat #1 is the button
Seat 1: LSK/LK821 ($23.29 in chips) 
Seat 2: tania_Foxy ($12.64 in chips) 
Seat 3: HubertusB ($15.19 in chips) 
Seat 4: jose eagle50 ($26.12 in chips) 
Seat 5: stnfilagr ($13.25 in chips) 
Seat 6: hhakken ($14.77 in chips) 
tania_Foxy: posts small blind $0.05
HubertusB: posts big blind $0.10
*** HOLE CARDS ***
Dealt to HubertusB [9c 7h]
jose eagle50: folds 
stnfilagr: folds 
hhakken: folds 
LSK/LK821: folds 
tania_Foxy: folds 
Uncalled bet ($0.05) returned to HubertusB
HubertusB collected $0.10 from pot
HubertusB: doesn't show hand 
*** SUMMARY ***
Total pot $0.10 | Rake $0 
Seat 1: LSK/LK821 (button) folded before Flop (didn't bet)
Seat 2: tania_Foxy (small blind) folded before Flop
Seat 3: HubertusB (big blind) collected ($0.10)
Seat 4: jose eagle50 folded before Flop (didn't bet)
Seat 5: stnfilagr folded before Flop (didn't bet)
Seat 6: hhakken folded before Flop (didn't bet)



PokerStars Zoom Hand #185772364635:  Hold'em No Limit ($0.05/$0.10) - 2018/04/28 22:37:12 CCT [2018/04/28 10:37:12 ET]
Table 'Aludra' 6-max Seat #1 is the button
Seat 1: marcioadrs ($10.02 in chips) 
Seat 2: HubertusB ($15.24 in chips) 
Seat 3: TROFIM.M ($10.55 in chips) 
Seat 4: zarleika ($10.45 in chips) 
Seat 5: iDecMate ($10 in chips) 
Seat 6: redsy22 ($10.57 in chips) 
HubertusB: posts small blind $0.05
TROFIM.M: posts big blind $0.10
*** HOLE CARDS ***
Dealt to HubertusB [2d Ks]
zarleika: folds 
iDecMate: folds 
redsy22: folds 
marcioadrs: raises $0.15 to $0.25
HubertusB: folds 
TROFIM.M: calls $0.15
*** FLOP *** [Qc 9c Tc]
TROFIM.M: checks 
marcioadrs: bets $0.27
TROFIM.M: calls $0.27
*** TURN *** [Qc 9c Tc] [2s]
TROFIM.M: checks 
marcioadrs: bets $0.55
TROFIM.M: calls $0.55
*** RIVER *** [Qc 9c Tc 2s] [8d]
TROFIM.M: checks 
marcioadrs: bets $8.95 and is all-in
TROFIM.M: folds 
Uncalled bet ($8.95) returned to marcioadrs
marcioadrs collected $2.09 from pot
marcioadrs: doesn't show hand 
*** SUMMARY ***
Total pot $2.19 | Rake $0.10 
Board [Qc 9c Tc 2s 8d]
Seat 1: marcioadrs (button) collected ($2.09)
Seat 2: HubertusB (small blind) folded before Flop
Seat 3: TROFIM.M (big blind) folded on the River
Seat 4: zarleika folded before Flop (didn't bet)
Seat 5: iDecMate folded before Flop (didn't bet)
Seat 6: redsy22 folded before Flop (didn't bet)



PokerStars Zoom Hand #185772382873:  Hold'em No Limit ($0.05/$0.10) - 2018/04/28 22:37:45 CCT [2018/04/28 10:37:45 ET]
Table 'Aludra' 6-max Seat #1 is the button
Seat 1: pikbube99 ($11.56 in chips) 
Seat 2: jose eagle50 ($26.17 in chips) 
Seat 3: Bamboleo99 ($10.10 in chips) 
Seat 4: HubertusB ($15.19 in chips) 
Seat 5: Hohlikk ($10 in chips) 
Seat 6: Draugsvoll ($10 in chips) 
jose eagle50: posts small blind $0.05
Bamboleo99: posts big blind $0.10
*** HOLE CARDS ***
Dealt to HubertusB [6h 5s]
HubertusB: folds 
Hohlikk: folds 
Draugsvoll: raises $0.16 to $0.26
pikbube99: calls $0.26
jose eagle50: folds 
Bamboleo99: folds 
*** FLOP *** [Jh 2h 5c]
Draugsvoll: checks 
pikbube99: bets $0.30
Draugsvoll: folds 
Uncalled bet ($0.30) returned to pikbube99
pikbube99 collected $0.64 from pot
pikbube99: doesn't show hand 
*** SUMMARY ***
Total pot $0.67 | Rake $0.03 
Board [Jh 2h 5c]
Seat 1: pikbube99 (button) collected ($0.64)
Seat 2: jose eagle50 (small blind) folded before Flop
Seat 3: Bamboleo99 (big blind) folded before Flop
Seat 4: HubertusB folded before Flop (didn't bet)
Seat 5: Hohlikk folded before Flop (didn't bet)
Seat 6: Draugsvoll folded on the Flop



PokerStars Zoom Hand #185772393944:  Hold'em No Limit ($0.05/$0.10) - 2018/04/28 22:38:05 CCT [2018/04/28 10:38:05 ET]
Table 'Aludra' 6-max Seat #1 is the button
Seat 1: osa126 ($35.29 in chips) 
Seat 2: greedyF ($7.10 in chips) 
Seat 3: rig_you ($27.35 in chips) 
Seat 4: so8610 ($10.91 in chips) 
Seat 5: HubertusB ($15.24 in chips) 
Seat 6: The Grass ($12.20 in chips) 
greedyF: posts small blind $0.05
rig_you: posts big blind $0.10
*** HOLE CARDS ***
Dealt to HubertusB [2h 5d]
so8610: folds 
HubertusB: folds 
The Grass: folds 
osa126: folds 
greedyF: folds 
Uncalled bet ($0.05) returned to rig_you
rig_you collected $0.10 from pot
rig_you: doesn't show hand 
*** SUMMARY ***
Total pot $0.10 | Rake $0 
Seat 1: osa126 (button) folded before Flop (didn't bet)
Seat 2: greedyF (small blind) folded before Flop
Seat 3: rig_you (big blind) collected ($0.10)
Seat 4: so8610 folded before Flop (didn't bet)
Seat 5: HubertusB folded before Flop (didn't bet)
Seat 6: The Grass folded before Flop (didn't bet)



PokerStars Zoom Hand #185772398878:  Hold'em No Limit ($0.05/$0.10) - 2018/04/28 22:38:14 CCT [2018/04/28 10:38:14 ET]
Table 'Aludra' 6-max Seat #1 is the button
Seat 1: Sascha_B21 ($7.08 in chips) 
Seat 2: HubertusB ($15.24 in chips) 
Seat 3: Shinobilux ($38.51 in chips) 
Seat 4: Flashburn52 ($22.27 in chips) 
Seat 5: TikTakMan ($12.81 in chips) 
Seat 6: aiyatiltz ($10.40 in chips) 
HubertusB: posts small blind $0.05
Shinobilux: posts big blind $0.10
*** HOLE CARDS ***
Dealt to HubertusB [Ad 9h]
Flashburn52: folds 
TikTakMan: raises $0.16 to $0.26
aiyatiltz: folds 
Sascha_B21: calls $0.26
HubertusB: folds 
Shinobilux: calls $0.16
*** FLOP *** [3d 5c Td]
Shinobilux: checks 
TikTakMan: checks 
Sascha_B21: checks 
*** TURN *** [3d 5c Td] [4s]
Shinobilux: bets $0.53
TikTakMan: calls $0.53
Sascha_B21: folds 
*** RIVER *** [3d 5c Td 4s] [5h]
Shinobilux: checks 
TikTakMan: checks 
*** SHOW DOWN ***
Shinobilux: shows [Qd Qs] (two pair, Queens and Fives)
TikTakMan: mucks hand 
Shinobilux collected $1.81 from pot
*** SUMMARY ***
Total pot $1.89 | Rake $0.08 
Board [3d 5c Td 4s 5h]
Seat 1: Sascha_B21 (button) folded on the Turn
Seat 2: HubertusB (small blind) folded before Flop
Seat 3: Shinobilux (big blind) showed [Qd Qs] and won ($1.81) with two pair, Queens and Fives
Seat 4: Flashburn52 folded before Flop (didn't bet)
Seat 5: TikTakMan mucked [2d 2c]
Seat 6: aiyatiltz folded before Flop (didn't bet)



PokerStars Zoom Hand #185772404858:  Hold'em No Limit ($0.05/$0.10) - 2018/04/28 22:38:25 CCT [2018/04/28 10:38:25 ET]
Table 'Aludra' 6-max Seat #1 is the button
Seat 1: HubertusB ($15.19 in chips) 
Seat 2: ImpalerPoker ($30.86 in chips) 
Seat 3: iDecMate ($10.56 in chips) 
Seat 4: JIuMuHTa ($22.85 in chips) 
Seat 5: SINYsan ($14 in chips) 
Seat 6: Leo Fortune ($8.43 in chips) 
ImpalerPoker: posts small blind $0.05
iDecMate: posts big blind $0.10
*** HOLE CARDS ***
Dealt to HubertusB [Qs 6d]
JIuMuHTa: raises $0.20 to $0.30
SINYsan: folds 
Leo Fortune: raises $0.60 to $0.90
HubertusB: folds 
ImpalerPoker: folds 
iDecMate: folds 
JIuMuHTa: calls $0.60
*** FLOP *** [8s 4d 2c]
JIuMuHTa: checks 
Leo Fortune: checks 
*** TURN *** [8s 4d 2c] [9h]
JIuMuHTa: checks 
Leo Fortune: checks 
*** RIVER *** [8s 4d 2c 9h] [3c]
JIuMuHTa: bets $0.45
Leo Fortune: calls $0.45
*** SHOW DOWN ***
JIuMuHTa: shows [6c 6h] (a pair of Sixes)
Leo Fortune: mucks hand 
JIuMuHTa collected $2.72 from pot
*** SUMMARY ***
Total pot $2.85 | Rake $0.13 
Board [8s 4d 2c 9h 3c]
Seat 1: HubertusB (button) folded before Flop (didn't bet)
Seat 2: ImpalerPoker (small blind) folded before Flop
Seat 3: iDecMate (big blind) folded before Flop
Seat 4: JIuMuHTa showed [6c 6h] and won ($2.72) with a pair of Sixes
Seat 5: SINYsan folded before Flop (didn't bet)
Seat 6: Leo Fortune mucked [Kh Ac]



PokerStars Zoom Hand #185772414279:  Hold'em No Limit ($0.05/$0.10) - 2018/04/28 22:38:42 CCT [2018/04/28 10:38:42 ET]
Table 'Aludra' 6-max Seat #1 is the button
Seat 1: x1elritze99 ($39.04 in chips) 
Seat 2: hachirokuzn6 ($10.35 in chips) 
Seat 3: HubertusB ($15.19 in chips) 
Seat 4: EBRAIM2012 ($4.70 in chips) 
Seat 5: hcpalli ($21.96 in chips) 
Seat 6: xmzok012 ($10 in chips) 
hachirokuzn6: posts small blind $0.05
HubertusB: posts big blind $0.10
*** HOLE CARDS ***
Dealt to HubertusB [5c 5d]
EBRAIM2012: folds 
hcpalli: folds 
xmzok012: folds 
x1elritze99: folds 
hachirokuzn6: raises $0.15 to $0.25
HubertusB: calls $0.15
*** FLOP *** [8s 3c Ah]
hachirokuzn6: checks 
HubertusB: bets $0.30
hachirokuzn6: folds 
Uncalled bet ($0.30) returned to HubertusB
HubertusB collected $0.48 from pot
HubertusB: doesn't show hand 
*** SUMMARY ***
Total pot $0.50 | Rake $0.02 
Board [8s 3c Ah]
Seat 1: x1elritze99 (button) folded before Flop (didn't bet)
Seat 2: hachirokuzn6 (small blind) folded on the Flop
Seat 3: HubertusB (big blind) collected ($0.48)
Seat 4: EBRAIM2012 folded before Flop (didn't bet)
Seat 5: hcpalli folded before Flop (didn't bet)
Seat 6: xmzok012 folded before Flop (didn't bet)



PokerStars Zoom Hand #185772447116:  Hold'em No Limit ($0.05/$0.10) - 2018/04/28 22:39:41 CCT [2018/04/28 10:39:41 ET]
Table 'Aludra' 6-max Seat #1 is the button
Seat 1: Suhoff76 ($47.75 in chips) 
Seat 2: Simonmad ($12.32 in chips) 
Seat 3: Skabenga007 ($13.43 in chips) 
Seat 4: HubertusB ($15.42 in chips) 
Seat 5: redsy22 ($12.74 in chips) 
Seat 6: ertras ($9.85 in chips) 
Simonmad: posts small blind $0.05
Skabenga007: posts big blind $0.10
*** HOLE CARDS ***
Dealt to HubertusB [Tc 2s]
HubertusB: folds 
redsy22: raises $0.20 to $0.30
ertras: folds 
Suhoff76: folds 
Simonmad: folds 
Skabenga007: folds 
Uncalled bet ($0.20) returned to redsy22
redsy22 collected $0.25 from pot
redsy22: doesn't show hand 
*** SUMMARY ***
Total pot $0.25 | Rake $0 
Seat 1: Suhoff76 (button) folded before Flop (didn't bet)
Seat 2: Simonmad (small blind) folded before Flop
Seat 3: Skabenga007 (big blind) folded before Flop
Seat 4: HubertusB folded before Flop (didn't bet)
Seat 5: redsy22 collected ($0.25)
Seat 6: ertras folded before Flop (didn't bet)



PokerStars Zoom Hand #185772458204:  Hold'em No Limit ($0.05/$0.10) - 2018/04/28 22:40:01 CCT [2018/04/28 10:40:01 ET]
Table 'Aludra' 6-max Seat #1 is the button
Seat 1: HubertusB ($15.42 in chips) 
Seat 2: naymaierbra ($10 in chips) 
Seat 3: wlsgh2750507 ($9.05 in chips) 
Seat 4: FL.Jin02 ($13.36 in chips) 
Seat 5: sevenovici ($16.34 in chips) 
Seat 6: HandsomeDaz ($16.37 in chips) 
naymaierbra: posts small blind $0.05
wlsgh2750507: posts big blind $0.10
*** HOLE CARDS ***
Dealt to HubertusB [Ks 3c]
FL.Jin02: folds 
sevenovici: folds 
HandsomeDaz: raises $0.20 to $0.30
HubertusB: folds 
naymaierbra: folds 
wlsgh2750507: folds 
Uncalled bet ($0.20) returned to HandsomeDaz
HandsomeDaz collected $0.25 from pot
HandsomeDaz: doesn't show hand 
*** SUMMARY ***
Total pot $0.25 | Rake $0 
Seat 1: HubertusB (button) folded before Flop (didn't bet)
Seat 2: naymaierbra (small blind) folded before Flop
Seat 3: wlsgh2750507 (big blind) folded before Flop
Seat 4: FL.Jin02 folded before Flop (didn't bet)
Seat 5: sevenovici folded before Flop (didn't bet)
Seat 6: HandsomeDaz collected ($0.25)



PokerStars Zoom Hand #185772450452:  Hold'em No Limit ($0.05/$0.10) - 2018/04/28 22:39:47 CCT [2018/04/28 10:39:47 ET]
Table 'Aludra' 6-max Seat #1 is the button
Seat 1: ClauNebunu91 ($6.29 in chips) 
Seat 2: SNGLEGEND371 ($14.44 in chips) 
Seat 3: stokesy29 ($17.14 in chips) 
Seat 4: Taallt ($10.20 in chips) 
Seat 5: Marpos ($10.10 in chips) 
Seat 6: HubertusB ($15.42 in chips) 
SNGLEGEND371: posts small blind $0.05
stokesy29: posts big blind $0.10
*** HOLE CARDS ***
Dealt to HubertusB [9c As]
Taallt: raises $0.19 to $0.29
Marpos: folds 
HubertusB: folds 
ClauNebunu91: calls $0.29
SNGLEGEND371: folds 
stokesy29: folds 
*** FLOP *** [Jc Ac Ts]
Taallt: bets $0.60
ClauNebunu91: calls $0.60
*** TURN *** [Jc Ac Ts] [3d]
Taallt: bets $1.56
ClauNebunu91: folds 
Uncalled bet ($1.56) returned to Taallt
Taallt collected $1.84 from pot
Taallt: doesn't show hand 
*** SUMMARY ***
Total pot $1.93 | Rake $0.09 
Board [Jc Ac Ts 3d]
Seat 1: ClauNebunu91 (button) folded on the Turn
Seat 2: SNGLEGEND371 (small blind) folded before Flop
Seat 3: stokesy29 (big blind) folded before Flop
Seat 4: Taallt collected ($1.84)
Seat 5: Marpos folded before Flop (didn't bet)
Seat 6: HubertusB folded before Flop (didn't bet)



PokerStars Zoom Hand #185772454917:  Hold'em No Limit ($0.05/$0.10) - 2018/04/28 22:39:55 CCT [2018/04/28 10:39:55 ET]
Table 'Aludra' 6-max Seat #1 is the button
Seat 1: KOH 1.9999 ($4.91 in chips) 
Seat 2: Murka-moskva ($12.63 in chips) 
Seat 3: zdaz1 ($15.84 in chips) 
Seat 4: HubertusB ($15.42 in chips) 
Seat 5: Franxia II ($12.05 in chips) 
Seat 6: rig_you ($27.15 in chips) 
Murka-moskva: posts small blind $0.05
zdaz1: posts big blind $0.10
*** HOLE CARDS ***
Dealt to HubertusB [6s Qd]
HubertusB: folds 
Franxia II: folds 
rig_you: folds 
KOH 1.9999: folds 
Murka-moskva: calls $0.05
zdaz1: checks 
*** FLOP *** [Ac Ks Jh]
Murka-moskva: bets $0.10
zdaz1: folds 
Uncalled bet ($0.10) returned to Murka-moskva
Murka-moskva collected $0.19 from pot
Murka-moskva: doesn't show hand 
*** SUMMARY ***
Total pot $0.20 | Rake $0.01 
Board [Ac Ks Jh]
Seat 1: KOH 1.9999 (button) folded before Flop (didn't bet)
Seat 2: Murka-moskva (small blind) collected ($0.19)
Seat 3: zdaz1 (big blind) folded on the Flop
Seat 4: HubertusB folded before Flop (didn't bet)
Seat 5: Franxia II folded before Flop (didn't bet)
Seat 6: rig_you folded before Flop (didn't bet)



PokerStars Zoom Hand #185772462116:  Hold'em No Limit ($0.05/$0.10) - 2018/04/28 22:40:08 CCT [2018/04/28 10:40:08 ET]
Table 'Aludra' 6-max Seat #1 is the button
Seat 1: sfc007 ($10.11 in chips) 
Seat 2: L.Lucete ($14.60 in chips) 
Seat 3: nr3_4ever ($19.97 in chips) 
Seat 4: aiyatiltz ($18.57 in chips) 
Seat 5: randomaizer1 ($13.12 in chips) 
Seat 6: HubertusB ($15.42 in chips) 
L.Lucete: posts small blind $0.05
nr3_4ever: posts big blind $0.10
*** HOLE CARDS ***
Dealt to HubertusB [6d 6c]
aiyatiltz: folds 
randomaizer1: raises $0.20 to $0.30
HubertusB: raises $0.60 to $0.90
sfc007: folds 
L.Lucete: folds 
nr3_4ever: calls $0.80
randomaizer1: calls $0.60
*** FLOP *** [4d 5d 5c]
nr3_4ever: checks 
randomaizer1: checks 
HubertusB: bets $1.40
nr3_4ever: folds 
randomaizer1: calls $1.40
*** TURN *** [4d 5d 5c] [9d]
randomaizer1: checks 
HubertusB: checks 
*** RIVER *** [4d 5d 5c 9d] [4h]
randomaizer1: bets $1.50
HubertusB: folds 
Uncalled bet ($1.50) returned to randomaizer1
randomaizer1 collected $5.30 from pot
randomaizer1: doesn't show hand 
*** SUMMARY ***
Total pot $5.55 | Rake $0.25 
Board [4d 5d 5c 9d 4h]
Seat 1: sfc007 (button) folded before Flop (didn't bet)
Seat 2: L.Lucete (small blind) folded before Flop
Seat 3: nr3_4ever (big blind) folded on the Flop
Seat 4: aiyatiltz folded before Flop (didn't bet)
Seat 5: randomaizer1 collected ($5.30)
Seat 6: HubertusB folded on the River



