PokerStars Zoom Hand #185776150094:  Hold'em No Limit ($0.05/$0.10) - 2018/04/29 0:28:06 CCT [2018/04/28 12:28:06 ET]
Table 'Aludra' 6-max Seat #1 is the button
Seat 1: hcpalli ($39.26 in chips) 
Seat 2: antey89 ($12.96 in chips) 
Seat 3: HubertusB ($10 in chips) 
Seat 4: Savvy Gent ($12.66 in chips) 
Seat 5: JIuMuHTa ($12.60 in chips) 
Seat 6: anfisegorova ($22.34 in chips) 
antey89: posts small blind $0.05
HubertusB: posts big blind $0.10
*** HOLE CARDS ***
Dealt to HubertusB [Ac 6c]
Savvy Gent: folds 
JIuMuHTa has timed out
JIuMuHTa: folds 
anfisegorova: folds 
hcpalli: folds 
antey89: folds 
Uncalled bet ($0.05) returned to HubertusB
HubertusB collected $0.10 from pot
HubertusB: doesn't show hand 
*** SUMMARY ***
Total pot $0.10 | Rake $0 
Seat 1: hcpalli (button) folded before Flop (didn't bet)
Seat 2: antey89 (small blind) folded before Flop
Seat 3: HubertusB (big blind) collected ($0.10)
Seat 4: Savvy Gent folded before Flop (didn't bet)
Seat 5: JIuMuHTa folded before Flop (didn't bet)
Seat 6: anfisegorova folded before Flop (didn't bet)



PokerStars Zoom Hand #185776167863:  Hold'em No Limit ($0.05/$0.10) - 2018/04/29 0:28:35 CCT [2018/04/28 12:28:35 ET]
Table 'Aludra' 6-max Seat #1 is the button
Seat 1: Goofy_Psycho ($9.55 in chips) 
Seat 2: xLacix ($10.69 in chips) 
Seat 3: markas1996 ($17.09 in chips) 
Seat 4: HubertusB ($10 in chips) 
Seat 5: OlichBADD ($12.03 in chips) 
Seat 6: npuBeT_n0Ka ($11.84 in chips) 
xLacix: posts small blind $0.05
markas1996: posts big blind $0.10
*** HOLE CARDS ***
Dealt to HubertusB [7d 4d]
HubertusB: folds 
OlichBADD: folds 
npuBeT_n0Ka: folds 
Goofy_Psycho: folds 
xLacix: folds 
Uncalled bet ($0.05) returned to markas1996
markas1996 collected $0.10 from pot
markas1996: doesn't show hand 
*** SUMMARY ***
Total pot $0.10 | Rake $0 
Seat 1: Goofy_Psycho (button) folded before Flop (didn't bet)
Seat 2: xLacix (small blind) folded before Flop
Seat 3: markas1996 (big blind) collected ($0.10)
Seat 4: HubertusB folded before Flop (didn't bet)
Seat 5: OlichBADD folded before Flop (didn't bet)
Seat 6: npuBeT_n0Ka folded before Flop (didn't bet)



PokerStars Zoom Hand #185776164190:  Hold'em No Limit ($0.05/$0.10) - 2018/04/29 0:28:29 CCT [2018/04/28 12:28:29 ET]
Table 'Aludra' 6-max Seat #1 is the button
Seat 1: gakimoney ($67.17 in chips) 
Seat 2: HubertusB ($10.05 in chips) 
Seat 3: adisori ($7.25 in chips) 
Seat 4: NegromJames ($10.76 in chips) 
Seat 5: traditie ($9.90 in chips) 
Seat 6: knlmg ($20.03 in chips) 
HubertusB: posts small blind $0.05
adisori: posts big blind $0.10
*** HOLE CARDS ***
Dealt to HubertusB [Tc 3d]
NegromJames: folds 
traditie: folds 
knlmg: folds 
gakimoney: folds 
HubertusB: folds 
Uncalled bet ($0.05) returned to adisori
adisori collected $0.10 from pot
adisori: doesn't show hand 
*** SUMMARY ***
Total pot $0.10 | Rake $0 
Seat 1: gakimoney (button) folded before Flop (didn't bet)
Seat 2: HubertusB (small blind) folded before Flop
Seat 3: adisori (big blind) collected ($0.10)
Seat 4: NegromJames folded before Flop (didn't bet)
Seat 5: traditie folded before Flop (didn't bet)
Seat 6: knlmg folded before Flop (didn't bet)



PokerStars Zoom Hand #185776175757:  Hold'em No Limit ($0.05/$0.10) - 2018/04/29 0:28:48 CCT [2018/04/28 12:28:48 ET]
Table 'Aludra' 6-max Seat #1 is the button
Seat 1: Savvy Gent ($10 in chips) 
Seat 2: Ivan_Rank1 ($10.20 in chips) 
Seat 3: Flixy7 ($14.23 in chips) 
Seat 4: zyatek ($9.67 in chips) 
Seat 5: MagicBandit7 ($10 in chips) 
Seat 6: HubertusB ($10 in chips) 
Ivan_Rank1: posts small blind $0.05
Flixy7: posts big blind $0.10
*** HOLE CARDS ***
Dealt to HubertusB [Qc Jh]
zyatek: raises $0.20 to $0.30
MagicBandit7: folds 
HubertusB: folds 
Savvy Gent: folds 
Ivan_Rank1: folds 
Flixy7: folds 
Uncalled bet ($0.20) returned to zyatek
zyatek collected $0.25 from pot
zyatek: doesn't show hand 
*** SUMMARY ***
Total pot $0.25 | Rake $0 
Seat 1: Savvy Gent (button) folded before Flop (didn't bet)
Seat 2: Ivan_Rank1 (small blind) folded before Flop
Seat 3: Flixy7 (big blind) folded before Flop
Seat 4: zyatek collected ($0.25)
Seat 5: MagicBandit7 folded before Flop (didn't bet)
Seat 6: HubertusB folded before Flop (didn't bet)



PokerStars Zoom Hand #185776172025:  Hold'em No Limit ($0.05/$0.10) - 2018/04/29 0:28:42 CCT [2018/04/28 12:28:42 ET]
Table 'Aludra' 6-max Seat #1 is the button
Seat 1: HubertusB ($10 in chips) 
Seat 2: antey89 ($10 in chips) 
Seat 3: shooter0619 ($19.24 in chips) 
Seat 4: Demolitior ($9.30 in chips) 
Seat 5: longstars90 ($7.70 in chips) 
Seat 6: torneo.t ($10.92 in chips) 
antey89: posts small blind $0.05
shooter0619: posts big blind $0.10
*** HOLE CARDS ***
Dealt to HubertusB [8s 3s]
Demolitior has timed out
Demolitior: folds 
longstars90: folds 
torneo.t: folds 
HubertusB: folds 
antey89: folds 
Uncalled bet ($0.05) returned to shooter0619
shooter0619 collected $0.10 from pot
shooter0619: doesn't show hand 
*** SUMMARY ***
Total pot $0.10 | Rake $0 
Seat 1: HubertusB (button) folded before Flop (didn't bet)
Seat 2: antey89 (small blind) folded before Flop
Seat 3: shooter0619 (big blind) collected ($0.10)
Seat 4: Demolitior folded before Flop (didn't bet)
Seat 5: longstars90 folded before Flop (didn't bet)
Seat 6: torneo.t folded before Flop (didn't bet)



PokerStars Zoom Hand #185776180031:  Hold'em No Limit ($0.05/$0.10) - 2018/04/29 0:28:55 CCT [2018/04/28 12:28:55 ET]
Table 'Aludra' 6-max Seat #1 is the button
Seat 1: Testotiikeri ($23.93 in chips) 
Seat 2: RedBorAlex ($11.20 in chips) 
Seat 3: erysec ($19.18 in chips) 
Seat 4: FOKUSNIK sur ($20.33 in chips) 
Seat 5: HubertusB ($10 in chips) 
Seat 6: GusenokRUS ($6.92 in chips) 
RedBorAlex: posts small blind $0.05
erysec: posts big blind $0.10
*** HOLE CARDS ***
Dealt to HubertusB [Ah 7h]
FOKUSNIK sur: folds 
HubertusB: raises $0.10 to $0.20
GusenokRUS: folds 
Testotiikeri: folds 
RedBorAlex: folds 
erysec: folds 
Uncalled bet ($0.10) returned to HubertusB
HubertusB collected $0.25 from pot
HubertusB: doesn't show hand 
*** SUMMARY ***
Total pot $0.25 | Rake $0 
Seat 1: Testotiikeri (button) folded before Flop (didn't bet)
Seat 2: RedBorAlex (small blind) folded before Flop
Seat 3: erysec (big blind) folded before Flop
Seat 4: FOKUSNIK sur folded before Flop (didn't bet)
Seat 5: HubertusB collected ($0.25)
Seat 6: GusenokRUS folded before Flop (didn't bet)



PokerStars Zoom Hand #185776186101:  Hold'em No Limit ($0.05/$0.10) - 2018/04/29 0:29:05 CCT [2018/04/28 12:29:05 ET]
Table 'Aludra' 6-max Seat #1 is the button
Seat 1: CaJe94 ($10 in chips) 
Seat 2: Testotiikeri ($23.93 in chips) 
Seat 3: HubertusB ($10.15 in chips) 
Seat 4: vlad555171 ($10.84 in chips) 
Seat 5: Alex.Corbu ($10.72 in chips) 
Seat 6: L.Lucete ($19.31 in chips) 
Testotiikeri: posts small blind $0.05
HubertusB: posts big blind $0.10
*** HOLE CARDS ***
Dealt to HubertusB [7s Jc]
vlad555171: folds 
Alex.Corbu: folds 
L.Lucete: raises $0.15 to $0.25
CaJe94: folds 
Testotiikeri: folds 
HubertusB: folds 
Uncalled bet ($0.15) returned to L.Lucete
L.Lucete collected $0.25 from pot
L.Lucete: doesn't show hand 
*** SUMMARY ***
Total pot $0.25 | Rake $0 
Seat 1: CaJe94 (button) folded before Flop (didn't bet)
Seat 2: Testotiikeri (small blind) folded before Flop
Seat 3: HubertusB (big blind) folded before Flop
Seat 4: vlad555171 folded before Flop (didn't bet)
Seat 5: Alex.Corbu folded before Flop (didn't bet)
Seat 6: L.Lucete collected ($0.25)



PokerStars Zoom Hand #185776199590:  Hold'em No Limit ($0.05/$0.10) - 2018/04/29 0:29:27 CCT [2018/04/28 12:29:27 ET]
Table 'Aludra' 6-max Seat #1 is the button
Seat 1: HubertusB ($10 in chips) 
Seat 2: Jantho71 ($9.92 in chips) 
Seat 3: MOR2RUS ($4.03 in chips) 
Seat 4: TryingWinner ($10 in chips) 
Seat 5: 7ap44 ($4.95 in chips) 
Seat 6: Grishum ($15.93 in chips) 
Jantho71: posts small blind $0.05
MOR2RUS: posts big blind $0.10
*** HOLE CARDS ***
Dealt to HubertusB [7c 7h]
TryingWinner: folds 
7ap44: raises $0.10 to $0.20
Grishum: folds 
HubertusB: calls $0.20
Jantho71: calls $0.15
MOR2RUS: calls $0.10
*** FLOP *** [Qh Kd 5h]
Jantho71: checks 
MOR2RUS: checks 
7ap44: bets $0.30
HubertusB: folds 
Jantho71: folds 
MOR2RUS: folds 
Uncalled bet ($0.30) returned to 7ap44
7ap44 collected $0.76 from pot
7ap44: doesn't show hand 
*** SUMMARY ***
Total pot $0.80 | Rake $0.04 
Board [Qh Kd 5h]
Seat 1: HubertusB (button) folded on the Flop
Seat 2: Jantho71 (small blind) folded on the Flop
Seat 3: MOR2RUS (big blind) folded on the Flop
Seat 4: TryingWinner folded before Flop (didn't bet)
Seat 5: 7ap44 collected ($0.76)
Seat 6: Grishum folded before Flop (didn't bet)



PokerStars Zoom Hand #185776191043:  Hold'em No Limit ($0.05/$0.10) - 2018/04/29 0:29:13 CCT [2018/04/28 12:29:13 ET]
Table 'Aludra' 6-max Seat #1 is the button
Seat 1: KingCrab46 ($8.40 in chips) 
Seat 2: HubertusB ($10.05 in chips) 
Seat 3: hancockkas ($21.75 in chips) 
Seat 4: redsy22 ($25.36 in chips) 
Seat 5: GameOverDude44 ($10 in chips) 
Seat 6: OIMGA ($10.10 in chips) 
HubertusB: posts small blind $0.05
hancockkas: posts big blind $0.10
*** HOLE CARDS ***
Dealt to HubertusB [7c Ah]
redsy22: raises $0.20 to $0.30
GameOverDude44: folds 
OIMGA: folds 
KingCrab46: raises $0.75 to $1.05
HubertusB: folds 
hancockkas: folds 
redsy22: calls $0.75
*** FLOP *** [6d Kd 3s]
redsy22: checks 
KingCrab46: bets $1.10
redsy22: calls $1.10
*** TURN *** [6d Kd 3s] [9s]
redsy22: checks 
KingCrab46: checks 
*** RIVER *** [6d Kd 3s 9s] [7h]
redsy22: bets $3.20
KingCrab46: folds 
Uncalled bet ($3.20) returned to redsy22
redsy22 collected $4.25 from pot
redsy22: doesn't show hand 
*** SUMMARY ***
Total pot $4.45 | Rake $0.20 
Board [6d Kd 3s 9s 7h]
Seat 1: KingCrab46 (button) folded on the River
Seat 2: HubertusB (small blind) folded before Flop
Seat 3: hancockkas (big blind) folded before Flop
Seat 4: redsy22 collected ($4.25)
Seat 5: GameOverDude44 folded before Flop (didn't bet)
Seat 6: OIMGA folded before Flop (didn't bet)



PokerStars Zoom Hand #185776222716:  Hold'em No Limit ($0.05/$0.10) - 2018/04/29 0:30:05 CCT [2018/04/28 12:30:05 ET]
Table 'Aludra' 6-max Seat #1 is the button
Seat 1: barryagrant ($26.02 in chips) 
Seat 2: Aleshadd ($19.35 in chips) 
Seat 3: rig_you ($12.73 in chips) 
Seat 4: kultt2906 ($5.94 in chips) 
Seat 5: HubertusB ($9.80 in chips) 
Seat 6: AccacuH ($7.11 in chips) 
Aleshadd: posts small blind $0.05
rig_you: posts big blind $0.10
*** HOLE CARDS ***
Dealt to HubertusB [9c 3s]
kultt2906: folds 
HubertusB: folds 
AccacuH: folds 
barryagrant: folds 
Aleshadd: raises $0.10 to $0.20
rig_you: folds 
Uncalled bet ($0.10) returned to Aleshadd
Aleshadd collected $0.20 from pot
Aleshadd: doesn't show hand 
*** SUMMARY ***
Total pot $0.20 | Rake $0 
Seat 1: barryagrant (button) folded before Flop (didn't bet)
Seat 2: Aleshadd (small blind) collected ($0.20)
Seat 3: rig_you (big blind) folded before Flop
Seat 4: kultt2906 folded before Flop (didn't bet)
Seat 5: HubertusB folded before Flop (didn't bet)
Seat 6: AccacuH folded before Flop (didn't bet)



PokerStars Zoom Hand #185776230578:  Hold'em No Limit ($0.05/$0.10) - 2018/04/29 0:30:18 CCT [2018/04/28 12:30:18 ET]
Table 'Aludra' 6-max Seat #1 is the button
Seat 1: paukpautov ($5.33 in chips) 
Seat 2: antey89 ($12.54 in chips) 
Seat 3: dmrodin9 ($10 in chips) 
Seat 4: zCiberZone ($10.44 in chips) 
Seat 5: GameOverDude44 ($10 in chips) 
Seat 6: HubertusB ($9.80 in chips) 
antey89: posts small blind $0.05
dmrodin9: posts big blind $0.10
*** HOLE CARDS ***
Dealt to HubertusB [Qs Td]
zCiberZone: folds 
GameOverDude44: raises $0.15 to $0.25
HubertusB: folds 
paukpautov: folds 
antey89: folds 
dmrodin9: folds 
Uncalled bet ($0.15) returned to GameOverDude44
GameOverDude44 collected $0.25 from pot
GameOverDude44: doesn't show hand 
*** SUMMARY ***
Total pot $0.25 | Rake $0 
Seat 1: paukpautov (button) folded before Flop (didn't bet)
Seat 2: antey89 (small blind) folded before Flop
Seat 3: dmrodin9 (big blind) folded before Flop
Seat 4: zCiberZone folded before Flop (didn't bet)
Seat 5: GameOverDude44 collected ($0.25)
Seat 6: HubertusB folded before Flop (didn't bet)



PokerStars Zoom Hand #185776216687:  Hold'em No Limit ($0.05/$0.10) - 2018/04/29 0:29:55 CCT [2018/04/28 12:29:55 ET]
Table 'Aludra' 6-max Seat #1 is the button
Seat 1: Sikikid ($5.56 in chips) 
Seat 2: Shintaro327 ($10 in chips) 
Seat 3: highlandparking ($12.14 in chips) 
Seat 4: Shinji777 ($10.18 in chips) 
Seat 5: zCiberZone ($10.44 in chips) 
Seat 6: HubertusB ($9.80 in chips) 
Shintaro327: posts small blind $0.05
highlandparking: posts big blind $0.10
*** HOLE CARDS ***
Dealt to HubertusB [7h 6c]
Shinji777: raises $0.20 to $0.30
zCiberZone: folds 
HubertusB: folds 
Sikikid: folds 
Shintaro327: folds 
highlandparking: calls $0.20
*** FLOP *** [Ts As 2d]
highlandparking: checks 
Shinji777: bets $0.40
highlandparking: calls $0.40
*** TURN *** [Ts As 2d] [3d]
highlandparking: checks 
Shinji777: bets $1
highlandparking: calls $1
*** RIVER *** [Ts As 2d 3d] [3s]
highlandparking: checks 
Shinji777: checks 
*** SHOW DOWN ***
highlandparking: shows [Ad Qh] (two pair, Aces and Threes)
Shinji777: shows [Qd Ac] (two pair, Aces and Threes)
highlandparking collected $1.65 from pot
Shinji777 collected $1.64 from pot
*** SUMMARY ***
Total pot $3.45 | Rake $0.16 
Board [Ts As 2d 3d 3s]
Seat 1: Sikikid (button) folded before Flop (didn't bet)
Seat 2: Shintaro327 (small blind) folded before Flop
Seat 3: highlandparking (big blind) showed [Ad Qh] and won ($1.65) with two pair, Aces and Threes
Seat 4: Shinji777 showed [Qd Ac] and won ($1.64) with two pair, Aces and Threes
Seat 5: zCiberZone folded before Flop (didn't bet)
Seat 6: HubertusB folded before Flop (didn't bet)



PokerStars Zoom Hand #185776238407:  Hold'em No Limit ($0.05/$0.10) - 2018/04/29 0:30:31 CCT [2018/04/28 12:30:31 ET]
Table 'Aludra' 6-max Seat #1 is the button
Seat 1: wy1311 ($11.12 in chips) 
Seat 2: A.Platonov92 ($13.17 in chips) 
Seat 3: HubertusB ($9.80 in chips) 
Seat 4: viwaldi2 ($36.99 in chips) 
Seat 5: TryingWinner ($10 in chips) 
Seat 6: vrooong ($14.56 in chips) 
A.Platonov92: posts small blind $0.05
HubertusB: posts big blind $0.10
*** HOLE CARDS ***
Dealt to HubertusB [4c 5d]
viwaldi2: folds 
TryingWinner: folds 
vrooong: folds 
wy1311: folds 
A.Platonov92: folds 
Uncalled bet ($0.05) returned to HubertusB
HubertusB collected $0.10 from pot
HubertusB: doesn't show hand 
*** SUMMARY ***
Total pot $0.10 | Rake $0 
Seat 1: wy1311 (button) folded before Flop (didn't bet)
Seat 2: A.Platonov92 (small blind) folded before Flop
Seat 3: HubertusB (big blind) collected ($0.10)
Seat 4: viwaldi2 folded before Flop (didn't bet)
Seat 5: TryingWinner folded before Flop (didn't bet)
Seat 6: vrooong folded before Flop (didn't bet)



PokerStars Zoom Hand #185776226312:  Hold'em No Limit ($0.05/$0.10) - 2018/04/29 0:30:11 CCT [2018/04/28 12:30:11 ET]
Table 'Aludra' 6-max Seat #1 is the button
Seat 1: Alex_S87 ($30.43 in chips) 
Seat 2: kozhuhar_i ($9.88 in chips) 
Seat 3: Flixy7 ($11.22 in chips) 
Seat 4: HubertusB ($9.80 in chips) 
Seat 5: CTPA}I{ ($3.51 in chips) 
Seat 6: saleriver ($15.58 in chips) 
kozhuhar_i: posts small blind $0.05
Flixy7: posts big blind $0.10
*** HOLE CARDS ***
Dealt to HubertusB [2c Qc]
HubertusB: folds 
CTPA}I{: folds 
saleriver: raises $0.15 to $0.25
Alex_S87: folds 
kozhuhar_i: folds 
Flixy7: calls $0.15
*** FLOP *** [Qd 8c Jc]
Flixy7: checks 
saleriver: checks 
*** TURN *** [Qd 8c Jc] [5s]
Flixy7: bets $0.30
saleriver: calls $0.30
*** RIVER *** [Qd 8c Jc 5s] [3h]
Flixy7: bets $0.90
saleriver: folds 
Uncalled bet ($0.90) returned to Flixy7
Flixy7 collected $1.10 from pot
Flixy7: doesn't show hand 
*** SUMMARY ***
Total pot $1.15 | Rake $0.05 
Board [Qd 8c Jc 5s 3h]
Seat 1: Alex_S87 (button) folded before Flop (didn't bet)
Seat 2: kozhuhar_i (small blind) folded before Flop
Seat 3: Flixy7 (big blind) collected ($1.10)
Seat 4: HubertusB folded before Flop (didn't bet)
Seat 5: CTPA}I{ folded before Flop (didn't bet)
Seat 6: saleriver folded on the River



PokerStars Zoom Hand #185776244158:  Hold'em No Limit ($0.05/$0.10) - 2018/04/29 0:30:40 CCT [2018/04/28 12:30:40 ET]
Table 'Aludra' 6-max Seat #1 is the button
Seat 1: LClaudioLP ($11.35 in chips) 
Seat 2: HubertusB ($9.85 in chips) 
Seat 3: pphit ($13.35 in chips) 
Seat 4: RealN4p ($12.77 in chips) 
Seat 5: anfisegorova ($21.42 in chips) 
Seat 6: Kleppe98 ($10.37 in chips) 
HubertusB: posts small blind $0.05
pphit: posts big blind $0.10
*** HOLE CARDS ***
Dealt to HubertusB [8d Ts]
RealN4p: folds 
anfisegorova: folds 
Kleppe98: folds 
LClaudioLP: raises $0.20 to $0.30
HubertusB: folds 
pphit: calls $0.20
*** FLOP *** [9s Kc Ad]
pphit: checks 
LClaudioLP: checks 
*** TURN *** [9s Kc Ad] [3s]
pphit: checks 
LClaudioLP: checks 
*** RIVER *** [9s Kc Ad 3s] [7h]
pphit: checks 
LClaudioLP: checks 
*** SHOW DOWN ***
pphit: shows [9c Tc] (a pair of Nines)
LClaudioLP: mucks hand 
pphit collected $0.62 from pot
*** SUMMARY ***
Total pot $0.65 | Rake $0.03 
Board [9s Kc Ad 3s 7h]
Seat 1: LClaudioLP (button) mucked [Jh Th]
Seat 2: HubertusB (small blind) folded before Flop
Seat 3: pphit (big blind) showed [9c Tc] and won ($0.62) with a pair of Nines
Seat 4: RealN4p folded before Flop (didn't bet)
Seat 5: anfisegorova folded before Flop (didn't bet)
Seat 6: Kleppe98 folded before Flop (didn't bet)



PokerStars Zoom Hand #185776247822:  Hold'em No Limit ($0.05/$0.10) - 2018/04/29 0:30:46 CCT [2018/04/28 12:30:46 ET]
Table 'Aludra' 6-max Seat #1 is the button
Seat 1: HubertusB ($9.80 in chips) 
Seat 2: trenerok ($10.05 in chips) 
Seat 3: Demolitior ($9.53 in chips) 
Seat 4: weh_chris ($10.64 in chips) 
Seat 5: 2Eagles7 ($9.46 in chips) 
Seat 6: shenyiyang88 ($9.95 in chips) 
trenerok: posts small blind $0.05
Demolitior: posts big blind $0.10
*** HOLE CARDS ***
Dealt to HubertusB [7d 7s]
weh_chris: folds 
2Eagles7: folds 
shenyiyang88: folds 
HubertusB: raises $0.10 to $0.20
trenerok: folds 
Demolitior: calls $0.10
*** FLOP *** [6h 9c 9d]
Demolitior: bets $0.20
HubertusB: calls $0.20
*** TURN *** [6h 9c 9d] [Qc]
Demolitior: bets $0.41
HubertusB: calls $0.41
*** RIVER *** [6h 9c 9d Qc] [6c]
Demolitior: bets $0.80
HubertusB: folds 
Uncalled bet ($0.80) returned to Demolitior
Demolitior collected $1.59 from pot
Demolitior: doesn't show hand 
*** SUMMARY ***
Total pot $1.67 | Rake $0.08 
Board [6h 9c 9d Qc 6c]
Seat 1: HubertusB (button) folded on the River
Seat 2: trenerok (small blind) folded before Flop
Seat 3: Demolitior (big blind) collected ($1.59)
Seat 4: weh_chris folded before Flop (didn't bet)
Seat 5: 2Eagles7 folded before Flop (didn't bet)
Seat 6: shenyiyang88 folded before Flop (didn't bet)



PokerStars Zoom Hand #185776275624:  Hold'em No Limit ($0.05/$0.10) - 2018/04/29 0:31:32 CCT [2018/04/28 12:31:32 ET]
Table 'Aludra' 6-max Seat #1 is the button
Seat 1: Rude8oy9 ($22.41 in chips) 
Seat 2: m.zetti88 ($5.32 in chips) 
Seat 3: slesar133 ($12.10 in chips) 
Seat 4: momy005 ($12.63 in chips) 
Seat 5: HubertusB ($8.99 in chips) 
Seat 6: paukpautov ($5.18 in chips) 
m.zetti88: posts small blind $0.05
slesar133: posts big blind $0.10
*** HOLE CARDS ***
Dealt to HubertusB [6c 3c]
momy005: folds 
HubertusB: folds 
paukpautov: folds 
Rude8oy9: folds 
m.zetti88: folds 
Uncalled bet ($0.05) returned to slesar133
slesar133 collected $0.10 from pot
slesar133: doesn't show hand 
*** SUMMARY ***
Total pot $0.10 | Rake $0 
Seat 1: Rude8oy9 (button) folded before Flop (didn't bet)
Seat 2: m.zetti88 (small blind) folded before Flop
Seat 3: slesar133 (big blind) collected ($0.10)
Seat 4: momy005 folded before Flop (didn't bet)
Seat 5: HubertusB folded before Flop (didn't bet)
Seat 6: paukpautov folded before Flop (didn't bet)



PokerStars Zoom Hand #185776279777:  Hold'em No Limit ($0.05/$0.10) - 2018/04/29 0:31:39 CCT [2018/04/28 12:31:39 ET]
Table 'Aludra' 6-max Seat #1 is the button
Seat 1: sajbort ($32.21 in chips) 
Seat 2: ashem ($10.55 in chips) 
Seat 3: Abs1nT ($10 in chips) 
Seat 4: TryingWinner ($10.05 in chips) 
Seat 5: Shinji777 ($11.85 in chips) 
Seat 6: HubertusB ($8.99 in chips) 
ashem: posts small blind $0.05
Abs1nT: posts big blind $0.10
*** HOLE CARDS ***
Dealt to HubertusB [2c 6s]
TryingWinner: folds 
Shinji777: raises $0.20 to $0.30
HubertusB: folds 
sajbort: folds 
ashem: raises $0.70 to $1
Abs1nT: folds 
Shinji777: folds 
Uncalled bet ($0.70) returned to ashem
ashem collected $0.70 from pot
ashem: doesn't show hand 
*** SUMMARY ***
Total pot $0.70 | Rake $0 
Seat 1: sajbort (button) folded before Flop (didn't bet)
Seat 2: ashem (small blind) collected ($0.70)
Seat 3: Abs1nT (big blind) folded before Flop
Seat 4: TryingWinner folded before Flop (didn't bet)
Seat 5: Shinji777 folded before Flop
Seat 6: HubertusB folded before Flop (didn't bet)



PokerStars Zoom Hand #185776283990:  Hold'em No Limit ($0.05/$0.10) - 2018/04/29 0:31:46 CCT [2018/04/28 12:31:46 ET]
Table 'Aludra' 6-max Seat #1 is the button
Seat 1: lucktilt ($10.37 in chips) 
Seat 2: pokermase19 ($10.05 in chips) 
Seat 3: FoR_Shai ($29.96 in chips) 
Seat 4: sajbort ($32.21 in chips) 
Seat 5: HubertusB ($8.99 in chips) 
Seat 6: Dcaro31 ($13.66 in chips) 
pokermase19: posts small blind $0.05
FoR_Shai: posts big blind $0.10
*** HOLE CARDS ***
Dealt to HubertusB [6c Ts]
sajbort: folds 
HubertusB: folds 
Dcaro31: raises $0.20 to $0.30
lucktilt: calls $0.30
pokermase19: folds 
FoR_Shai: folds 
*** FLOP *** [9h 2d 3h]
Dcaro31: bets $0.50
lucktilt: folds 
Uncalled bet ($0.50) returned to Dcaro31
Dcaro31 collected $0.72 from pot
Dcaro31: doesn't show hand 
*** SUMMARY ***
Total pot $0.75 | Rake $0.03 
Board [9h 2d 3h]
Seat 1: lucktilt (button) folded on the Flop
Seat 2: pokermase19 (small blind) folded before Flop
Seat 3: FoR_Shai (big blind) folded before Flop
Seat 4: sajbort folded before Flop (didn't bet)
Seat 5: HubertusB folded before Flop (didn't bet)
Seat 6: Dcaro31 collected ($0.72)



PokerStars Zoom Hand #185776287688:  Hold'em No Limit ($0.05/$0.10) - 2018/04/29 0:31:52 CCT [2018/04/28 12:31:52 ET]
Table 'Aludra' 6-max Seat #1 is the button
Seat 1: Berezniki80 ($9.30 in chips) 
Seat 2: highlandparking ($10.20 in chips) 
Seat 3: HubertusB ($8.99 in chips) 
Seat 4: trenerok ($10.37 in chips) 
Seat 5: pablo1211818 ($9.54 in chips) 
Seat 6: 4r4chn1d ($8.95 in chips) 
highlandparking: posts small blind $0.05
HubertusB: posts big blind $0.10
*** HOLE CARDS ***
Dealt to HubertusB [Jh 7h]
trenerok: folds 
pablo1211818: calls $0.10
4r4chn1d: calls $0.10
Berezniki80: calls $0.10
highlandparking: folds 
HubertusB: checks 
*** FLOP *** [Ah 6s 7d]
HubertusB: checks 
pablo1211818: bets $0.20
4r4chn1d: folds 
Berezniki80: folds 
HubertusB: calls $0.20
*** TURN *** [Ah 6s 7d] [5h]
HubertusB: checks 
pablo1211818: bets $0.40
HubertusB: calls $0.40
*** RIVER *** [Ah 6s 7d 5h] [Js]
HubertusB: checks 
pablo1211818: bets $1.60
HubertusB: calls $1.60
*** SHOW DOWN ***
pablo1211818: shows [Jc 7c] (two pair, Jacks and Sevens)
HubertusB: shows [Jh 7h] (two pair, Jacks and Sevens)
HubertusB collected $2.32 from pot
pablo1211818 collected $2.31 from pot
*** SUMMARY ***
Total pot $4.85 | Rake $0.22 
Board [Ah 6s 7d 5h Js]
Seat 1: Berezniki80 (button) folded on the Flop
Seat 2: highlandparking (small blind) folded before Flop
Seat 3: HubertusB (big blind) showed [Jh 7h] and won ($2.32) with two pair, Jacks and Sevens
Seat 4: trenerok folded before Flop (didn't bet)
Seat 5: pablo1211818 showed [Jc 7c] and won ($2.31) with two pair, Jacks and Sevens
Seat 6: 4r4chn1d folded on the Flop



PokerStars Zoom Hand #185776328971:  Hold'em No Limit ($0.05/$0.10) - 2018/04/29 0:33:00 CCT [2018/04/28 12:33:00 ET]
Table 'Aludra' 6-max Seat #1 is the button
Seat 1: Flixy7 ($10.10 in chips) 
Seat 2: Savvy Gent ($13.70 in chips) 
Seat 3: Simenchu ($11.01 in chips) 
Seat 4: HubertusB ($9.01 in chips) 
Seat 5: MaxiPro91 ($6.78 in chips) 
Seat 6: pablo1211818 ($9.55 in chips) 
Savvy Gent: posts small blind $0.05
Simenchu: posts big blind $0.10
*** HOLE CARDS ***
Dealt to HubertusB [Qc Ah]
HubertusB: raises $0.10 to $0.20
MaxiPro91: folds 
pablo1211818: calls $0.20
Flixy7: folds 
Savvy Gent: folds 
Simenchu: folds 
*** FLOP *** [5h Kd 7d]
HubertusB: bets $0.29
pablo1211818: calls $0.29
*** TURN *** [5h Kd 7d] [Qs]
HubertusB: bets $0.59
pablo1211818: calls $0.59
*** RIVER *** [5h Kd 7d Qs] [8c]
HubertusB: checks 
pablo1211818: bets $1.10
HubertusB: calls $1.10
*** SHOW DOWN ***
pablo1211818: shows [Jh Qh] (a pair of Queens)
HubertusB: shows [Qc Ah] (a pair of Queens - Ace kicker)
HubertusB collected $4.31 from pot
*** SUMMARY ***
Total pot $4.51 | Rake $0.20 
Board [5h Kd 7d Qs 8c]
Seat 1: Flixy7 (button) folded before Flop (didn't bet)
Seat 2: Savvy Gent (small blind) folded before Flop
Seat 3: Simenchu (big blind) folded before Flop
Seat 4: HubertusB showed [Qc Ah] and won ($4.31) with a pair of Queens
Seat 5: MaxiPro91 folded before Flop (didn't bet)
Seat 6: pablo1211818 showed [Jh Qh] and lost with a pair of Queens



PokerStars Zoom Hand #185776381377:  Hold'em No Limit ($0.05/$0.10) - 2018/04/29 0:34:26 CCT [2018/04/28 12:34:26 ET]
Table 'Aludra' 6-max Seat #1 is the button
Seat 1: HubertusB ($11.09 in chips) 
Seat 2: Savvy Gent ($10 in chips) 
Seat 3: yar1k900 ($19.59 in chips) 
Seat 4: shooter0619 ($18.47 in chips) 
Seat 5: TropicalLime ($13.66 in chips) 
Seat 6: serg125strg ($5.50 in chips) 
Savvy Gent: posts small blind $0.05
yar1k900: posts big blind $0.10
*** HOLE CARDS ***
Dealt to HubertusB [6d Qd]
shooter0619: folds 
TropicalLime: folds 
serg125strg: raises $0.10 to $0.20
HubertusB: folds 
Savvy Gent: folds 
yar1k900: folds 
Uncalled bet ($0.10) returned to serg125strg
serg125strg collected $0.25 from pot
serg125strg: doesn't show hand 
*** SUMMARY ***
Total pot $0.25 | Rake $0 
Seat 1: HubertusB (button) folded before Flop (didn't bet)
Seat 2: Savvy Gent (small blind) folded before Flop
Seat 3: yar1k900 (big blind) folded before Flop
Seat 4: shooter0619 folded before Flop (didn't bet)
Seat 5: TropicalLime folded before Flop (didn't bet)
Seat 6: serg125strg collected ($0.25)



PokerStars Zoom Hand #185776376468:  Hold'em No Limit ($0.05/$0.10) - 2018/04/29 0:34:18 CCT [2018/04/28 12:34:18 ET]
Table 'Aludra' 6-max Seat #1 is the button
Seat 1: DanceHappens ($17.51 in chips) 
Seat 2: HubertusB ($11.14 in chips) 
Seat 3: hcpalli ($30.35 in chips) 
Seat 4: ambzrose5 ($9.26 in chips) 
Seat 5: MagicBandit7 ($11.62 in chips) 
Seat 6: ToVo22 ($9.90 in chips) 
HubertusB: posts small blind $0.05
hcpalli: posts big blind $0.10
*** HOLE CARDS ***
Dealt to HubertusB [9s 2c]
ambzrose5: calls $0.10
MagicBandit7: folds 
ToVo22: folds 
DanceHappens: folds 
HubertusB: folds 
hcpalli: raises $0.45 to $0.55
ambzrose5: calls $0.45
*** FLOP *** [8d 9d 5c]
hcpalli: bets $0.73
ambzrose5: calls $0.73
*** TURN *** [8d 9d 5c] [Kd]
hcpalli: checks 
ambzrose5: bets $2.50
hcpalli: folds 
Uncalled bet ($2.50) returned to ambzrose5
ambzrose5 collected $2.49 from pot
ambzrose5: doesn't show hand 
*** SUMMARY ***
Total pot $2.61 | Rake $0.12 
Board [8d 9d 5c Kd]
Seat 1: DanceHappens (button) folded before Flop (didn't bet)
Seat 2: HubertusB (small blind) folded before Flop
Seat 3: hcpalli (big blind) folded on the Turn
Seat 4: ambzrose5 collected ($2.49)
Seat 5: MagicBandit7 folded before Flop (didn't bet)
Seat 6: ToVo22 folded before Flop (didn't bet)



PokerStars Zoom Hand #185776391184:  Hold'em No Limit ($0.05/$0.10) - 2018/04/29 0:34:42 CCT [2018/04/28 12:34:42 ET]
Table 'Aludra' 6-max Seat #1 is the button
Seat 1: TryingWinner ($12.78 in chips) 
Seat 2: rocheker ($7.41 in chips) 
Seat 3: Zormegun ($10.15 in chips) 
Seat 4: grgrgrgr ($15.30 in chips) 
Seat 5: nandosjc88 ($6.66 in chips) 
Seat 6: HubertusB ($11.09 in chips) 
rocheker: posts small blind $0.05
Zormegun: posts big blind $0.10
*** HOLE CARDS ***
Dealt to HubertusB [Ts 3s]
grgrgrgr: folds 
nandosjc88: raises $0.10 to $0.20
HubertusB: folds 
TryingWinner: folds 
rocheker: folds 
Zormegun: calls $0.10
*** FLOP *** [8c 4h Qd]
Zormegun: checks 
nandosjc88: checks 
*** TURN *** [8c 4h Qd] [2c]
Zormegun: checks 
nandosjc88: bets $0.40
Zormegun: folds 
Uncalled bet ($0.40) returned to nandosjc88
nandosjc88 collected $0.43 from pot
nandosjc88: doesn't show hand 
*** SUMMARY ***
Total pot $0.45 | Rake $0.02 
Board [8c 4h Qd 2c]
Seat 1: TryingWinner (button) folded before Flop (didn't bet)
Seat 2: rocheker (small blind) folded before Flop
Seat 3: Zormegun (big blind) folded on the Turn
Seat 4: grgrgrgr folded before Flop (didn't bet)
Seat 5: nandosjc88 collected ($0.43)
Seat 6: HubertusB folded before Flop (didn't bet)



PokerStars Zoom Hand #185776405883:  Hold'em No Limit ($0.05/$0.10) - 2018/04/29 0:35:06 CCT [2018/04/28 12:35:06 ET]
Table 'Aludra' 6-max Seat #1 is the button
Seat 1: persona1505 ($3.77 in chips) 
Seat 2: HubertusB ($10.99 in chips) 
Seat 3: viktor_KK ($10 in chips) 
Seat 4: Meehoo97 ($9.43 in chips) 
Seat 5: Shinji777 ($11.58 in chips) 
Seat 6: RedBorAlex ($9.05 in chips) 
HubertusB: posts small blind $0.05
viktor_KK: posts big blind $0.10
*** HOLE CARDS ***
Dealt to HubertusB [8c 6h]
Meehoo97: folds 
Shinji777: raises $0.20 to $0.30
RedBorAlex: folds 
persona1505: folds 
HubertusB: folds 
viktor_KK: folds 
Uncalled bet ($0.20) returned to Shinji777
Shinji777 collected $0.25 from pot
Shinji777: doesn't show hand 
*** SUMMARY ***
Total pot $0.25 | Rake $0 
Seat 1: persona1505 (button) folded before Flop (didn't bet)
Seat 2: HubertusB (small blind) folded before Flop
Seat 3: viktor_KK (big blind) folded before Flop
Seat 4: Meehoo97 folded before Flop (didn't bet)
Seat 5: Shinji777 collected ($0.25)
Seat 6: RedBorAlex folded before Flop (didn't bet)



PokerStars Zoom Hand #185776394951:  Hold'em No Limit ($0.05/$0.10) - 2018/04/29 0:34:48 CCT [2018/04/28 12:34:48 ET]
Table 'Aludra' 6-max Seat #1 is the button
Seat 1: Rude8oy9 ($15.21 in chips) 
Seat 2: Draugsvoll ($11.65 in chips) 
Seat 3: HubertusB ($11.09 in chips) 
Seat 4: TryingWinner ($10 in chips) 
Seat 5: IrEfMiKe ($5.19 in chips) 
Seat 6: JackNewsp ($7.59 in chips) 
Draugsvoll: posts small blind $0.05
HubertusB: posts big blind $0.10
*** HOLE CARDS ***
Dealt to HubertusB [3h Ts]
TryingWinner: folds 
IrEfMiKe: raises $0.10 to $0.20
JackNewsp: raises $0.40 to $0.60
Rude8oy9: folds 
Draugsvoll: folds 
HubertusB: folds 
IrEfMiKe: calls $0.40
*** FLOP *** [9d Ks 5d]
IrEfMiKe: checks 
JackNewsp: checks 
*** TURN *** [9d Ks 5d] [4d]
IrEfMiKe: bets $1.20
JackNewsp: folds 
Uncalled bet ($1.20) returned to IrEfMiKe
IrEfMiKe collected $1.29 from pot
IrEfMiKe: doesn't show hand 
*** SUMMARY ***
Total pot $1.35 | Rake $0.06 
Board [9d Ks 5d 4d]
Seat 1: Rude8oy9 (button) folded before Flop (didn't bet)
Seat 2: Draugsvoll (small blind) folded before Flop
Seat 3: HubertusB (big blind) folded before Flop
Seat 4: TryingWinner folded before Flop (didn't bet)
Seat 5: IrEfMiKe collected ($1.29)
Seat 6: JackNewsp folded on the Turn



PokerStars Zoom Hand #185776410728:  Hold'em No Limit ($0.05/$0.10) - 2018/04/29 0:35:14 CCT [2018/04/28 12:35:14 ET]
Table 'Aludra' 6-max Seat #1 is the button
Seat 1: HubertusB ($10.94 in chips) 
Seat 2: Velliton87 ($10.55 in chips) 
Seat 3: kultt2906 ($4.28 in chips) 
Seat 4: pauloprcds ($14.73 in chips) 
Seat 5: boravola ($10 in chips) 
Seat 6: kickoff23 ($10.06 in chips) 
Velliton87: posts small blind $0.05
kultt2906: posts big blind $0.10
*** HOLE CARDS ***
Dealt to HubertusB [Qh Ad]
pauloprcds: folds 
boravola: folds 
kickoff23: raises $0.15 to $0.25
HubertusB: raises $0.55 to $0.80
Velliton87: folds 
kultt2906: folds 
kickoff23: folds 
Uncalled bet ($0.55) returned to HubertusB
HubertusB collected $0.65 from pot
HubertusB: doesn't show hand 
*** SUMMARY ***
Total pot $0.65 | Rake $0 
Seat 1: HubertusB (button) collected ($0.65)
Seat 2: Velliton87 (small blind) folded before Flop
Seat 3: kultt2906 (big blind) folded before Flop
Seat 4: pauloprcds folded before Flop (didn't bet)
Seat 5: boravola folded before Flop (didn't bet)
Seat 6: kickoff23 folded before Flop



PokerStars Zoom Hand #185776430217:  Hold'em No Limit ($0.05/$0.10) - 2018/04/29 0:35:46 CCT [2018/04/28 12:35:46 ET]
Table 'Aludra' 6-max Seat #1 is the button
Seat 1: ashem ($11.44 in chips) 
Seat 2: A.Platonov92 ($16.30 in chips) 
Seat 3: kytmagic ($10 in chips) 
Seat 4: HubertusB ($11.34 in chips) 
Seat 5: rig_you ($11.85 in chips) 
Seat 6: shanksy15 ($10.18 in chips) 
A.Platonov92: posts small blind $0.05
kytmagic: posts big blind $0.10
*** HOLE CARDS ***
Dealt to HubertusB [9d Qc]
HubertusB: folds 
rig_you: folds 
shanksy15: folds 
ashem: folds 
A.Platonov92: raises $0.15 to $0.25
kytmagic: calls $0.15
*** FLOP *** [Ac 5s Qd]
A.Platonov92: bets $0.24
kytmagic: folds 
Uncalled bet ($0.24) returned to A.Platonov92
A.Platonov92 collected $0.48 from pot
A.Platonov92: doesn't show hand 
*** SUMMARY ***
Total pot $0.50 | Rake $0.02 
Board [Ac 5s Qd]
Seat 1: ashem (button) folded before Flop (didn't bet)
Seat 2: A.Platonov92 (small blind) collected ($0.48)
Seat 3: kytmagic (big blind) folded on the Flop
Seat 4: HubertusB folded before Flop (didn't bet)
Seat 5: rig_you folded before Flop (didn't bet)
Seat 6: shanksy15 folded before Flop (didn't bet)



PokerStars Zoom Hand #185776425997:  Hold'em No Limit ($0.05/$0.10) - 2018/04/29 0:35:39 CCT [2018/04/28 12:35:39 ET]
Table 'Aludra' 6-max Seat #1 is the button
Seat 1: ken-PoLi ($15.97 in chips) 
Seat 2: AccacuH ($2.78 in chips) 
Seat 3: Berezniki80 ($9.60 in chips) 
Seat 4: ExtremE572 ($10.83 in chips) 
Seat 5: PedroGyn10 ($4.39 in chips) 
Seat 6: HubertusB ($11.34 in chips) 
AccacuH: posts small blind $0.05
Berezniki80: posts big blind $0.10
*** HOLE CARDS ***
Dealt to HubertusB [9d 6h]
ExtremE572: folds 
PedroGyn10: calls $0.10
HubertusB: folds 
ken-PoLi: folds 
AccacuH: folds 
Berezniki80: checks 
*** FLOP *** [3h Jd 7c]
Berezniki80: checks 
PedroGyn10: checks 
*** TURN *** [3h Jd 7c] [4s]
Berezniki80: checks 
PedroGyn10: checks 
*** RIVER *** [3h Jd 7c 4s] [9s]
Berezniki80: checks 
PedroGyn10: checks 
*** SHOW DOWN ***
Berezniki80: shows [2d As] (high card Ace)
PedroGyn10: mucks hand 
Berezniki80 collected $0.24 from pot
*** SUMMARY ***
Total pot $0.25 | Rake $0.01 
Board [3h Jd 7c 4s 9s]
Seat 1: ken-PoLi (button) folded before Flop (didn't bet)
Seat 2: AccacuH (small blind) folded before Flop
Seat 3: Berezniki80 (big blind) showed [2d As] and won ($0.24) with high card Ace
Seat 4: ExtremE572 folded before Flop (didn't bet)
Seat 5: PedroGyn10 mucked [Kh 8h]
Seat 6: HubertusB folded before Flop (didn't bet)



PokerStars Zoom Hand #185776448400:  Hold'em No Limit ($0.05/$0.10) - 2018/04/29 0:36:16 CCT [2018/04/28 12:36:16 ET]
Table 'Aludra' 6-max Seat #1 is the button
Seat 1: Hohlikk ($12.43 in chips) 
Seat 2: HubertusB ($11.24 in chips) 
Seat 3: rottermont26T ($44.15 in chips) 
Seat 4: BIT623300 ($10.15 in chips) 
Seat 5: Seenia ($17.76 in chips) 
Seat 6: auraph333 ($5.63 in chips) 
HubertusB: posts small blind $0.05
rottermont26T: posts big blind $0.10
*** HOLE CARDS ***
Dealt to HubertusB [8h Js]
BIT623300: folds 
Seenia: folds 
auraph333: folds 
Hohlikk: raises $0.10 to $0.20
HubertusB: folds 
rottermont26T: raises $0.45 to $0.65
Hohlikk: folds 
Uncalled bet ($0.45) returned to rottermont26T
rottermont26T collected $0.45 from pot
rottermont26T: doesn't show hand 
*** SUMMARY ***
Total pot $0.45 | Rake $0 
Seat 1: Hohlikk (button) folded before Flop
Seat 2: HubertusB (small blind) folded before Flop
Seat 3: rottermont26T (big blind) collected ($0.45)
Seat 4: BIT623300 folded before Flop (didn't bet)
Seat 5: Seenia folded before Flop (didn't bet)
Seat 6: auraph333 folded before Flop (didn't bet)



PokerStars Zoom Hand #185776444212:  Hold'em No Limit ($0.05/$0.10) - 2018/04/29 0:36:09 CCT [2018/04/28 12:36:09 ET]
Table 'Aludra' 6-max Seat #1 is the button
Seat 1: godoy1981 ($10 in chips) 
Seat 2: Vetalpk ($8 in chips) 
Seat 3: calthedude ($24.66 in chips) 
Seat 4: HubertusB ($11.24 in chips) 
Seat 5: zyatek ($8.78 in chips) 
Seat 6: erysec ($16.56 in chips) 
Vetalpk: posts small blind $0.05
calthedude: posts big blind $0.10
*** HOLE CARDS ***
Dealt to HubertusB [4s Ac]
HubertusB: folds 
zyatek: raises $0.20 to $0.30
erysec: folds 
godoy1981: folds 
Vetalpk: folds 
calthedude: calls $0.20
*** FLOP *** [9c 7s Tc]
calthedude: checks 
zyatek: bets $0.40
calthedude: folds 
Uncalled bet ($0.40) returned to zyatek
zyatek collected $0.62 from pot
zyatek: doesn't show hand 
*** SUMMARY ***
Total pot $0.65 | Rake $0.03 
Board [9c 7s Tc]
Seat 1: godoy1981 (button) folded before Flop (didn't bet)
Seat 2: Vetalpk (small blind) folded before Flop
Seat 3: calthedude (big blind) folded on the Flop
Seat 4: HubertusB folded before Flop (didn't bet)
Seat 5: zyatek collected ($0.62)
Seat 6: erysec folded before Flop (didn't bet)



PokerStars Zoom Hand #185776422348:  Hold'em No Limit ($0.05/$0.10) - 2018/04/29 0:35:33 CCT [2018/04/28 12:35:33 ET]
Table 'Aludra' 6-max Seat #1 is the button
Seat 1: siros777 ($13.25 in chips) 
Seat 2: Hohlikk ($10.80 in chips) 
Seat 3: Loscie ($13.56 in chips) 
Seat 4: hcpalli ($10 in chips) 
Seat 5: HubertusB ($11.34 in chips) 
Seat 6: Yoan022 ($5.59 in chips) 
Hohlikk: posts small blind $0.05
Loscie: posts big blind $0.10
*** HOLE CARDS ***
Dealt to HubertusB [4c Ad]
hcpalli: folds 
HubertusB: folds 
Yoan022: folds 
siros777: folds 
Hohlikk: raises $0.20 to $0.30
Loscie: calls $0.20
*** FLOP *** [6h As 3c]
Hohlikk: checks 
Loscie: checks 
*** TURN *** [6h As 3c] [Ac]
Hohlikk: checks 
Loscie: checks 
*** RIVER *** [6h As 3c Ac] [7c]
Hohlikk: checks 
Loscie: checks 
*** SHOW DOWN ***
Hohlikk: shows [Kc Th] (a pair of Aces)
Loscie: mucks hand 
Hohlikk collected $0.57 from pot
*** SUMMARY ***
Total pot $0.60 | Rake $0.03 
Board [6h As 3c Ac 7c]
Seat 1: siros777 (button) folded before Flop (didn't bet)
Seat 2: Hohlikk (small blind) showed [Kc Th] and won ($0.57) with a pair of Aces
Seat 3: Loscie (big blind) mucked [Qd Jh]
Seat 4: hcpalli folded before Flop (didn't bet)
Seat 5: HubertusB folded before Flop (didn't bet)
Seat 6: Yoan022 folded before Flop (didn't bet)



PokerStars Zoom Hand #185776453902:  Hold'em No Limit ($0.05/$0.10) - 2018/04/29 0:36:25 CCT [2018/04/28 12:36:25 ET]
Table 'Aludra' 6-max Seat #1 is the button
Seat 1: HubertusB ($11.19 in chips) 
Seat 2: darkowa ($10 in chips) 
Seat 3: #GetOverIt88 ($8.43 in chips) 
Seat 4: vit797979 ($12.40 in chips) 
Seat 5: GameOverDude44 ($12.56 in chips) 
Seat 6: vrooong ($10 in chips) 
darkowa: posts small blind $0.05
#GetOverIt88: posts big blind $0.10
*** HOLE CARDS ***
Dealt to HubertusB [As 5c]
vit797979: folds 
GameOverDude44: raises $0.15 to $0.25
vrooong: folds 
HubertusB: folds 
darkowa: folds 
#GetOverIt88: folds 
Uncalled bet ($0.15) returned to GameOverDude44
GameOverDude44 collected $0.25 from pot
GameOverDude44: doesn't show hand 
*** SUMMARY ***
Total pot $0.25 | Rake $0 
Seat 1: HubertusB (button) folded before Flop (didn't bet)
Seat 2: darkowa (small blind) folded before Flop
Seat 3: #GetOverIt88 (big blind) folded before Flop
Seat 4: vit797979 folded before Flop (didn't bet)
Seat 5: GameOverDude44 collected ($0.25)
Seat 6: vrooong folded before Flop (didn't bet)



PokerStars Zoom Hand #185776458720:  Hold'em No Limit ($0.05/$0.10) - 2018/04/29 0:36:33 CCT [2018/04/28 12:36:33 ET]
Table 'Aludra' 6-max Seat #1 is the button
Seat 1: auraph333 ($5.38 in chips) 
Seat 2: antey89 ($11.25 in chips) 
Seat 3: AccacuH ($2.58 in chips) 
Seat 4: spIeeNy ($13.55 in chips) 
Seat 5: HubertusB ($11.19 in chips) 
Seat 6: Hekanekoff ($10 in chips) 
antey89: posts small blind $0.05
AccacuH: posts big blind $0.10
*** HOLE CARDS ***
Dealt to HubertusB [Qs 3c]
spIeeNy: folds 
HubertusB: folds 
Hekanekoff: folds 
auraph333: folds 
antey89: folds 
Uncalled bet ($0.05) returned to AccacuH
AccacuH collected $0.10 from pot
AccacuH: doesn't show hand 
*** SUMMARY ***
Total pot $0.10 | Rake $0 
Seat 1: auraph333 (button) folded before Flop (didn't bet)
Seat 2: antey89 (small blind) folded before Flop
Seat 3: AccacuH (big blind) collected ($0.10)
Seat 4: spIeeNy folded before Flop (didn't bet)
Seat 5: HubertusB folded before Flop (didn't bet)
Seat 6: Hekanekoff folded before Flop (didn't bet)



PokerStars Zoom Hand #185776433830:  Hold'em No Limit ($0.05/$0.10) - 2018/04/29 0:35:52 CCT [2018/04/28 12:35:52 ET]
Table 'Aludra' 6-max Seat #1 is the button
Seat 1: Knya3 ($9.85 in chips) 
Seat 2: Vetalpk ($10.50 in chips) 
Seat 3: HubertusB ($11.34 in chips) 
Seat 4: I_BROKE_BAD ($11.59 in chips) 
Seat 5: ashem ($11.64 in chips) 
Seat 6: RedBorAlex ($21.27 in chips) 
Vetalpk: posts small blind $0.05
HubertusB: posts big blind $0.10
*** HOLE CARDS ***
Dealt to HubertusB [2h Jh]
I_BROKE_BAD: folds 
ashem: raises $0.15 to $0.25
RedBorAlex: folds 
Knya3: folds 
Vetalpk: raises $0.60 to $0.85
HubertusB: folds 
ashem: calls $0.60
*** FLOP *** [Kc 5s 6h]
Vetalpk: bets $0.95
ashem: calls $0.95
*** TURN *** [Kc 5s 6h] [3d]
Vetalpk: bets $1.94
ashem: folds 
Uncalled bet ($1.94) returned to Vetalpk
Vetalpk collected $3.53 from pot
Vetalpk: doesn't show hand 
*** SUMMARY ***
Total pot $3.70 | Rake $0.17 
Board [Kc 5s 6h 3d]
Seat 1: Knya3 (button) folded before Flop (didn't bet)
Seat 2: Vetalpk (small blind) collected ($3.53)
Seat 3: HubertusB (big blind) folded before Flop
Seat 4: I_BROKE_BAD folded before Flop (didn't bet)
Seat 5: ashem folded on the Turn
Seat 6: RedBorAlex folded before Flop (didn't bet)



PokerStars Zoom Hand #185776466106:  Hold'em No Limit ($0.05/$0.10) - 2018/04/29 0:36:45 CCT [2018/04/28 12:36:45 ET]
Table 'Aludra' 6-max Seat #1 is the button
Seat 1: No_Tax72000 ($14.99 in chips) 
Seat 2: HubertusB ($11.19 in chips) 
Seat 3: pro100kot9pa ($16.50 in chips) 
Seat 4: traditie ($10.06 in chips) 
Seat 5: ILostMyWife ($11.08 in chips) 
Seat 6: NegromJames ($27.03 in chips) 
HubertusB: posts small blind $0.05
pro100kot9pa: posts big blind $0.10
*** HOLE CARDS ***
Dealt to HubertusB [2s 4h]
traditie: folds 
ILostMyWife: folds 
NegromJames: raises $0.12 to $0.22
No_Tax72000: folds 
HubertusB: folds 
pro100kot9pa: folds 
Uncalled bet ($0.12) returned to NegromJames
NegromJames collected $0.25 from pot
NegromJames: doesn't show hand 
*** SUMMARY ***
Total pot $0.25 | Rake $0 
Seat 1: No_Tax72000 (button) folded before Flop (didn't bet)
Seat 2: HubertusB (small blind) folded before Flop
Seat 3: pro100kot9pa (big blind) folded before Flop
Seat 4: traditie folded before Flop (didn't bet)
Seat 5: ILostMyWife folded before Flop (didn't bet)
Seat 6: NegromJames collected ($0.25)



PokerStars Zoom Hand #185776462355:  Hold'em No Limit ($0.05/$0.10) - 2018/04/29 0:36:39 CCT [2018/04/28 12:36:39 ET]
Table 'Aludra' 6-max Seat #1 is the button
Seat 1: Tipplelift ($8.35 in chips) 
Seat 2: Flixy7 ($10.37 in chips) 
Seat 3: FL.Jin02 ($10 in chips) 
Seat 4: hsingyang ($14.80 in chips) 
Seat 5: gustavopaki ($14.68 in chips) 
Seat 6: HubertusB ($11.19 in chips) 
Flixy7: posts small blind $0.05
FL.Jin02: posts big blind $0.10
*** HOLE CARDS ***
Dealt to HubertusB [Qh 5d]
hsingyang: folds 
gustavopaki: raises $0.20 to $0.30
HubertusB: folds 
Tipplelift: folds 
Flixy7: folds 
FL.Jin02: folds 
Uncalled bet ($0.20) returned to gustavopaki
gustavopaki collected $0.25 from pot
gustavopaki: doesn't show hand 
*** SUMMARY ***
Total pot $0.25 | Rake $0 
Seat 1: Tipplelift (button) folded before Flop (didn't bet)
Seat 2: Flixy7 (small blind) folded before Flop
Seat 3: FL.Jin02 (big blind) folded before Flop
Seat 4: hsingyang folded before Flop (didn't bet)
Seat 5: gustavopaki collected ($0.25)
Seat 6: HubertusB folded before Flop (didn't bet)



PokerStars Zoom Hand #185776469716:  Hold'em No Limit ($0.05/$0.10) - 2018/04/29 0:36:51 CCT [2018/04/28 12:36:51 ET]
Table 'Aludra' 6-max Seat #1 is the button
Seat 1: Shintaro327 ($13.92 in chips) 
Seat 2: viwaldi2 ($9.22 in chips) 
Seat 3: HubertusB ($11.14 in chips) 
Seat 4: lucktilt ($10.57 in chips) 
Seat 5: Draugsvoll ($10.20 in chips) 
Seat 6: sajbort ($15.37 in chips) 
viwaldi2: posts small blind $0.05
HubertusB: posts big blind $0.10
*** HOLE CARDS ***
Dealt to HubertusB [Ah Td]
lucktilt: folds 
Draugsvoll: folds 
sajbort: raises $0.20 to $0.30
Shintaro327: folds 
viwaldi2: folds 
HubertusB: calls $0.20
*** FLOP *** [4s 7d 9d]
HubertusB: checks 
sajbort: checks 
*** TURN *** [4s 7d 9d] [2d]
HubertusB: bets $0.34
sajbort: folds 
Uncalled bet ($0.34) returned to HubertusB
HubertusB collected $0.62 from pot
HubertusB: doesn't show hand 
*** SUMMARY ***
Total pot $0.65 | Rake $0.03 
Board [4s 7d 9d 2d]
Seat 1: Shintaro327 (button) folded before Flop (didn't bet)
Seat 2: viwaldi2 (small blind) folded before Flop
Seat 3: HubertusB (big blind) collected ($0.62)
Seat 4: lucktilt folded before Flop (didn't bet)
Seat 5: Draugsvoll folded before Flop (didn't bet)
Seat 6: sajbort folded on the Turn



PokerStars Zoom Hand #185776493866:  Hold'em No Limit ($0.05/$0.10) - 2018/04/29 0:37:31 CCT [2018/04/28 12:37:31 ET]
Table 'Aludra' 6-max Seat #1 is the button
Seat 1: HubertusB ($11.46 in chips) 
Seat 2: DanceHappens ($16.36 in chips) 
Seat 3: Draugsvoll ($10.47 in chips) 
Seat 4: godoy1981 ($10 in chips) 
Seat 5: Omar-Songz ($4.99 in chips) 
Seat 6: viktor_KK ($10.05 in chips) 
DanceHappens: posts small blind $0.05
Draugsvoll: posts big blind $0.10
*** HOLE CARDS ***
Dealt to HubertusB [Ks 9h]
godoy1981: folds 
Omar-Songz: raises $0.20 to $0.30
viktor_KK: folds 
HubertusB: folds 
DanceHappens: folds 
Draugsvoll: folds 
Uncalled bet ($0.20) returned to Omar-Songz
Omar-Songz collected $0.25 from pot
Omar-Songz: doesn't show hand 
*** SUMMARY ***
Total pot $0.25 | Rake $0 
Seat 1: HubertusB (button) folded before Flop (didn't bet)
Seat 2: DanceHappens (small blind) folded before Flop
Seat 3: Draugsvoll (big blind) folded before Flop
Seat 4: godoy1981 folded before Flop (didn't bet)
Seat 5: Omar-Songz collected ($0.25)
Seat 6: viktor_KK folded before Flop (didn't bet)



PokerStars Zoom Hand #185776490245:  Hold'em No Limit ($0.05/$0.10) - 2018/04/29 0:37:25 CCT [2018/04/28 12:37:25 ET]
Table 'Aludra' 6-max Seat #1 is the button
Seat 1: Barnas.V. ($10 in chips) 
Seat 2: Dreammoves ($20.06 in chips) 
Seat 3: viwaldi2 ($42.71 in chips) 
Seat 4: Feel my ace ($9.55 in chips) 
Seat 5: HubertusB ($11.46 in chips) 
Seat 6: Savvy Gent ($10 in chips) 
Dreammoves: posts small blind $0.05
viwaldi2: posts big blind $0.10
*** HOLE CARDS ***
Dealt to HubertusB [Jh 3h]
Feel my ace: folds 
HubertusB: folds 
Savvy Gent: folds 
Barnas.V.: raises $0.20 to $0.30
Dreammoves: folds 
viwaldi2: folds 
Uncalled bet ($0.20) returned to Barnas.V.
Barnas.V. collected $0.25 from pot
Barnas.V.: doesn't show hand 
*** SUMMARY ***
Total pot $0.25 | Rake $0 
Seat 1: Barnas.V. (button) collected ($0.25)
Seat 2: Dreammoves (small blind) folded before Flop
Seat 3: viwaldi2 (big blind) folded before Flop
Seat 4: Feel my ace folded before Flop (didn't bet)
Seat 5: HubertusB folded before Flop (didn't bet)
Seat 6: Savvy Gent folded before Flop (didn't bet)



PokerStars Zoom Hand #185776497374:  Hold'em No Limit ($0.05/$0.10) - 2018/04/29 0:37:37 CCT [2018/04/28 12:37:37 ET]
Table 'Aludra' 6-max Seat #1 is the button
Seat 1: FoR_Shai ($26.36 in chips) 
Seat 2: Bloodlust28 ($25.39 in chips) 
Seat 3: GameOverDude44 ($12.38 in chips) 
Seat 4: HubertusB ($11.46 in chips) 
Seat 5: BIT623300 ($10.15 in chips) 
Seat 6: Testotiikeri ($31.30 in chips) 
Bloodlust28: posts small blind $0.05
GameOverDude44: posts big blind $0.10
*** HOLE CARDS ***
Dealt to HubertusB [5d 3s]
HubertusB: folds 
BIT623300: folds 
Testotiikeri: folds 
FoR_Shai: folds 
Bloodlust28: folds 
Uncalled bet ($0.05) returned to GameOverDude44
GameOverDude44 collected $0.10 from pot
GameOverDude44: doesn't show hand 
*** SUMMARY ***
Total pot $0.10 | Rake $0 
Seat 1: FoR_Shai (button) folded before Flop (didn't bet)
Seat 2: Bloodlust28 (small blind) folded before Flop
Seat 3: GameOverDude44 (big blind) collected ($0.10)
Seat 4: HubertusB folded before Flop (didn't bet)
Seat 5: BIT623300 folded before Flop (didn't bet)
Seat 6: Testotiikeri folded before Flop (didn't bet)



PokerStars Zoom Hand #185776500964:  Hold'em No Limit ($0.05/$0.10) - 2018/04/29 0:37:43 CCT [2018/04/28 12:37:43 ET]
Table 'Aludra' 6-max Seat #1 is the button
Seat 1: highlandparking ($12.63 in chips) 
Seat 2: claudiocoste ($4.67 in chips) 
Seat 3: digmigogline ($11.86 in chips) 
Seat 4: Rude8oy9 ($14.79 in chips) 
Seat 5: HubertusB ($11.46 in chips) 
Seat 6: weh_chris ($10.05 in chips) 
claudiocoste: posts small blind $0.05
digmigogline: posts big blind $0.10
*** HOLE CARDS ***
Dealt to HubertusB [Ah Jh]
Rude8oy9: folds 
HubertusB: raises $0.10 to $0.20
weh_chris: folds 
highlandparking: calls $0.20
claudiocoste: calls $0.15
digmigogline: folds 
*** FLOP *** [Ad 4h 7s]
claudiocoste: checks 
HubertusB: bets $0.37
highlandparking: folds 
claudiocoste: calls $0.37
*** TURN *** [Ad 4h 7s] [5s]
claudiocoste: checks 
HubertusB: bets $1.01
claudiocoste: raises $3.09 to $4.10 and is all-in
HubertusB: calls $3.09
*** RIVER *** [Ad 4h 7s 5s] [Kh]
*** SHOW DOWN ***
claudiocoste: shows [As 5d] (two pair, Aces and Fives)
HubertusB: shows [Ah Jh] (a pair of Aces)
claudiocoste collected $9.21 from pot
*** SUMMARY ***
Total pot $9.64 | Rake $0.43 
Board [Ad 4h 7s 5s Kh]
Seat 1: highlandparking (button) folded on the Flop
Seat 2: claudiocoste (small blind) showed [As 5d] and won ($9.21) with two pair, Aces and Fives
Seat 3: digmigogline (big blind) folded before Flop
Seat 4: Rude8oy9 folded before Flop (didn't bet)
Seat 5: HubertusB showed [Ah Jh] and lost with a pair of Aces
Seat 6: weh_chris folded before Flop (didn't bet)



PokerStars Zoom Hand #185776537847:  Hold'em No Limit ($0.05/$0.10) - 2018/04/29 0:38:44 CCT [2018/04/28 12:38:44 ET]
Table 'Aludra' 6-max Seat #1 is the button
Seat 1: weh_chris ($11.67 in chips) 
Seat 2: Mr_Lotions ($34.72 in chips) 
Seat 3: Hohlikk ($13.97 in chips) 
Seat 4: tigger777115 ($14.76 in chips) 
Seat 5: HERRFLICK2 ($8.32 in chips) 
Seat 6: HubertusB ($6.79 in chips) 
Mr_Lotions: posts small blind $0.05
Hohlikk: posts big blind $0.10
*** HOLE CARDS ***
Dealt to HubertusB [Kh 5s]
tigger777115: folds 
HERRFLICK2: folds 
HubertusB: folds 
weh_chris: raises $0.13 to $0.23
Mr_Lotions: folds 
Hohlikk: folds 
Uncalled bet ($0.13) returned to weh_chris
weh_chris collected $0.25 from pot
weh_chris: doesn't show hand 
*** SUMMARY ***
Total pot $0.25 | Rake $0 
Seat 1: weh_chris (button) collected ($0.25)
Seat 2: Mr_Lotions (small blind) folded before Flop
Seat 3: Hohlikk (big blind) folded before Flop
Seat 4: tigger777115 folded before Flop (didn't bet)
Seat 5: HERRFLICK2 folded before Flop (didn't bet)
Seat 6: HubertusB folded before Flop (didn't bet)



PokerStars Zoom Hand #185776532402:  Hold'em No Limit ($0.05/$0.10) - 2018/04/29 0:38:35 CCT [2018/04/28 12:38:35 ET]
Table 'Aludra' 6-max Seat #1 is the button
Seat 1: AndlDust ($9.60 in chips) 
Seat 2: ASSist7 ($7.49 in chips) 
Seat 3: redsy22 ($64.38 in chips) 
Seat 4: HubertusB ($6.79 in chips) 
Seat 5: highlandparking ($13.83 in chips) 
Seat 6: ashem ($10.64 in chips) 
ASSist7: posts small blind $0.05
redsy22: posts big blind $0.10
*** HOLE CARDS ***
Dealt to HubertusB [7h 5s]
HubertusB: folds 
highlandparking: raises $0.20 to $0.30
ashem: folds 
AndlDust: folds 
ASSist7: folds 
redsy22: calls $0.20
*** FLOP *** [Qc Qd Ad]
redsy22: checks 
highlandparking: bets $0.30
redsy22: folds 
Uncalled bet ($0.30) returned to highlandparking
highlandparking collected $0.62 from pot
highlandparking: doesn't show hand 
*** SUMMARY ***
Total pot $0.65 | Rake $0.03 
Board [Qc Qd Ad]
Seat 1: AndlDust (button) folded before Flop (didn't bet)
Seat 2: ASSist7 (small blind) folded before Flop
Seat 3: redsy22 (big blind) folded on the Flop
Seat 4: HubertusB folded before Flop (didn't bet)
Seat 5: highlandparking collected ($0.62)
Seat 6: ashem folded before Flop (didn't bet)



PokerStars Zoom Hand #185776542749:  Hold'em No Limit ($0.05/$0.10) - 2018/04/29 0:38:52 CCT [2018/04/28 12:38:52 ET]
Table 'Aludra' 6-max Seat #1 is the button
Seat 1: HubertusB ($6.79 in chips) 
Seat 2: lucktilt ($10 in chips) 
Seat 3: chzsteak17 ($10 in chips) 
Seat 4: oky0416 ($16.03 in chips) 
Seat 5: rig_you ($10.82 in chips) 
Seat 6: Rude8oy9 ($20.92 in chips) 
lucktilt: posts small blind $0.05
chzsteak17: posts big blind $0.10
*** HOLE CARDS ***
Dealt to HubertusB [7s 2h]
oky0416: folds 
rig_you: raises $0.20 to $0.30
Rude8oy9: folds 
HubertusB: folds 
lucktilt: folds 
chzsteak17: folds 
Uncalled bet ($0.20) returned to rig_you
rig_you collected $0.25 from pot
rig_you: doesn't show hand 
*** SUMMARY ***
Total pot $0.25 | Rake $0 
Seat 1: HubertusB (button) folded before Flop (didn't bet)
Seat 2: lucktilt (small blind) folded before Flop
Seat 3: chzsteak17 (big blind) folded before Flop
Seat 4: oky0416 folded before Flop (didn't bet)
Seat 5: rig_you collected ($0.25)
Seat 6: Rude8oy9 folded before Flop (didn't bet)



PokerStars Zoom Hand #185776549922:  Hold'em No Limit ($0.05/$0.10) - 2018/04/29 0:39:04 CCT [2018/04/28 12:39:04 ET]
Table 'Aludra' 6-max Seat #1 is the button
Seat 1: Shinji777 ($14.22 in chips) 
Seat 2: Nihil_Novi ($11.91 in chips) 
Seat 3: HubertusB ($6.79 in chips) 
Seat 4: RealN4p ($26.84 in chips) 
Seat 5: weh_chris ($11.82 in chips) 
Seat 6: Stikis ($10 in chips) 
Nihil_Novi: posts small blind $0.05
HubertusB: posts big blind $0.10
*** HOLE CARDS ***
Dealt to HubertusB [2c 7h]
RealN4p: folds 
weh_chris: raises $0.15 to $0.25
Stikis: folds 
Shinji777: folds 
Nihil_Novi: folds 
HubertusB: folds 
Uncalled bet ($0.15) returned to weh_chris
weh_chris collected $0.25 from pot
weh_chris: doesn't show hand 
*** SUMMARY ***
Total pot $0.25 | Rake $0 
Seat 1: Shinji777 (button) folded before Flop (didn't bet)
Seat 2: Nihil_Novi (small blind) folded before Flop
Seat 3: HubertusB (big blind) folded before Flop
Seat 4: RealN4p folded before Flop (didn't bet)
Seat 5: weh_chris collected ($0.25)
Seat 6: Stikis folded before Flop (didn't bet)



PokerStars Zoom Hand #185776560855:  Hold'em No Limit ($0.05/$0.10) - 2018/04/29 0:39:22 CCT [2018/04/28 12:39:22 ET]
Table 'Aludra' 6-max Seat #1 is the button
Seat 1: MadalineZet ($10 in chips) 
Seat 2: HubertusB ($6.69 in chips) 
Seat 3: DanHisc ($10.91 in chips) 
Seat 4: Cpartan12 ($10 in chips) 
Seat 5: filvol ($6.72 in chips) 
Seat 6: ToVo22 ($10.02 in chips) 
HubertusB: posts small blind $0.05
DanHisc: posts big blind $0.10
*** HOLE CARDS ***
Dealt to HubertusB [Kh 2h]
Cpartan12: raises $0.20 to $0.30
filvol: folds 
ToVo22: folds 
MadalineZet: folds 
HubertusB: folds 
DanHisc: folds 
Uncalled bet ($0.20) returned to Cpartan12
Cpartan12 collected $0.25 from pot
Cpartan12: doesn't show hand 
*** SUMMARY ***
Total pot $0.25 | Rake $0 
Seat 1: MadalineZet (button) folded before Flop (didn't bet)
Seat 2: HubertusB (small blind) folded before Flop
Seat 3: DanHisc (big blind) folded before Flop
Seat 4: Cpartan12 collected ($0.25)
Seat 5: filvol folded before Flop (didn't bet)
Seat 6: ToVo22 folded before Flop (didn't bet)



PokerStars Zoom Hand #185776565119:  Hold'em No Limit ($0.05/$0.10) - 2018/04/29 0:39:29 CCT [2018/04/28 12:39:29 ET]
Table 'Aludra' 6-max Seat #1 is the button
Seat 1: highlandparking ($12.35 in chips) 
Seat 2: pphit ($10 in chips) 
Seat 3: Baratrum777 ($10 in chips) 
Seat 4: hsingyang ($15.32 in chips) 
Seat 5: HubertusB ($6.64 in chips) 
Seat 6: Hekanekoff ($10.10 in chips) 
pphit: posts small blind $0.05
Baratrum777: posts big blind $0.10
*** HOLE CARDS ***
Dealt to HubertusB [Ah 7s]
hsingyang: folds 
HubertusB: folds 
Hekanekoff: raises $0.20 to $0.30
highlandparking: folds 
pphit: folds 
Baratrum777: folds 
Uncalled bet ($0.20) returned to Hekanekoff
Hekanekoff collected $0.25 from pot
Hekanekoff: doesn't show hand 
*** SUMMARY ***
Total pot $0.25 | Rake $0 
Seat 1: highlandparking (button) folded before Flop (didn't bet)
Seat 2: pphit (small blind) folded before Flop
Seat 3: Baratrum777 (big blind) folded before Flop
Seat 4: hsingyang folded before Flop (didn't bet)
Seat 5: HubertusB folded before Flop (didn't bet)
Seat 6: Hekanekoff collected ($0.25)



PokerStars Zoom Hand #185776568781:  Hold'em No Limit ($0.05/$0.10) - 2018/04/29 0:39:35 CCT [2018/04/28 12:39:35 ET]
Table 'Aludra' 6-max Seat #1 is the button
Seat 1: OIMGA ($41.90 in chips) 
Seat 2: rig_you ($11.60 in chips) 
Seat 3: Hohlikk ($12.20 in chips) 
Seat 4: tigger777115 ($11.62 in chips) 
Seat 5: GameOverDude44 ($21.71 in chips) 
Seat 6: HubertusB ($6.64 in chips) 
rig_you: posts small blind $0.05
Hohlikk: posts big blind $0.10
*** HOLE CARDS ***
Dealt to HubertusB [Ah 6h]
tigger777115: raises $0.20 to $0.30
GameOverDude44: folds 
HubertusB: folds 
OIMGA: folds 
rig_you: folds 
Hohlikk: folds 
Uncalled bet ($0.20) returned to tigger777115
tigger777115 collected $0.25 from pot
tigger777115: doesn't show hand 
*** SUMMARY ***
Total pot $0.25 | Rake $0 
Seat 1: OIMGA (button) folded before Flop (didn't bet)
Seat 2: rig_you (small blind) folded before Flop
Seat 3: Hohlikk (big blind) folded before Flop
Seat 4: tigger777115 collected ($0.25)
Seat 5: GameOverDude44 folded before Flop (didn't bet)
Seat 6: HubertusB folded before Flop (didn't bet)



PokerStars Zoom Hand #185776575430:  Hold'em No Limit ($0.05/$0.10) - 2018/04/29 0:39:46 CCT [2018/04/28 12:39:46 ET]
Table 'Aludra' 6-max Seat #1 is the button
Seat 1: landlord65 ($5.15 in chips) 
Seat 2: Petu%cash ($13.43 in chips) 
Seat 3: highlandparking ($12.35 in chips) 
Seat 4: HubertusB ($10 in chips) 
Seat 5: redsy22 ($26.09 in chips) 
Seat 6: NickB1604 ($30.21 in chips) 
Petu%cash: posts small blind $0.05
highlandparking: posts big blind $0.10
*** HOLE CARDS ***
Dealt to HubertusB [Ac 9s]
HubertusB: folds 
redsy22: folds 
NickB1604: folds 
landlord65: folds 
Petu%cash: folds 
Uncalled bet ($0.05) returned to highlandparking
highlandparking collected $0.10 from pot
highlandparking: doesn't show hand 
*** SUMMARY ***
Total pot $0.10 | Rake $0 
Seat 1: landlord65 (button) folded before Flop (didn't bet)
Seat 2: Petu%cash (small blind) folded before Flop
Seat 3: highlandparking (big blind) collected ($0.10)
Seat 4: HubertusB folded before Flop (didn't bet)
Seat 5: redsy22 folded before Flop (didn't bet)
Seat 6: NickB1604 folded before Flop (didn't bet)



PokerStars Zoom Hand #185776579651:  Hold'em No Limit ($0.05/$0.10) - 2018/04/29 0:39:53 CCT [2018/04/28 12:39:53 ET]
Table 'Aludra' 6-max Seat #1 is the button
Seat 1: kiddinglol ($17.87 in chips) 
Seat 2: reXne ($10 in chips) 
Seat 3: MaybeLaterr ($8.87 in chips) 
Seat 4: HubertusB ($10 in chips) 
Seat 5: misotriso ($12.01 in chips) 
Seat 6: trenerok ($12.46 in chips) 
reXne: posts small blind $0.05
MaybeLaterr: posts big blind $0.10
*** HOLE CARDS ***
Dealt to HubertusB [Qh 5c]
HubertusB: folds 
misotriso: raises $0.25 to $0.35
trenerok: folds 
kiddinglol: raises $0.85 to $1.20
reXne: folds 
MaybeLaterr: folds 
misotriso: folds 
Uncalled bet ($0.85) returned to kiddinglol
kiddinglol collected $0.85 from pot
kiddinglol: doesn't show hand 
*** SUMMARY ***
Total pot $0.85 | Rake $0 
Seat 1: kiddinglol (button) collected ($0.85)
Seat 2: reXne (small blind) folded before Flop
Seat 3: MaybeLaterr (big blind) folded before Flop
Seat 4: HubertusB folded before Flop (didn't bet)
Seat 5: misotriso folded before Flop
Seat 6: trenerok folded before Flop (didn't bet)



PokerStars Zoom Hand #185776583918:  Hold'em No Limit ($0.05/$0.10) - 2018/04/29 0:40:00 CCT [2018/04/28 12:40:00 ET]
Table 'Aludra' 6-max Seat #1 is the button
Seat 1: aiyatiltz ($14.79 in chips) 
Seat 2: Bloodlust28 ($25.09 in chips) 
Seat 3: HubertusB ($10 in chips) 
Seat 4: entropAlly ($10 in chips) 
Seat 5: Hohlikk ($11.88 in chips) 
Seat 6: Shinji777 ($10.53 in chips) 
Bloodlust28: posts small blind $0.05
HubertusB: posts big blind $0.10
*** HOLE CARDS ***
Dealt to HubertusB [8d Ad]
entropAlly: folds 
Hohlikk: folds 
Shinji777: folds 
aiyatiltz: raises $0.15 to $0.25
Bloodlust28: folds 
HubertusB: calls $0.15
*** FLOP *** [5c 5s 9c]
HubertusB: checks 
aiyatiltz: checks 
*** TURN *** [5c 5s 9c] [Td]
HubertusB: bets $0.39
aiyatiltz: calls $0.39
*** RIVER *** [5c 5s 9c Td] [Qc]
HubertusB: checks 
aiyatiltz: checks 
*** SHOW DOWN ***
HubertusB: shows [8d Ad] (a pair of Fives)
aiyatiltz: shows [Kh Ah] (a pair of Fives - Ace+King kicker)
aiyatiltz collected $1.27 from pot
*** SUMMARY ***
Total pot $1.33 | Rake $0.06 
Board [5c 5s 9c Td Qc]
Seat 1: aiyatiltz (button) showed [Kh Ah] and won ($1.27) with a pair of Fives
Seat 2: Bloodlust28 (small blind) folded before Flop
Seat 3: HubertusB (big blind) showed [8d Ad] and lost with a pair of Fives
Seat 4: entropAlly folded before Flop (didn't bet)
Seat 5: Hohlikk folded before Flop (didn't bet)
Seat 6: Shinji777 folded before Flop (didn't bet)



PokerStars Zoom Hand #185776619631:  Hold'em No Limit ($0.05/$0.10) - 2018/04/29 0:40:59 CCT [2018/04/28 12:40:59 ET]
Table 'Aludra' 6-max Seat #1 is the button
Seat 1: nandosjc88 ($5.82 in chips) 
Seat 2: HubertusB ($9.36 in chips) 
Seat 3: AccacuH ($6.31 in chips) 
Seat 4: Tittula ($26.28 in chips) 
Seat 5: Provdan1609 ($4.65 in chips) 
Seat 6: Noah Ullman ($10.45 in chips) 
HubertusB: posts small blind $0.05
AccacuH: posts big blind $0.10
*** HOLE CARDS ***
Dealt to HubertusB [7h Tc]
Tittula: folds 
Provdan1609: folds 
Noah Ullman: folds 
nandosjc88: raises $0.20 to $0.30
HubertusB: folds 
AccacuH: folds 
Uncalled bet ($0.20) returned to nandosjc88
nandosjc88 collected $0.25 from pot
nandosjc88: doesn't show hand 
*** SUMMARY ***
Total pot $0.25 | Rake $0 
Seat 1: nandosjc88 (button) collected ($0.25)
Seat 2: HubertusB (small blind) folded before Flop
Seat 3: AccacuH (big blind) folded before Flop
Seat 4: Tittula folded before Flop (didn't bet)
Seat 5: Provdan1609 folded before Flop (didn't bet)
Seat 6: Noah Ullman folded before Flop (didn't bet)



PokerStars Zoom Hand #185776615462:  Hold'em No Limit ($0.05/$0.10) - 2018/04/29 0:40:52 CCT [2018/04/28 12:40:52 ET]
Table 'Aludra' 6-max Seat #1 is the button
Seat 1: HubertusB ($9.36 in chips) 
Seat 2: Paint-Huf007 ($8.71 in chips) 
Seat 3: kiddinglol ($18.32 in chips) 
Seat 4: NegromJames ($28.35 in chips) 
Seat 5: GameOverDude44 ($21.89 in chips) 
Seat 6: Bloodlust28 ($24.94 in chips) 
Paint-Huf007: posts small blind $0.05
kiddinglol: posts big blind $0.10
*** HOLE CARDS ***
Dealt to HubertusB [Jh 3c]
NegromJames: folds 
GameOverDude44: folds 
Bloodlust28: folds 
HubertusB: folds 
Paint-Huf007 has timed out
Paint-Huf007: folds 
Uncalled bet ($0.05) returned to kiddinglol
kiddinglol collected $0.10 from pot
kiddinglol: doesn't show hand 
*** SUMMARY ***
Total pot $0.10 | Rake $0 
Seat 1: HubertusB (button) folded before Flop (didn't bet)
Seat 2: Paint-Huf007 (small blind) folded before Flop
Seat 3: kiddinglol (big blind) collected ($0.10)
Seat 4: NegromJames folded before Flop (didn't bet)
Seat 5: GameOverDude44 folded before Flop (didn't bet)
Seat 6: Bloodlust28 folded before Flop (didn't bet)



PokerStars Zoom Hand #185776623280:  Hold'em No Limit ($0.05/$0.10) - 2018/04/29 0:41:05 CCT [2018/04/28 12:41:05 ET]
Table 'Aludra' 6-max Seat #1 is the button
Seat 1: rest992 ($8.90 in chips) 
Seat 2: r4ulz1n ($15.75 in chips) 
Seat 3: saleriver ($11.99 in chips) 
Seat 4: claudiocoste ($6.04 in chips) 
Seat 5: mmelo4 ($19.87 in chips) 
Seat 6: HubertusB ($9.31 in chips) 
r4ulz1n: posts small blind $0.05
saleriver: posts big blind $0.10
*** HOLE CARDS ***
Dealt to HubertusB [Qs 6s]
claudiocoste: folds 
mmelo4: folds 
HubertusB: folds 
rest992: folds 
r4ulz1n: raises $0.20 to $0.30
saleriver: folds 
Uncalled bet ($0.20) returned to r4ulz1n
r4ulz1n collected $0.20 from pot
r4ulz1n: doesn't show hand 
*** SUMMARY ***
Total pot $0.20 | Rake $0 
Seat 1: rest992 (button) folded before Flop (didn't bet)
Seat 2: r4ulz1n (small blind) collected ($0.20)
Seat 3: saleriver (big blind) folded before Flop
Seat 4: claudiocoste folded before Flop (didn't bet)
Seat 5: mmelo4 folded before Flop (didn't bet)
Seat 6: HubertusB folded before Flop (didn't bet)



PokerStars Zoom Hand #185776627623:  Hold'em No Limit ($0.05/$0.10) - 2018/04/29 0:41:12 CCT [2018/04/28 12:41:12 ET]
Table 'Aludra' 6-max Seat #1 is the button
Seat 1: rottermont26T ($45.50 in chips) 
Seat 2: oky0416 ($11.04 in chips) 
Seat 3: HubertusB ($9.31 in chips) 
Seat 4: DanceHappens ($16.50 in chips) 
Seat 5: 778955 ($56.16 in chips) 
Seat 6: akheilos1 ($10 in chips) 
oky0416: posts small blind $0.05
HubertusB: posts big blind $0.10
*** HOLE CARDS ***
Dealt to HubertusB [7d 8s]
DanceHappens: folds 
778955: folds 
akheilos1: raises $0.12 to $0.22
rottermont26T: folds 
oky0416: calls $0.17
HubertusB: folds 
*** FLOP *** [3c 6c 9d]
oky0416: checks 
akheilos1: checks 
*** TURN *** [3c 6c 9d] [6s]
oky0416: checks 
akheilos1: checks 
*** RIVER *** [3c 6c 9d 6s] [8d]
oky0416: checks 
akheilos1: checks 
*** SHOW DOWN ***
oky0416: shows [Ad 4d] (a pair of Sixes)
akheilos1: mucks hand 
oky0416 collected $0.52 from pot
*** SUMMARY ***
Total pot $0.54 | Rake $0.02 
Board [3c 6c 9d 6s 8d]
Seat 1: rottermont26T (button) folded before Flop (didn't bet)
Seat 2: oky0416 (small blind) showed [Ad 4d] and won ($0.52) with a pair of Sixes
Seat 3: HubertusB (big blind) folded before Flop
Seat 4: DanceHappens folded before Flop (didn't bet)
Seat 5: 778955 folded before Flop (didn't bet)
Seat 6: akheilos1 mucked [Kh Qs]



PokerStars Zoom Hand #185776632371:  Hold'em No Limit ($0.05/$0.10) - 2018/04/29 0:41:20 CCT [2018/04/28 12:41:20 ET]
Table 'Aludra' 6-max Seat #1 is the button
Seat 1: hcpalli ($44.24 in chips) 
Seat 2: HubertusB ($9.21 in chips) 
Seat 3: #GetOverIt88 ($4.57 in chips) 
Seat 4: xxpoker1111x ($13.42 in chips) 
Seat 5: spIeeNy ($10 in chips) 
Seat 6: KingCrab46 ($6.51 in chips) 
HubertusB: posts small blind $0.05
#GetOverIt88: posts big blind $0.10
*** HOLE CARDS ***
Dealt to HubertusB [2d Ad]
xxpoker1111x: folds 
spIeeNy: folds 
KingCrab46: folds 
hcpalli: folds 
HubertusB: raises $0.10 to $0.20
#GetOverIt88: raises $1 to $1.20
HubertusB: folds 
Uncalled bet ($1) returned to #GetOverIt88
#GetOverIt88 collected $0.40 from pot
#GetOverIt88: doesn't show hand 
*** SUMMARY ***
Total pot $0.40 | Rake $0 
Seat 1: hcpalli (button) folded before Flop (didn't bet)
Seat 2: HubertusB (small blind) folded before Flop
Seat 3: #GetOverIt88 (big blind) collected ($0.40)
Seat 4: xxpoker1111x folded before Flop (didn't bet)
Seat 5: spIeeNy folded before Flop (didn't bet)
Seat 6: KingCrab46 folded before Flop (didn't bet)



PokerStars Zoom Hand #185776649880:  Hold'em No Limit ($0.05/$0.10) - 2018/04/29 0:41:49 CCT [2018/04/28 12:41:49 ET]
Table 'Aludra' 6-max Seat #1 is the button
Seat 1: HubertusB ($9.01 in chips) 
Seat 2: claudiocoste ($6.66 in chips) 
Seat 3: TheWild1ne ($13.57 in chips) 
Seat 4: crazyneverdie ($12.11 in chips) 
Seat 5: NeedMoreCards ($12.34 in chips) 
Seat 6: A.Platonov92 ($16 in chips) 
claudiocoste: posts small blind $0.05
TheWild1ne: posts big blind $0.10
*** HOLE CARDS ***
Dealt to HubertusB [9d 8h]
crazyneverdie: folds 
NeedMoreCards: folds 
A.Platonov92: folds 
HubertusB: folds 
claudiocoste: folds 
Uncalled bet ($0.05) returned to TheWild1ne
TheWild1ne collected $0.10 from pot
TheWild1ne: doesn't show hand 
*** SUMMARY ***
Total pot $0.10 | Rake $0 
Seat 1: HubertusB (button) folded before Flop (didn't bet)
Seat 2: claudiocoste (small blind) folded before Flop
Seat 3: TheWild1ne (big blind) collected ($0.10)
Seat 4: crazyneverdie folded before Flop (didn't bet)
Seat 5: NeedMoreCards folded before Flop (didn't bet)
Seat 6: A.Platonov92 folded before Flop (didn't bet)



PokerStars Zoom Hand #185776657251:  Hold'em No Limit ($0.05/$0.10) - 2018/04/29 0:42:01 CCT [2018/04/28 12:42:01 ET]
Table 'Aludra' 6-max Seat #1 is the button
Seat 1: afca66 ($6.44 in chips) 
Seat 2: xLacix ($10 in chips) 
Seat 3: Tittula ($24.83 in chips) 
Seat 4: rig_you ($11.60 in chips) 
Seat 5: Sparkxxxxx ($13.77 in chips) 
Seat 6: HubertusB ($9.01 in chips) 
xLacix: posts small blind $0.05
Tittula: posts big blind $0.10
*** HOLE CARDS ***
Dealt to HubertusB [Tc 8h]
rig_you: folds 
Sparkxxxxx: folds 
HubertusB: folds 
afca66: folds 
xLacix: folds 
Uncalled bet ($0.05) returned to Tittula
Tittula collected $0.10 from pot
Tittula: doesn't show hand 
*** SUMMARY ***
Total pot $0.10 | Rake $0 
Seat 1: afca66 (button) folded before Flop (didn't bet)
Seat 2: xLacix (small blind) folded before Flop
Seat 3: Tittula (big blind) collected ($0.10)
Seat 4: rig_you folded before Flop (didn't bet)
Seat 5: Sparkxxxxx folded before Flop (didn't bet)
Seat 6: HubertusB folded before Flop (didn't bet)



PokerStars Zoom Hand #185776660915:  Hold'em No Limit ($0.05/$0.10) - 2018/04/29 0:42:07 CCT [2018/04/28 12:42:07 ET]
Table 'Aludra' 6-max Seat #1 is the button
Seat 1: kytmagic ($16.48 in chips) 
Seat 2: HubertusB ($9.01 in chips) 
Seat 3: giovane 1985 ($35.16 in chips) 
Seat 4: PonMSK47 ($6.47 in chips) 
Seat 5: Zormegun ($10 in chips) 
Seat 6: yuki65536 ($33.40 in chips) 
HubertusB: posts small blind $0.05
giovane 1985: posts big blind $0.10
*** HOLE CARDS ***
Dealt to HubertusB [Td Ah]
PonMSK47: raises $0.20 to $0.30
Zormegun: folds 
yuki65536: folds 
kytmagic: folds 
HubertusB: folds 
giovane 1985: folds 
Uncalled bet ($0.20) returned to PonMSK47
PonMSK47 collected $0.25 from pot
PonMSK47: doesn't show hand 
*** SUMMARY ***
Total pot $0.25 | Rake $0 
Seat 1: kytmagic (button) folded before Flop (didn't bet)
Seat 2: HubertusB (small blind) folded before Flop
Seat 3: giovane 1985 (big blind) folded before Flop
Seat 4: PonMSK47 collected ($0.25)
Seat 5: Zormegun folded before Flop (didn't bet)
Seat 6: yuki65536 folded before Flop (didn't bet)



PokerStars Zoom Hand #185776653538:  Hold'em No Limit ($0.05/$0.10) - 2018/04/29 0:41:55 CCT [2018/04/28 12:41:55 ET]
Table 'Aludra' 6-max Seat #1 is the button
Seat 1: Montecristo92 ($10.39 in chips) 
Seat 2: LuckyBBastar ($10.05 in chips) 
Seat 3: BakytTheWolf ($10 in chips) 
Seat 4: auraph333 ($4.13 in chips) 
Seat 5: HubertusB ($9.01 in chips) 
Seat 6: Zormegun ($11.01 in chips) 
LuckyBBastar: posts small blind $0.05
BakytTheWolf: posts big blind $0.10
*** HOLE CARDS ***
Dealt to HubertusB [5h 2d]
auraph333: folds 
HubertusB: folds 
Zormegun: folds 
Montecristo92: calls $0.10
LuckyBBastar: raises $0.40 to $0.50
BakytTheWolf: folds 
Montecristo92: calls $0.40
*** FLOP *** [6h Jd Td]
LuckyBBastar: bets $0.54
Montecristo92: raises $0.56 to $1.10
LuckyBBastar: folds 
Uncalled bet ($0.56) returned to Montecristo92
Montecristo92 collected $2.08 from pot
Montecristo92: doesn't show hand 
*** SUMMARY ***
Total pot $2.18 | Rake $0.10 
Board [6h Jd Td]
Seat 1: Montecristo92 (button) collected ($2.08)
Seat 2: LuckyBBastar (small blind) folded on the Flop
Seat 3: BakytTheWolf (big blind) folded before Flop
Seat 4: auraph333 folded before Flop (didn't bet)
Seat 5: HubertusB folded before Flop (didn't bet)
Seat 6: Zormegun folded before Flop (didn't bet)



PokerStars Zoom Hand #185776669906:  Hold'em No Limit ($0.05/$0.10) - 2018/04/29 0:42:22 CCT [2018/04/28 12:42:22 ET]
Table 'Aludra' 6-max Seat #1 is the button
Seat 1: grgrgrgr ($15.30 in chips) 
Seat 2: pauloprcds ($14.22 in chips) 
Seat 3: L.Lucete ($10.15 in chips) 
Seat 4: HubertusB ($8.96 in chips) 
Seat 5: DudinAndrey ($10 in chips) 
Seat 6: c-bober ($9.63 in chips) 
pauloprcds: posts small blind $0.05
L.Lucete: posts big blind $0.10
*** HOLE CARDS ***
Dealt to HubertusB [Ah 4h]
HubertusB: raises $0.10 to $0.20
DudinAndrey: folds 
c-bober: folds 
grgrgrgr: folds 
pauloprcds: folds 
L.Lucete: folds 
Uncalled bet ($0.10) returned to HubertusB
HubertusB collected $0.25 from pot
HubertusB: doesn't show hand 
*** SUMMARY ***
Total pot $0.25 | Rake $0 
Seat 1: grgrgrgr (button) folded before Flop (didn't bet)
Seat 2: pauloprcds (small blind) folded before Flop
Seat 3: L.Lucete (big blind) folded before Flop
Seat 4: HubertusB collected ($0.25)
Seat 5: DudinAndrey folded before Flop (didn't bet)
Seat 6: c-bober folded before Flop (didn't bet)



PokerStars Zoom Hand #185776666251:  Hold'em No Limit ($0.05/$0.10) - 2018/04/29 0:42:16 CCT [2018/04/28 12:42:16 ET]
Table 'Aludra' 6-max Seat #1 is the button
Seat 1: hcpalli ($10.52 in chips) 
Seat 2: Draugsvoll ($12.48 in chips) 
Seat 3: entropAlly ($10.15 in chips) 
Seat 4: pokermase19 ($12.93 in chips) 
Seat 5: HubertusB ($8.96 in chips) 
Seat 6: Dcaro31 ($10.77 in chips) 
Draugsvoll: posts small blind $0.05
entropAlly: posts big blind $0.10
*** HOLE CARDS ***
Dealt to HubertusB [2h 5c]
pokermase19 has timed out
pokermase19: folds 
HubertusB: folds 
Dcaro31: folds 
hcpalli: folds 
Draugsvoll: raises $0.13 to $0.23
entropAlly: calls $0.13
*** FLOP *** [7s 6s 9c]
Draugsvoll: checks 
entropAlly: bets $0.27
Draugsvoll: folds 
Uncalled bet ($0.27) returned to entropAlly
entropAlly collected $0.44 from pot
entropAlly: doesn't show hand 
*** SUMMARY ***
Total pot $0.46 | Rake $0.02 
Board [7s 6s 9c]
Seat 1: hcpalli (button) folded before Flop (didn't bet)
Seat 2: Draugsvoll (small blind) folded on the Flop
Seat 3: entropAlly (big blind) collected ($0.44)
Seat 4: pokermase19 folded before Flop (didn't bet)
Seat 5: HubertusB folded before Flop (didn't bet)
Seat 6: Dcaro31 folded before Flop (didn't bet)



PokerStars Zoom Hand #185776684509:  Hold'em No Limit ($0.05/$0.10) - 2018/04/29 0:42:46 CCT [2018/04/28 12:42:46 ET]
Table 'Aludra' 6-max Seat #1 is the button
Seat 1: HubertusB ($9.01 in chips) 
Seat 2: German2912 ($11.88 in chips) 
Seat 3: ashem ($10 in chips) 
Seat 4: Yoan022 ($10.62 in chips) 
Seat 5: 01poker1990 ($6.25 in chips) 
Seat 6: ExtremE572 ($19.64 in chips) 
German2912: posts small blind $0.05
ashem: posts big blind $0.10
*** HOLE CARDS ***
Dealt to HubertusB [7c 8d]
Yoan022: folds 
01poker1990: raises $6.15 to $6.25 and is all-in
ExtremE572: folds 
HubertusB: folds 
German2912: folds 
ashem: folds 
Uncalled bet ($6.15) returned to 01poker1990
01poker1990 collected $0.25 from pot
01poker1990: doesn't show hand 
*** SUMMARY ***
Total pot $0.25 | Rake $0 
Seat 1: HubertusB (button) folded before Flop (didn't bet)
Seat 2: German2912 (small blind) folded before Flop
Seat 3: ashem (big blind) folded before Flop
Seat 4: Yoan022 folded before Flop (didn't bet)
Seat 5: 01poker1990 collected ($0.25)
Seat 6: ExtremE572 folded before Flop (didn't bet)



PokerStars Zoom Hand #185776695999:  Hold'em No Limit ($0.05/$0.10) - 2018/04/29 0:43:05 CCT [2018/04/28 12:43:05 ET]
Table 'Aludra' 6-max Seat #1 is the button
Seat 1: ashem ($10 in chips) 
Seat 2: DanceHappens ($15.30 in chips) 
Seat 3: spIeeNy ($10 in chips) 
Seat 4: Hekanekoff ($11.94 in chips) 
Seat 5: Flixy7 ($14.56 in chips) 
Seat 6: HubertusB ($9.01 in chips) 
DanceHappens: posts small blind $0.05
spIeeNy: posts big blind $0.10
*** HOLE CARDS ***
Dealt to HubertusB [Qc 2s]
Hekanekoff: folds 
Flixy7: folds 
HubertusB: folds 
ashem: raises $0.15 to $0.25
DanceHappens: folds 
spIeeNy: calls $0.15
*** FLOP *** [6h 2d 2c]
spIeeNy: checks 
ashem: bets $0.30
spIeeNy: folds 
Uncalled bet ($0.30) returned to ashem
ashem collected $0.53 from pot
ashem: doesn't show hand 
*** SUMMARY ***
Total pot $0.55 | Rake $0.02 
Board [6h 2d 2c]
Seat 1: ashem (button) collected ($0.53)
Seat 2: DanceHappens (small blind) folded before Flop
Seat 3: spIeeNy (big blind) folded on the Flop
Seat 4: Hekanekoff folded before Flop (didn't bet)
Seat 5: Flixy7 folded before Flop (didn't bet)
Seat 6: HubertusB folded before Flop (didn't bet)



PokerStars Zoom Hand #185776678961:  Hold'em No Limit ($0.05/$0.10) - 2018/04/29 0:42:37 CCT [2018/04/28 12:42:37 ET]
Table 'Aludra' 6-max Seat #1 is the button
Seat 1: anfisegorova ($22.19 in chips) 
Seat 2: gabbanna ($10.89 in chips) 
Seat 3: HubertusB ($9.11 in chips) 
Seat 4: redsy22 ($63.88 in chips) 
Seat 5: RealN4p ($25.39 in chips) 
Seat 6: PhineasPS ($10 in chips) 
gabbanna: posts small blind $0.05
HubertusB: posts big blind $0.10
*** HOLE CARDS ***
Dealt to HubertusB [Th Jc]
redsy22: folds 
RealN4p: folds 
PhineasPS: raises $0.20 to $0.30
anfisegorova: raises $0.60 to $0.90
gabbanna: folds 
HubertusB: folds 
PhineasPS: calls $0.60
*** FLOP *** [Ad Qh Kc]
PhineasPS: checks 
anfisegorova: checks 
*** TURN *** [Ad Qh Kc] [3h]
PhineasPS: checks 
anfisegorova: bets $1.12
PhineasPS: folds 
Uncalled bet ($1.12) returned to anfisegorova
anfisegorova collected $1.86 from pot
anfisegorova: doesn't show hand 
*** SUMMARY ***
Total pot $1.95 | Rake $0.09 
Board [Ad Qh Kc 3h]
Seat 1: anfisegorova (button) collected ($1.86)
Seat 2: gabbanna (small blind) folded before Flop
Seat 3: HubertusB (big blind) folded before Flop
Seat 4: redsy22 folded before Flop (didn't bet)
Seat 5: RealN4p folded before Flop (didn't bet)
Seat 6: PhineasPS folded on the Turn



PokerStars Zoom Hand #185776699745:  Hold'em No Limit ($0.05/$0.10) - 2018/04/29 0:43:11 CCT [2018/04/28 12:43:11 ET]
Table 'Aludra' 6-max Seat #1 is the button
Seat 1: pphit ($10.45 in chips) 
Seat 2: Yure4ik ($15.41 in chips) 
Seat 3: ASSist7 ($18.90 in chips) 
Seat 4: kytmagic ($16.14 in chips) 
Seat 5: HubertusB ($9.01 in chips) 
Seat 6: DonJuanFr ($12.03 in chips) 
Yure4ik: posts small blind $0.05
ASSist7: posts big blind $0.10
*** HOLE CARDS ***
Dealt to HubertusB [Ac Ad]
kytmagic: raises $0.10 to $0.20
HubertusB: raises $0.33 to $0.53
DonJuanFr: folds 
pphit: folds 
Yure4ik: folds 
ASSist7: calls $0.43
kytmagic: calls $0.33
*** FLOP *** [Js 6s 4h]
ASSist7: checks 
kytmagic: checks 
HubertusB: bets $1.15
ASSist7: folds 
kytmagic: folds 
Uncalled bet ($1.15) returned to HubertusB
HubertusB collected $1.57 from pot
HubertusB: doesn't show hand 
*** SUMMARY ***
Total pot $1.64 | Rake $0.07 
Board [Js 6s 4h]
Seat 1: pphit (button) folded before Flop (didn't bet)
Seat 2: Yure4ik (small blind) folded before Flop
Seat 3: ASSist7 (big blind) folded on the Flop
Seat 4: kytmagic folded on the Flop
Seat 5: HubertusB collected ($1.57)
Seat 6: DonJuanFr folded before Flop (didn't bet)



PokerStars Zoom Hand #185776730741:  Hold'em No Limit ($0.05/$0.10) - 2018/04/29 0:44:02 CCT [2018/04/28 12:44:02 ET]
Table 'Aludra' 6-max Seat #1 is the button
Seat 1: I_BROKE_BAD ($14.54 in chips) 
Seat 2: HubertusB ($10.05 in chips) 
Seat 3: oky0416 ($11.38 in chips) 
Seat 4: Baratrum777 ($10.43 in chips) 
Seat 5: reXne ($30.63 in chips) 
Seat 6: Hohlikk ($12.52 in chips) 
HubertusB: posts small blind $0.05
oky0416: posts big blind $0.10
*** HOLE CARDS ***
Dealt to HubertusB [3c 2s]
Baratrum777: raises $0.20 to $0.30
reXne: folds 
Hohlikk: folds 
I_BROKE_BAD: folds 
HubertusB: folds 
oky0416: folds 
Uncalled bet ($0.20) returned to Baratrum777
Baratrum777 collected $0.25 from pot
Baratrum777: doesn't show hand 
*** SUMMARY ***
Total pot $0.25 | Rake $0 
Seat 1: I_BROKE_BAD (button) folded before Flop (didn't bet)
Seat 2: HubertusB (small blind) folded before Flop
Seat 3: oky0416 (big blind) folded before Flop
Seat 4: Baratrum777 collected ($0.25)
Seat 5: reXne folded before Flop (didn't bet)
Seat 6: Hohlikk folded before Flop (didn't bet)



PokerStars Zoom Hand #185776736803:  Hold'em No Limit ($0.05/$0.10) - 2018/04/29 0:44:12 CCT [2018/04/28 12:44:12 ET]
Table 'Aludra' 6-max Seat #1 is the button
Seat 1: GameOverDude44 ($11.23 in chips) 
Seat 2: darkowa ($14.90 in chips) 
Seat 3: HubertusB ($10 in chips) 
Seat 4: Graaggedaan ($25.17 in chips) 
Seat 5: tania_Foxy ($13.05 in chips) 
Seat 6: slesar133 ($10.95 in chips) 
darkowa: posts small blind $0.05
HubertusB: posts big blind $0.10
*** HOLE CARDS ***
Dealt to HubertusB [6d 8d]
Graaggedaan: folds 
tania_Foxy: folds 
slesar133: folds 
GameOverDude44: folds 
darkowa: folds 
Uncalled bet ($0.05) returned to HubertusB
HubertusB collected $0.10 from pot
HubertusB: doesn't show hand 
*** SUMMARY ***
Total pot $0.10 | Rake $0 
Seat 1: GameOverDude44 (button) folded before Flop (didn't bet)
Seat 2: darkowa (small blind) folded before Flop
Seat 3: HubertusB (big blind) collected ($0.10)
Seat 4: Graaggedaan folded before Flop (didn't bet)
Seat 5: tania_Foxy folded before Flop (didn't bet)
Seat 6: slesar133 folded before Flop (didn't bet)



PokerStars Zoom Hand #185776745962:  Hold'em No Limit ($0.05/$0.10) - 2018/04/29 0:44:27 CCT [2018/04/28 12:44:27 ET]
Table 'Aludra' 6-max Seat #1 is the button
Seat 1: HubertusB ($10.05 in chips) 
Seat 2: antey89 ($12.06 in chips) 
Seat 3: JackNewsp ($10.42 in chips) 
Seat 4: RedBorAlex ($5.43 in chips) 
Seat 5: digmigogline ($11.44 in chips) 
Seat 6: Baksdv ($20.56 in chips) 
antey89: posts small blind $0.05
JackNewsp: posts big blind $0.10
*** HOLE CARDS ***
Dealt to HubertusB [7s Js]
RedBorAlex: folds 
digmigogline: folds 
Baksdv has timed out while disconnected
Baksdv: folds 
HubertusB: raises $0.10 to $0.20
antey89: raises $0.71 to $0.91
JackNewsp: folds 
HubertusB: raises $1.69 to $2.60
antey89: folds 
Uncalled bet ($1.69) returned to HubertusB
HubertusB collected $1.92 from pot
HubertusB: doesn't show hand 
*** SUMMARY ***
Total pot $1.92 | Rake $0 
Seat 1: HubertusB (button) collected ($1.92)
Seat 2: antey89 (small blind) folded before Flop
Seat 3: JackNewsp (big blind) folded before Flop
Seat 4: RedBorAlex folded before Flop (didn't bet)
Seat 5: digmigogline folded before Flop (didn't bet)
Seat 6: Baksdv folded before Flop (didn't bet)



PokerStars Zoom Hand #185776788137:  Hold'em No Limit ($0.05/$0.10) - 2018/04/29 0:45:36 CCT [2018/04/28 12:45:36 ET]
Table 'Aludra' 6-max Seat #1 is the button
Seat 1: AccacuH ($11.94 in chips) 
Seat 2: Drogentester ($10.05 in chips) 
Seat 3: adamvilla86 ($10.47 in chips) 
Seat 4: Vetalpk ($8.78 in chips) 
Seat 5: MaxiPro91 ($15.51 in chips) 
Seat 6: HubertusB ($11.06 in chips) 
Drogentester: posts small blind $0.05
adamvilla86: posts big blind $0.10
*** HOLE CARDS ***
Dealt to HubertusB [6c Jh]
Vetalpk: folds 
MaxiPro91: folds 
HubertusB: folds 
AccacuH: folds 
Drogentester: calls $0.05
adamvilla86: checks 
*** FLOP *** [Td Ah 6d]
Drogentester: bets $0.10
adamvilla86: folds 
Uncalled bet ($0.10) returned to Drogentester
Drogentester collected $0.19 from pot
Drogentester: doesn't show hand 
*** SUMMARY ***
Total pot $0.20 | Rake $0.01 
Board [Td Ah 6d]
Seat 1: AccacuH (button) folded before Flop (didn't bet)
Seat 2: Drogentester (small blind) collected ($0.19)
Seat 3: adamvilla86 (big blind) folded on the Flop
Seat 4: Vetalpk folded before Flop (didn't bet)
Seat 5: MaxiPro91 folded before Flop (didn't bet)
Seat 6: HubertusB folded before Flop (didn't bet)



PokerStars Zoom Hand #185776791729:  Hold'em No Limit ($0.05/$0.10) - 2018/04/29 0:45:42 CCT [2018/04/28 12:45:42 ET]
Table 'Aludra' 6-max Seat #1 is the button
Seat 1: AmazingIKnow ($24.91 in chips) 
Seat 2: pauloprcds ($11.05 in chips) 
Seat 3: HubertusB ($11.06 in chips) 
Seat 4: saleriver ($11.88 in chips) 
Seat 5: Manon4ik ($10 in chips) 
Seat 6: AccacuH ($11.94 in chips) 
pauloprcds: posts small blind $0.05
HubertusB: posts big blind $0.10
*** HOLE CARDS ***
Dealt to HubertusB [Qs 6s]
saleriver: folds 
Manon4ik: raises $0.20 to $0.30
AccacuH: folds 
AmazingIKnow: folds 
pauloprcds: folds 
HubertusB: folds 
Uncalled bet ($0.20) returned to Manon4ik
Manon4ik collected $0.25 from pot
Manon4ik: doesn't show hand 
*** SUMMARY ***
Total pot $0.25 | Rake $0 
Seat 1: AmazingIKnow (button) folded before Flop (didn't bet)
Seat 2: pauloprcds (small blind) folded before Flop
Seat 3: HubertusB (big blind) folded before Flop
Seat 4: saleriver folded before Flop (didn't bet)
Seat 5: Manon4ik collected ($0.25)
Seat 6: AccacuH folded before Flop (didn't bet)



PokerStars Zoom Hand #185776802742:  Hold'em No Limit ($0.05/$0.10) - 2018/04/29 0:46:00 CCT [2018/04/28 12:46:00 ET]
Table 'Aludra' 6-max Seat #1 is the button
Seat 1: Beny 1991317 ($13.51 in chips) 
Seat 2: MackMoney81 ($10.05 in chips) 
Seat 3: c-bober ($10.11 in chips) 
Seat 4: grgrgrgr ($29.30 in chips) 
Seat 5: HubertusB ($10.96 in chips) 
Seat 6: tigger777115 ($10.15 in chips) 
MackMoney81: posts small blind $0.05
c-bober: posts big blind $0.10
*** HOLE CARDS ***
Dealt to HubertusB [2d Qd]
grgrgrgr: folds 
HubertusB: folds 
tigger777115: folds 
Beny 1991317: folds 
MackMoney81: raises $0.20 to $0.30
c-bober: calls $0.20
*** FLOP *** [Kc 2c Td]
MackMoney81: bets $0.29
c-bober: raises $0.51 to $0.80
MackMoney81: folds 
Uncalled bet ($0.51) returned to c-bober
c-bober collected $1.13 from pot
c-bober: doesn't show hand 
*** SUMMARY ***
Total pot $1.18 | Rake $0.05 
Board [Kc 2c Td]
Seat 1: Beny 1991317 (button) folded before Flop (didn't bet)
Seat 2: MackMoney81 (small blind) folded on the Flop
Seat 3: c-bober (big blind) collected ($1.13)
Seat 4: grgrgrgr folded before Flop (didn't bet)
Seat 5: HubertusB folded before Flop (didn't bet)
Seat 6: tigger777115 folded before Flop (didn't bet)



PokerStars Zoom Hand #185776785084:  Hold'em No Limit ($0.05/$0.10) - 2018/04/29 0:45:31 CCT [2018/04/28 12:45:31 ET]
Table 'Aludra' 6-max Seat #1 is the button
Seat 1: bercut_24 ($5.46 in chips) 
Seat 2: markas1996 ($17.37 in chips) 
Seat 3: Mr Jodan ($11.39 in chips) 
Seat 4: HubertusB ($11.06 in chips) 
Seat 5: Bloodlust28 ($14.49 in chips) 
Seat 6: Cpartan12 ($10.74 in chips) 
markas1996: posts small blind $0.05
Mr Jodan: posts big blind $0.10
*** HOLE CARDS ***
Dealt to HubertusB [3c Tc]
HubertusB: folds 
Bloodlust28: folds 
Cpartan12: folds 
bercut_24: calls $0.10
markas1996: calls $0.05
Mr Jodan: checks 
*** FLOP *** [8s Qs Qd]
markas1996: checks 
Mr Jodan: checks 
bercut_24: checks 
*** TURN *** [8s Qs Qd] [Qh]
markas1996: checks 
Mr Jodan: checks 
bercut_24: checks 
*** RIVER *** [8s Qs Qd Qh] [5c]
markas1996: checks 
Mr Jodan: checks 
bercut_24: bets $0.10
markas1996: folds 
Mr Jodan: folds 
Uncalled bet ($0.10) returned to bercut_24
bercut_24 collected $0.29 from pot
bercut_24: doesn't show hand 
*** SUMMARY ***
Total pot $0.30 | Rake $0.01 
Board [8s Qs Qd Qh 5c]
Seat 1: bercut_24 (button) collected ($0.29)
Seat 2: markas1996 (small blind) folded on the River
Seat 3: Mr Jodan (big blind) folded on the River
Seat 4: HubertusB folded before Flop (didn't bet)
Seat 5: Bloodlust28 folded before Flop (didn't bet)
Seat 6: Cpartan12 folded before Flop (didn't bet)



PokerStars Zoom Hand #185776806441:  Hold'em No Limit ($0.05/$0.10) - 2018/04/29 0:46:06 CCT [2018/04/28 12:46:06 ET]
Table 'Aludra' 6-max Seat #1 is the button
Seat 1: JackNewsp ($5.13 in chips) 
Seat 2: HubertusB ($10.96 in chips) 
Seat 3: Dcaro31 ($12.18 in chips) 
Seat 4: GFL-23 ($13.16 in chips) 
Seat 5: lapet59 ($0.62 in chips) 
Seat 6: German2912 ($11.87 in chips) 
HubertusB: posts small blind $0.05
Dcaro31: posts big blind $0.10
*** HOLE CARDS ***
Dealt to HubertusB [Ad 2s]
GFL-23: raises $0.18 to $0.28
lapet59: raises $0.34 to $0.62 and is all-in
German2912: folds 
JackNewsp: folds 
HubertusB: folds 
Dcaro31: folds 
GFL-23: calls $0.34
*** FLOP *** [4c 4d Js]
*** TURN *** [4c 4d Js] [Kd]
*** RIVER *** [4c 4d Js Kd] [8c]
*** SHOW DOWN ***
GFL-23: shows [Th Tc] (two pair, Tens and Fours)
lapet59: shows [As Qh] (a pair of Fours)
GFL-23 collected $1.33 from pot
*** SUMMARY ***
Total pot $1.39 | Rake $0.06 
Board [4c 4d Js Kd 8c]
Seat 1: JackNewsp (button) folded before Flop (didn't bet)
Seat 2: HubertusB (small blind) folded before Flop
Seat 3: Dcaro31 (big blind) folded before Flop
Seat 4: GFL-23 showed [Th Tc] and won ($1.33) with two pair, Tens and Fours
Seat 5: lapet59 showed [As Qh] and lost with a pair of Fours
Seat 6: German2912 folded before Flop (didn't bet)



PokerStars Zoom Hand #185776810284:  Hold'em No Limit ($0.05/$0.10) - 2018/04/29 0:46:12 CCT [2018/04/28 12:46:12 ET]
Table 'Aludra' 6-max Seat #1 is the button
Seat 1: RedBorAlex ($26.79 in chips) 
Seat 2: Zormegun ($11.85 in chips) 
Seat 3: JackNewsp ($5.13 in chips) 
Seat 4: Bloodlust28 ($14.49 in chips) 
Seat 5: HubertusB ($10.91 in chips) 
Seat 6: tasty25 ($12.04 in chips) 
Zormegun: posts small blind $0.05
JackNewsp: posts big blind $0.10
*** HOLE CARDS ***
Dealt to HubertusB [Ah Js]
Bloodlust28: folds 
HubertusB: raises $0.10 to $0.20
tasty25: folds 
RedBorAlex: folds 
Zormegun: folds 
JackNewsp: folds 
Uncalled bet ($0.10) returned to HubertusB
HubertusB collected $0.25 from pot
HubertusB: doesn't show hand 
*** SUMMARY ***
Total pot $0.25 | Rake $0 
Seat 1: RedBorAlex (button) folded before Flop (didn't bet)
Seat 2: Zormegun (small blind) folded before Flop
Seat 3: JackNewsp (big blind) folded before Flop
Seat 4: Bloodlust28 folded before Flop (didn't bet)
Seat 5: HubertusB collected ($0.25)
Seat 6: tasty25 folded before Flop (didn't bet)



PokerStars Zoom Hand #185776821812:  Hold'em No Limit ($0.05/$0.10) - 2018/04/29 0:46:31 CCT [2018/04/28 12:46:31 ET]
Table 'Aludra' 6-max Seat #1 is the button
Seat 1: HubertusB ($11.06 in chips) 
Seat 2: PhineasPS ($10.05 in chips) 
Seat 3: entropAlly ($13.76 in chips) 
Seat 4: CameliaLCG ($8.35 in chips) 
Seat 5: Rude8oy9 ($13.96 in chips) 
Seat 6: th.hobbes21 ($5.03 in chips) 
PhineasPS: posts small blind $0.05
entropAlly: posts big blind $0.10
*** HOLE CARDS ***
Dealt to HubertusB [Kd Kh]
CameliaLCG: folds 
Rude8oy9: raises $0.20 to $0.30
th.hobbes21: folds 
HubertusB: raises $0.60 to $0.90
PhineasPS: folds 
entropAlly: folds 
Rude8oy9: folds 
Uncalled bet ($0.60) returned to HubertusB
HubertusB collected $0.75 from pot
HubertusB: doesn't show hand 
*** SUMMARY ***
Total pot $0.75 | Rake $0 
Seat 1: HubertusB (button) collected ($0.75)
Seat 2: PhineasPS (small blind) folded before Flop
Seat 3: entropAlly (big blind) folded before Flop
Seat 4: CameliaLCG folded before Flop (didn't bet)
Seat 5: Rude8oy9 folded before Flop
Seat 6: th.hobbes21 folded before Flop (didn't bet)



PokerStars Zoom Hand #185776798445:  Hold'em No Limit ($0.05/$0.10) - 2018/04/29 0:45:53 CCT [2018/04/28 12:45:53 ET]
Table 'Aludra' 6-max Seat #1 is the button
Seat 1: MackMoney81 ($10.05 in chips) 
Seat 2: baravses ($11.61 in chips) 
Seat 3: Zormegun ($12.83 in chips) 
Seat 4: HubertusB ($10.96 in chips) 
Seat 5: crazyneverdie ($10.92 in chips) 
Seat 6: Hekanekoff ($12.23 in chips) 
baravses: posts small blind $0.05
Zormegun: posts big blind $0.10
*** HOLE CARDS ***
Dealt to HubertusB [2d 8h]
HubertusB: folds 
crazyneverdie: raises $0.20 to $0.30
Hekanekoff: folds 
MackMoney81: folds 
baravses: calls $0.25
Zormegun: folds 
*** FLOP *** [2h 4d 5d]
baravses: checks 
crazyneverdie: bets $0.22
baravses: calls $0.22
*** TURN *** [2h 4d 5d] [Jh]
baravses: checks 
crazyneverdie: checks 
*** RIVER *** [2h 4d 5d Jh] [7d]
baravses: bets $1
crazyneverdie: folds 
Uncalled bet ($1) returned to baravses
baravses collected $1.09 from pot
baravses: doesn't show hand 
*** SUMMARY ***
Total pot $1.14 | Rake $0.05 
Board [2h 4d 5d Jh 7d]
Seat 1: MackMoney81 (button) folded before Flop (didn't bet)
Seat 2: baravses (small blind) collected ($1.09)
Seat 3: Zormegun (big blind) folded before Flop
Seat 4: HubertusB folded before Flop (didn't bet)
Seat 5: crazyneverdie folded on the River
Seat 6: Hekanekoff folded before Flop (didn't bet)



PokerStars Zoom Hand #185776836452:  Hold'em No Limit ($0.05/$0.10) - 2018/04/29 0:46:55 CCT [2018/04/28 12:46:55 ET]
Table 'Aludra' 6-max Seat #1 is the button
Seat 1: DORIAN500 ($4.70 in chips) 
Seat 2: mario132000 ($14.94 in chips) 
Seat 3: danuth ($4.09 in chips) 
Seat 4: HubertusB ($11.51 in chips) 
Seat 5: aiyatiltz ($38.52 in chips) 
Seat 6: Cpartan12 ($10.48 in chips) 
mario132000: posts small blind $0.05
danuth: posts big blind $0.10
*** HOLE CARDS ***
Dealt to HubertusB [6h 5c]
HubertusB: folds 
aiyatiltz: folds 
Cpartan12: folds 
DORIAN500: folds 
mario132000: folds 
Uncalled bet ($0.05) returned to danuth
danuth collected $0.10 from pot
danuth: doesn't show hand 
*** SUMMARY ***
Total pot $0.10 | Rake $0 
Seat 1: DORIAN500 (button) folded before Flop (didn't bet)
Seat 2: mario132000 (small blind) folded before Flop
Seat 3: danuth (big blind) collected ($0.10)
Seat 4: HubertusB folded before Flop (didn't bet)
Seat 5: aiyatiltz folded before Flop (didn't bet)
Seat 6: Cpartan12 folded before Flop (didn't bet)



PokerStars Zoom Hand #185776843686:  Hold'em No Limit ($0.05/$0.10) - 2018/04/29 0:47:07 CCT [2018/04/28 12:47:07 ET]
Table 'Aludra' 6-max Seat #1 is the button
Seat 1: Bari7 ($10.65 in chips) 
Seat 2: jOHANzUP ($6.81 in chips) 
Seat 3: HubertusB ($11.46 in chips) 
Seat 4: oky0416 ($15.62 in chips) 
Seat 5: Graaggedaan ($10.23 in chips) 
Seat 6: Montecristo92 ($10.77 in chips) 
jOHANzUP: posts small blind $0.05
HubertusB: posts big blind $0.10
*** HOLE CARDS ***
Dealt to HubertusB [Qc 9c]
oky0416: folds 
Graaggedaan: folds 
Montecristo92: folds 
Bari7: folds 
jOHANzUP: folds 
Uncalled bet ($0.05) returned to HubertusB
HubertusB collected $0.10 from pot
HubertusB: doesn't show hand 
*** SUMMARY ***
Total pot $0.10 | Rake $0 
Seat 1: Bari7 (button) folded before Flop (didn't bet)
Seat 2: jOHANzUP (small blind) folded before Flop
Seat 3: HubertusB (big blind) collected ($0.10)
Seat 4: oky0416 folded before Flop (didn't bet)
Seat 5: Graaggedaan folded before Flop (didn't bet)
Seat 6: Montecristo92 folded before Flop (didn't bet)



PokerStars Zoom Hand #185776855353:  Hold'em No Limit ($0.05/$0.10) - 2018/04/29 0:47:26 CCT [2018/04/28 12:47:26 ET]
Table 'Aludra' 6-max Seat #1 is the button
Seat 1: r.grozev ($4.93 in chips) 
Seat 2: shchukinde ($4.57 in chips) 
Seat 3: LuckyBBastar ($10.82 in chips) 
Seat 4: darkowa ($20.47 in chips) 
Seat 5: 778955 ($62.59 in chips) 
Seat 6: HubertusB ($11.51 in chips) 
shchukinde: posts small blind $0.05
LuckyBBastar: posts big blind $0.10
*** HOLE CARDS ***
Dealt to HubertusB [7c 2c]
darkowa: raises $0.17 to $0.27
778955: folds 
HubertusB: folds 
r.grozev: folds 
shchukinde: folds 
LuckyBBastar: folds 
Uncalled bet ($0.17) returned to darkowa
darkowa collected $0.25 from pot
darkowa: doesn't show hand 
*** SUMMARY ***
Total pot $0.25 | Rake $0 
Seat 1: r.grozev (button) folded before Flop (didn't bet)
Seat 2: shchukinde (small blind) folded before Flop
Seat 3: LuckyBBastar (big blind) folded before Flop
Seat 4: darkowa collected ($0.25)
Seat 5: 778955 folded before Flop (didn't bet)
Seat 6: HubertusB folded before Flop (didn't bet)



PokerStars Zoom Hand #185776859683:  Hold'em No Limit ($0.05/$0.10) - 2018/04/29 0:47:33 CCT [2018/04/28 12:47:33 ET]
Table 'Aludra' 6-max Seat #1 is the button
Seat 1: tigger777115 ($12.71 in chips) 
Seat 2: HubertusB ($11.51 in chips) 
Seat 3: chzsteak17 ($10.87 in chips) 
Seat 4: antey89 ($12.27 in chips) 
Seat 5: JackNewsp ($14.57 in chips) 
Seat 6: MackMoney81 ($8.36 in chips) 
HubertusB: posts small blind $0.05
chzsteak17: posts big blind $0.10
*** HOLE CARDS ***
Dealt to HubertusB [Jh 2h]
antey89: folds 
JackNewsp: folds 
MackMoney81: folds 
tigger777115: folds 
HubertusB: raises $0.10 to $0.20
chzsteak17: folds 
Uncalled bet ($0.10) returned to HubertusB
HubertusB collected $0.20 from pot
HubertusB: doesn't show hand 
*** SUMMARY ***
Total pot $0.20 | Rake $0 
Seat 1: tigger777115 (button) folded before Flop (didn't bet)
Seat 2: HubertusB (small blind) collected ($0.20)
Seat 3: chzsteak17 (big blind) folded before Flop
Seat 4: antey89 folded before Flop (didn't bet)
Seat 5: JackNewsp folded before Flop (didn't bet)
Seat 6: MackMoney81 folded before Flop (didn't bet)



PokerStars Zoom Hand #185776840079:  Hold'em No Limit ($0.05/$0.10) - 2018/04/29 0:47:01 CCT [2018/04/28 12:47:01 ET]
Table 'Aludra' 6-max Seat #1 is the button
Seat 1: Simenchu ($10 in chips) 
Seat 2: HubertusB ($11.51 in chips) 
Seat 3: Hohlikk ($13.57 in chips) 
Seat 4: darkowa ($12.41 in chips) 
Seat 5: Bari7 ($10.65 in chips) 
Seat 6: 2Eagles7 ($7.79 in chips) 
HubertusB: posts small blind $0.05
Hohlikk: posts big blind $0.10
*** HOLE CARDS ***
Dealt to HubertusB [Td 2s]
darkowa: folds 
Bari7: folds 
2Eagles7: calls $0.10
Simenchu: folds 
HubertusB: folds 
Hohlikk: checks 
*** FLOP *** [7s 8h 6c]
Hohlikk: bets $0.10
2Eagles7: calls $0.10
*** TURN *** [7s 8h 6c] [Kc]
Hohlikk: bets $0.31
2Eagles7: calls $0.31
*** RIVER *** [7s 8h 6c Kc] [6h]
Hohlikk: bets $0.72
2Eagles7: folds 
Uncalled bet ($0.72) returned to Hohlikk
Hohlikk collected $1.02 from pot
Hohlikk: doesn't show hand 
*** SUMMARY ***
Total pot $1.07 | Rake $0.05 
Board [7s 8h 6c Kc 6h]
Seat 1: Simenchu (button) folded before Flop (didn't bet)
Seat 2: HubertusB (small blind) folded before Flop
Seat 3: Hohlikk (big blind) collected ($1.02)
Seat 4: darkowa folded before Flop (didn't bet)
Seat 5: Bari7 folded before Flop (didn't bet)
Seat 6: 2Eagles7 folded on the River



PokerStars Zoom Hand #185776868238:  Hold'em No Limit ($0.05/$0.10) - 2018/04/29 0:47:47 CCT [2018/04/28 12:47:47 ET]
Table 'Aludra' 6-max Seat #1 is the button
Seat 1: gurragnu ($11.33 in chips) 
Seat 2: aris52111 ($12.22 in chips) 
Seat 3: JIuMuHTa ($19.33 in chips) 
Seat 4: LuckyBBastar ($10.67 in chips) 
Seat 5: ASSist7 ($9.70 in chips) 
Seat 6: HubertusB ($11.61 in chips) 
aris52111: posts small blind $0.05
JIuMuHTa: posts big blind $0.10
*** HOLE CARDS ***
Dealt to HubertusB [4h 8h]
LuckyBBastar: raises $0.18 to $0.28
ASSist7: folds 
HubertusB: folds 
gurragnu: folds 
aris52111: folds 
JIuMuHTa: folds 
Uncalled bet ($0.18) returned to LuckyBBastar
LuckyBBastar collected $0.25 from pot
LuckyBBastar: doesn't show hand 
*** SUMMARY ***
Total pot $0.25 | Rake $0 
Seat 1: gurragnu (button) folded before Flop (didn't bet)
Seat 2: aris52111 (small blind) folded before Flop
Seat 3: JIuMuHTa (big blind) folded before Flop
Seat 4: LuckyBBastar collected ($0.25)
Seat 5: ASSist7 folded before Flop (didn't bet)
Seat 6: HubertusB folded before Flop (didn't bet)



PokerStars Zoom Hand #185776872542:  Hold'em No Limit ($0.05/$0.10) - 2018/04/29 0:47:54 CCT [2018/04/28 12:47:54 ET]
Table 'Aludra' 6-max Seat #1 is the button
Seat 1: HubertusB ($11.61 in chips) 
Seat 2: ExtremE572 ($12.41 in chips) 
Seat 3: Kesha-lot ($5 in chips) 
Seat 4: Manon4ik ($10.15 in chips) 
Seat 5: highlandparking ($12.37 in chips) 
Seat 6: markas1996 ($10.91 in chips) 
ExtremE572: posts small blind $0.05
Kesha-lot: posts big blind $0.10
*** HOLE CARDS ***
Dealt to HubertusB [8h 9c]
Manon4ik: folds 
highlandparking: folds 
markas1996: folds 
HubertusB: raises $0.10 to $0.20
ExtremE572: folds 
Kesha-lot: calls $0.10
*** FLOP *** [8d Kc Jh]
Kesha-lot: checks 
HubertusB: bets $0.30
Kesha-lot: calls $0.30
*** TURN *** [8d Kc Jh] [2c]
Kesha-lot: checks 
HubertusB: checks 
*** RIVER *** [8d Kc Jh 2c] [Jd]
Kesha-lot: bets $0.80
HubertusB: folds 
Uncalled bet ($0.80) returned to Kesha-lot
Kesha-lot collected $1 from pot
Kesha-lot: doesn't show hand 
*** SUMMARY ***
Total pot $1.05 | Rake $0.05 
Board [8d Kc Jh 2c Jd]
Seat 1: HubertusB (button) folded on the River
Seat 2: ExtremE572 (small blind) folded before Flop
Seat 3: Kesha-lot (big blind) collected ($1)
Seat 4: Manon4ik folded before Flop (didn't bet)
Seat 5: highlandparking folded before Flop (didn't bet)
Seat 6: markas1996 folded before Flop (didn't bet)



PokerStars Zoom Hand #185776898573:  Hold'em No Limit ($0.05/$0.10) - 2018/04/29 0:48:37 CCT [2018/04/28 12:48:37 ET]
Table 'Aludra' 6-max Seat #1 is the button
Seat 1: johnsky5 ($11.35 in chips) 
Seat 2: Hun Sun Ling ($9.90 in chips) 
Seat 3: L.Lucete ($11.20 in chips) 
Seat 4: Immortar ($7.05 in chips) 
Seat 5: HubertusB ($11.11 in chips) 
Seat 6: shooter0619 ($18.07 in chips) 
Hun Sun Ling: posts small blind $0.05
L.Lucete: posts big blind $0.10
*** HOLE CARDS ***
Dealt to HubertusB [Ad 6c]
Immortar: folds 
HubertusB: folds 
shooter0619: raises $0.15 to $0.25
johnsky5: folds 
Hun Sun Ling: folds 
L.Lucete: folds 
Uncalled bet ($0.15) returned to shooter0619
shooter0619 collected $0.25 from pot
shooter0619: doesn't show hand 
*** SUMMARY ***
Total pot $0.25 | Rake $0 
Seat 1: johnsky5 (button) folded before Flop (didn't bet)
Seat 2: Hun Sun Ling (small blind) folded before Flop
Seat 3: L.Lucete (big blind) folded before Flop
Seat 4: Immortar folded before Flop (didn't bet)
Seat 5: HubertusB folded before Flop (didn't bet)
Seat 6: shooter0619 collected ($0.25)



PokerStars Zoom Hand #185776902246:  Hold'em No Limit ($0.05/$0.10) - 2018/04/29 0:48:43 CCT [2018/04/28 12:48:43 ET]
Table 'Aludra' 6-max Seat #1 is the button
Seat 1: hcpalli ($15.01 in chips) 
Seat 2: saleriver ($12.47 in chips) 
Seat 3: HubertusB ($11.11 in chips) 
Seat 4: shenyiyang88 ($11.06 in chips) 
Seat 5: th.hobbes21 ($6.37 in chips) 
Seat 6: rottermont26T ($14.52 in chips) 
saleriver: posts small blind $0.05
HubertusB: posts big blind $0.10
*** HOLE CARDS ***
Dealt to HubertusB [4s Ad]
shenyiyang88: folds 
th.hobbes21: raises $0.20 to $0.30
rottermont26T: folds 
hcpalli: folds 
saleriver: folds 
HubertusB: folds 
Uncalled bet ($0.20) returned to th.hobbes21
th.hobbes21 collected $0.25 from pot
th.hobbes21: doesn't show hand 
*** SUMMARY ***
Total pot $0.25 | Rake $0 
Seat 1: hcpalli (button) folded before Flop (didn't bet)
Seat 2: saleriver (small blind) folded before Flop
Seat 3: HubertusB (big blind) folded before Flop
Seat 4: shenyiyang88 folded before Flop (didn't bet)
Seat 5: th.hobbes21 collected ($0.25)
Seat 6: rottermont26T folded before Flop (didn't bet)



PokerStars Zoom Hand #185776913729:  Hold'em No Limit ($0.05/$0.10) - 2018/04/29 0:49:02 CCT [2018/04/28 12:49:02 ET]
Table 'Aludra' 6-max Seat #1 is the button
Seat 1: HubertusB ($11.01 in chips) 
Seat 2: adisori ($6.97 in chips) 
Seat 3: npuBeT_n0Ka ($20.29 in chips) 
Seat 4: Tinbasher414 ($14.77 in chips) 
Seat 5: Ansa-schme04 ($10 in chips) 
Seat 6: Cpartan12 ($10 in chips) 
adisori: posts small blind $0.05
npuBeT_n0Ka: posts big blind $0.10
*** HOLE CARDS ***
Dealt to HubertusB [8c Td]
Tinbasher414: folds 
Ansa-schme04: folds 
Cpartan12: folds 
HubertusB: folds 
adisori: calls $0.05
npuBeT_n0Ka: checks 
*** FLOP *** [3s 6h Qh]
adisori: bets $0.10
npuBeT_n0Ka: folds 
Uncalled bet ($0.10) returned to adisori
adisori collected $0.19 from pot
adisori: doesn't show hand 
*** SUMMARY ***
Total pot $0.20 | Rake $0.01 
Board [3s 6h Qh]
Seat 1: HubertusB (button) folded before Flop (didn't bet)
Seat 2: adisori (small blind) collected ($0.19)
Seat 3: npuBeT_n0Ka (big blind) folded on the Flop
Seat 4: Tinbasher414 folded before Flop (didn't bet)
Seat 5: Ansa-schme04 folded before Flop (didn't bet)
Seat 6: Cpartan12 folded before Flop (didn't bet)



PokerStars Zoom Hand #185776923344:  Hold'em No Limit ($0.05/$0.10) - 2018/04/29 0:49:14 CCT [2018/04/28 12:49:14 ET]
Table 'Aludra' 6-max Seat #1 is the button
Seat 1: Barnas.V. ($10.36 in chips) 
Seat 2: HubertusB ($11.01 in chips) 
Seat 3: Simenchu ($14.08 in chips) 
Seat 4: weh_chris ($14.59 in chips) 
Seat 5: cappss ($11.19 in chips) 
Seat 6: JIuMuHTa ($10 in chips) 
HubertusB: posts small blind $0.05
Simenchu: posts big blind $0.10
*** HOLE CARDS ***
Dealt to HubertusB [9c 2d]
weh_chris: folds 
cappss: folds 
JIuMuHTa: folds 
Barnas.V.: folds 
HubertusB: folds 
Uncalled bet ($0.05) returned to Simenchu
Simenchu collected $0.10 from pot
Simenchu: doesn't show hand 
*** SUMMARY ***
Total pot $0.10 | Rake $0 
Seat 1: Barnas.V. (button) folded before Flop (didn't bet)
Seat 2: HubertusB (small blind) folded before Flop
Seat 3: Simenchu (big blind) collected ($0.10)
Seat 4: weh_chris folded before Flop (didn't bet)
Seat 5: cappss folded before Flop (didn't bet)
Seat 6: JIuMuHTa folded before Flop (didn't bet)



PokerStars Zoom Hand #185776927025:  Hold'em No Limit ($0.05/$0.10) - 2018/04/29 0:49:20 CCT [2018/04/28 12:49:20 ET]
Table 'Aludra' 6-max Seat #1 is the button
Seat 1: chzsteak17 ($10 in chips) 
Seat 2: tasty25 ($11.34 in chips) 
Seat 3: HubertusB ($10.96 in chips) 
Seat 4: Noah Ullman ($10.34 in chips) 
Seat 5: anfisegorova ($23.48 in chips) 
Seat 6: kawase1 ($16 in chips) 
tasty25: posts small blind $0.05
HubertusB: posts big blind $0.10
*** HOLE CARDS ***
Dealt to HubertusB [3h 4d]
Noah Ullman: folds 
anfisegorova: folds 
kawase1: folds 
chzsteak17: folds 
tasty25: folds 
Uncalled bet ($0.05) returned to HubertusB
HubertusB collected $0.10 from pot
HubertusB: doesn't show hand 
*** SUMMARY ***
Total pot $0.10 | Rake $0 
Seat 1: chzsteak17 (button) folded before Flop (didn't bet)
Seat 2: tasty25 (small blind) folded before Flop
Seat 3: HubertusB (big blind) collected ($0.10)
Seat 4: Noah Ullman folded before Flop (didn't bet)
Seat 5: anfisegorova folded before Flop (didn't bet)
Seat 6: kawase1 folded before Flop (didn't bet)



PokerStars Zoom Hand #185776910036:  Hold'em No Limit ($0.05/$0.10) - 2018/04/29 0:48:56 CCT [2018/04/28 12:48:56 ET]
Table 'Aludra' 6-max Seat #1 is the button
Seat 1: lucktilt ($13.88 in chips) 
Seat 2: MJTT1 ($12.82 in chips) 
Seat 3: Rude8oy9 ($21.41 in chips) 
Seat 4: Feel my ace ($13.28 in chips) 
Seat 5: HubertusB ($11.01 in chips) 
Seat 6: kytmagic ($18.02 in chips) 
MJTT1: posts small blind $0.05
Rude8oy9: posts big blind $0.10
*** HOLE CARDS ***
Dealt to HubertusB [Qh 9s]
Feel my ace: folds 
HubertusB: folds 
kytmagic: folds 
lucktilt: raises $0.15 to $0.25
MJTT1: folds 
Rude8oy9: calls $0.15
*** FLOP *** [3c Kd Qc]
Rude8oy9: checks 
lucktilt: bets $0.40
Rude8oy9: calls $0.40
*** TURN *** [3c Kd Qc] [Jd]
Rude8oy9: checks 
lucktilt: bets $1.03
Rude8oy9: raises $2.17 to $3.20
lucktilt: folds 
Uncalled bet ($2.17) returned to Rude8oy9
Rude8oy9 collected $3.26 from pot
Rude8oy9: doesn't show hand 
*** SUMMARY ***
Total pot $3.41 | Rake $0.15 
Board [3c Kd Qc Jd]
Seat 1: lucktilt (button) folded on the Turn
Seat 2: MJTT1 (small blind) folded before Flop
Seat 3: Rude8oy9 (big blind) collected ($3.26)
Seat 4: Feel my ace folded before Flop (didn't bet)
Seat 5: HubertusB folded before Flop (didn't bet)
Seat 6: kytmagic folded before Flop (didn't bet)



PokerStars Zoom Hand #185776917401:  Hold'em No Limit ($0.05/$0.10) - 2018/04/29 0:49:08 CCT [2018/04/28 12:49:08 ET]
Table 'Aludra' 6-max Seat #1 is the button
Seat 1: grgrgrgr ($14.24 in chips) 
Seat 2: r.grozev ($5.25 in chips) 
Seat 3: wangjialong ($22.92 in chips) 
Seat 4: HubertusB ($11.01 in chips) 
Seat 5: oky0416 ($9.93 in chips) 
Seat 6: Daaaywalker ($11.05 in chips) 
r.grozev: posts small blind $0.05
wangjialong: posts big blind $0.10
*** HOLE CARDS ***
Dealt to HubertusB [7h Kd]
HubertusB: folds 
oky0416: raises $0.20 to $0.30
Daaaywalker: calls $0.30
grgrgrgr: folds 
r.grozev: calls $0.25
wangjialong: calls $0.20
*** FLOP *** [8d 8c Qd]
r.grozev: checks 
wangjialong: checks 
oky0416: bets $0.58
Daaaywalker: folds 
r.grozev: folds 
wangjialong: folds 
Uncalled bet ($0.58) returned to oky0416
oky0416 collected $1.15 from pot
oky0416: doesn't show hand 
*** SUMMARY ***
Total pot $1.20 | Rake $0.05 
Board [8d 8c Qd]
Seat 1: grgrgrgr (button) folded before Flop (didn't bet)
Seat 2: r.grozev (small blind) folded on the Flop
Seat 3: wangjialong (big blind) folded on the Flop
Seat 4: HubertusB folded before Flop (didn't bet)
Seat 5: oky0416 collected ($1.15)
Seat 6: Daaaywalker folded on the Flop



PokerStars Zoom Hand #185776932413:  Hold'em No Limit ($0.05/$0.10) - 2018/04/29 0:49:29 CCT [2018/04/28 12:49:29 ET]
Table 'Aludra' 6-max Seat #1 is the button
Seat 1: spIeeNy ($10 in chips) 
Seat 2: Dcaro31 ($13 in chips) 
Seat 3: aleks-jnr ($11.11 in chips) 
Seat 4: Valeron-TL ($19.54 in chips) 
Seat 5: Din You ($5.94 in chips) 
Seat 6: HubertusB ($11.01 in chips) 
Dcaro31: posts small blind $0.05
aleks-jnr: posts big blind $0.10
*** HOLE CARDS ***
Dealt to HubertusB [7s 4s]
Valeron-TL: folds 
Din You: raises $0.25 to $0.35
HubertusB: folds 
spIeeNy: calls $0.35
Dcaro31: folds 
aleks-jnr: folds 
*** FLOP *** [5d 4d Jh]
Din You: bets $0.30
spIeeNy: calls $0.30
*** TURN *** [5d 4d Jh] [5c]
Din You: bets $0.30
spIeeNy: calls $0.30
*** RIVER *** [5d 4d Jh 5c] [8c]
Din You: bets $0.30
spIeeNy: calls $0.30
*** SHOW DOWN ***
Din You: shows [6h 6d] (two pair, Sixes and Fives)
spIeeNy: shows [9s 9h] (two pair, Nines and Fives)
spIeeNy collected $2.53 from pot
*** SUMMARY ***
Total pot $2.65 | Rake $0.12 
Board [5d 4d Jh 5c 8c]
Seat 1: spIeeNy (button) showed [9s 9h] and won ($2.53) with two pair, Nines and Fives
Seat 2: Dcaro31 (small blind) folded before Flop
Seat 3: aleks-jnr (big blind) folded before Flop
Seat 4: Valeron-TL folded before Flop (didn't bet)
Seat 5: Din You showed [6h 6d] and lost with two pair, Sixes and Fives
Seat 6: HubertusB folded before Flop (didn't bet)



PokerStars Zoom Hand #185776943466:  Hold'em No Limit ($0.05/$0.10) - 2018/04/29 0:49:47 CCT [2018/04/28 12:49:47 ET]
Table 'Aludra' 6-max Seat #1 is the button
Seat 1: HubertusB ($11.01 in chips) 
Seat 2: darkowa ($19.50 in chips) 
Seat 3: tania_Foxy ($16.06 in chips) 
Seat 4: ASSist7 ($7.33 in chips) 
Seat 5: DanceHappens ($3.48 in chips) 
Seat 6: ayado23 ($11.69 in chips) 
darkowa: posts small blind $0.05
tania_Foxy: posts big blind $0.10
*** HOLE CARDS ***
Dealt to HubertusB [4c 2s]
ASSist7: folds 
DanceHappens: folds 
ayado23: folds 
HubertusB: folds 
darkowa: raises $0.23 to $0.33
tania_Foxy: folds 
Uncalled bet ($0.23) returned to darkowa
darkowa collected $0.20 from pot
darkowa: doesn't show hand 
*** SUMMARY ***
Total pot $0.20 | Rake $0 
Seat 1: HubertusB (button) folded before Flop (didn't bet)
Seat 2: darkowa (small blind) collected ($0.20)
Seat 3: tania_Foxy (big blind) folded before Flop
Seat 4: ASSist7 folded before Flop (didn't bet)
Seat 5: DanceHappens folded before Flop (didn't bet)
Seat 6: ayado23 folded before Flop (didn't bet)



PokerStars Zoom Hand #185776947091:  Hold'em No Limit ($0.05/$0.10) - 2018/04/29 0:49:53 CCT [2018/04/28 12:49:53 ET]
Table 'Aludra' 6-max Seat #1 is the button
Seat 1: kiramur ($4.70 in chips) 
Seat 2: HubertusB ($11.01 in chips) 
Seat 3: xxpoker1111x ($13.05 in chips) 
Seat 4: Hun Sun Ling ($9.92 in chips) 
Seat 5: tigger777115 ($10 in chips) 
Seat 6: markas1996 ($11.42 in chips) 
HubertusB: posts small blind $0.05
xxpoker1111x: posts big blind $0.10
*** HOLE CARDS ***
Dealt to HubertusB [Js 7c]
Hun Sun Ling: folds 
tigger777115: raises $0.20 to $0.30
markas1996: folds 
kiramur: folds 
HubertusB: folds 
xxpoker1111x: folds 
Uncalled bet ($0.20) returned to tigger777115
tigger777115 collected $0.25 from pot
tigger777115: doesn't show hand 
*** SUMMARY ***
Total pot $0.25 | Rake $0 
Seat 1: kiramur (button) folded before Flop (didn't bet)
Seat 2: HubertusB (small blind) folded before Flop
Seat 3: xxpoker1111x (big blind) folded before Flop
Seat 4: Hun Sun Ling folded before Flop (didn't bet)
Seat 5: tigger777115 collected ($0.25)
Seat 6: markas1996 folded before Flop (didn't bet)



PokerStars Zoom Hand #185776956306:  Hold'em No Limit ($0.05/$0.10) - 2018/04/29 0:50:08 CCT [2018/04/28 12:50:08 ET]
Table 'Aludra' 6-max Seat #1 is the button
Seat 1: kensverre ($14.03 in chips) 
Seat 2: entropAlly ($11.65 in chips) 
Seat 3: hancockkas ($18.90 in chips) 
Seat 4: HubertusB ($10.96 in chips) 
Seat 5: Simenchu ($10.54 in chips) 
Seat 6: Latona21 ($4.64 in chips) 
entropAlly: posts small blind $0.05
hancockkas: posts big blind $0.10
*** HOLE CARDS ***
Dealt to HubertusB [2c 3c]
HubertusB: folds 
Simenchu: folds 
Latona21: folds 
kensverre: folds 
entropAlly: folds 
Uncalled bet ($0.05) returned to hancockkas
hancockkas collected $0.10 from pot
hancockkas: doesn't show hand 
*** SUMMARY ***
Total pot $0.10 | Rake $0 
Seat 1: kensverre (button) folded before Flop (didn't bet)
Seat 2: entropAlly (small blind) folded before Flop
Seat 3: hancockkas (big blind) collected ($0.10)
Seat 4: HubertusB folded before Flop (didn't bet)
Seat 5: Simenchu folded before Flop (didn't bet)
Seat 6: Latona21 folded before Flop (didn't bet)



PokerStars Zoom Hand #185776961225:  Hold'em No Limit ($0.05/$0.10) - 2018/04/29 0:50:16 CCT [2018/04/28 12:50:16 ET]
Table 'Aludra' 6-max Seat #1 is the button
Seat 1: Baksdv ($11.61 in chips) 
Seat 2: Berezniki80 ($9.41 in chips) 
Seat 3: AccacuH ($12.56 in chips) 
Seat 4: Kleppe98 ($13.16 in chips) 
Seat 5: GameOverDude44 ($23.33 in chips) 
Seat 6: HubertusB ($10.96 in chips) 
Berezniki80: posts small blind $0.05
AccacuH: posts big blind $0.10
*** HOLE CARDS ***
Dealt to HubertusB [Ah 3d]
Kleppe98: folds 
GameOverDude44: raises $0.15 to $0.25
HubertusB: folds 
Baksdv: folds 
Berezniki80: calls $0.20
AccacuH: folds 
*** FLOP *** [Qh 3c Qc]
Berezniki80: checks 
GameOverDude44: bets $0.45
Berezniki80: folds 
Uncalled bet ($0.45) returned to GameOverDude44
GameOverDude44 collected $0.57 from pot
GameOverDude44: doesn't show hand 
*** SUMMARY ***
Total pot $0.60 | Rake $0.03 
Board [Qh 3c Qc]
Seat 1: Baksdv (button) folded before Flop (didn't bet)
Seat 2: Berezniki80 (small blind) folded on the Flop
Seat 3: AccacuH (big blind) folded before Flop
Seat 4: Kleppe98 folded before Flop (didn't bet)
Seat 5: GameOverDude44 collected ($0.57)
Seat 6: HubertusB folded before Flop (didn't bet)



PokerStars Zoom Hand #185776938494:  Hold'em No Limit ($0.05/$0.10) - 2018/04/29 0:49:39 CCT [2018/04/28 12:49:39 ET]
Table 'Aludra' 6-max Seat #1 is the button
Seat 1: akheilos1 ($14.60 in chips) 
Seat 2: RealN4p ($15.95 in chips) 
Seat 3: viktor_KK ($10.68 in chips) 
Seat 4: HubertusB ($11.01 in chips) 
Seat 5: rottermont26T ($14.72 in chips) 
Seat 6: Rude8oy9 ($22.94 in chips) 
RealN4p: posts small blind $0.05
viktor_KK: posts big blind $0.10
*** HOLE CARDS ***
Dealt to HubertusB [Jc 6h]
HubertusB: folds 
rottermont26T: raises $0.25 to $0.35
Rude8oy9: folds 
akheilos1: calls $0.35
RealN4p: folds 
viktor_KK: folds 
*** FLOP *** [2c 5s 2s]
rottermont26T: checks 
akheilos1: bets $0.40
rottermont26T: calls $0.40
*** TURN *** [2c 5s 2s] [9c]
rottermont26T: checks 
akheilos1: bets $0.90
rottermont26T: calls $0.90
*** RIVER *** [2c 5s 2s 9c] [Td]
rottermont26T: bets $3.29
akheilos1: folds 
Uncalled bet ($3.29) returned to rottermont26T
rottermont26T collected $3.29 from pot
rottermont26T: doesn't show hand 
*** SUMMARY ***
Total pot $3.45 | Rake $0.16 
Board [2c 5s 2s 9c Td]
Seat 1: akheilos1 (button) folded on the River
Seat 2: RealN4p (small blind) folded before Flop
Seat 3: viktor_KK (big blind) folded before Flop
Seat 4: HubertusB folded before Flop (didn't bet)
Seat 5: rottermont26T collected ($3.29)
Seat 6: Rude8oy9 folded before Flop (didn't bet)



PokerStars Zoom Hand #185776965401:  Hold'em No Limit ($0.05/$0.10) - 2018/04/29 0:50:23 CCT [2018/04/28 12:50:23 ET]
Table 'Aludra' 6-max Seat #1 is the button
Seat 1: ashem ($12.74 in chips) 
Seat 2: aleks-jnr ($10.91 in chips) 
Seat 3: HubertusB ($10.96 in chips) 
Seat 4: Hohlikk ($17.39 in chips) 
Seat 5: knlmg ($22.13 in chips) 
Seat 6: I_BROKE_BAD ($21.88 in chips) 
aleks-jnr: posts small blind $0.05
HubertusB: posts big blind $0.10
*** HOLE CARDS ***
Dealt to HubertusB [Qd 2d]
Hohlikk: folds 
knlmg: folds 
I_BROKE_BAD: folds 
ashem: folds 
aleks-jnr: folds 
Uncalled bet ($0.05) returned to HubertusB
HubertusB collected $0.10 from pot
HubertusB: doesn't show hand 
*** SUMMARY ***
Total pot $0.10 | Rake $0 
Seat 1: ashem (button) folded before Flop (didn't bet)
Seat 2: aleks-jnr (small blind) folded before Flop
Seat 3: HubertusB (big blind) collected ($0.10)
Seat 4: Hohlikk folded before Flop (didn't bet)
Seat 5: knlmg folded before Flop (didn't bet)
Seat 6: I_BROKE_BAD folded before Flop (didn't bet)



PokerStars Zoom Hand #185776983051:  Hold'em No Limit ($0.05/$0.10) - 2018/04/29 0:50:52 CCT [2018/04/28 12:50:52 ET]
Table 'Aludra' 6-max Seat #1 is the button
Seat 1: spIeeNy ($11.18 in chips) 
Seat 2: MakeUfold373 ($10.05 in chips) 
Seat 3: Zormegun ($13.20 in chips) 
Seat 4: RedBorAlex ($29.74 in chips) 
Seat 5: HubertusB ($11.01 in chips) 
Seat 6: Bari7 ($10 in chips) 
MakeUfold373: posts small blind $0.05
Zormegun: posts big blind $0.10
*** HOLE CARDS ***
Dealt to HubertusB [Tc 6h]
RedBorAlex: folds 
HubertusB: folds 
Bari7: folds 
spIeeNy: raises $0.20 to $0.30
MakeUfold373: folds 
Zormegun: folds 
Uncalled bet ($0.20) returned to spIeeNy
spIeeNy collected $0.25 from pot
spIeeNy: doesn't show hand 
*** SUMMARY ***
Total pot $0.25 | Rake $0 
Seat 1: spIeeNy (button) collected ($0.25)
Seat 2: MakeUfold373 (small blind) folded before Flop
Seat 3: Zormegun (big blind) folded before Flop
Seat 4: RedBorAlex folded before Flop (didn't bet)
Seat 5: HubertusB folded before Flop (didn't bet)
Seat 6: Bari7 folded before Flop (didn't bet)



