PokerStars Zoom Hand #186524463864:  Hold'em No Limit ($0.01/$0.02) - 2018/05/17 20:21:28 CCT [2018/05/17 8:21:28 ET]
Table 'Halley' 6-max Seat #1 is the button
Seat 1: JustLyrixX ($2.45 in chips) 
Seat 2: PISAK1989 ($3.02 in chips) 
Seat 3: HubertusB ($2 in chips) 
Seat 4: Banditko89 ($1.73 in chips) 
Seat 5: Hidden Hippo ($1.50 in chips) 
Seat 6: arezo69 ($2.78 in chips) 
PISAK1989: posts small blind $0.01
HubertusB: posts big blind $0.02
*** HOLE CARDS ***
Dealt to HubertusB [Ks Jd]
Banditko89: folds 
Hidden Hippo: raises $0.04 to $0.06
arezo69: folds 
JustLyrixX: folds 
PISAK1989: folds 
HubertusB: folds 
Uncalled bet ($0.04) returned to Hidden Hippo
Hidden Hippo collected $0.05 from pot
Hidden Hippo: doesn't show hand 
*** SUMMARY ***
Total pot $0.05 | Rake $0 
Seat 1: JustLyrixX (button) folded before Flop (didn't bet)
Seat 2: PISAK1989 (small blind) folded before Flop
Seat 3: HubertusB (big blind) folded before Flop
Seat 4: Banditko89 folded before Flop (didn't bet)
Seat 5: Hidden Hippo collected ($0.05)
Seat 6: arezo69 folded before Flop (didn't bet)



PokerStars Zoom Hand #186524472110:  Hold'em No Limit ($0.01/$0.02) - 2018/05/17 20:21:48 CCT [2018/05/17 8:21:48 ET]
Table 'Halley' 6-max Seat #1 is the button
Seat 1: HubertusB ($1.97 in chips) 
Seat 2: duvallwbb ($2 in chips) 
Seat 3: ccvvisa ($2.02 in chips) 
Seat 4: gena60 ($2.19 in chips) 
Seat 5: helicocat ($1.51 in chips) 
Seat 6: nekitosikk ($2.23 in chips) 
duvallwbb: posts small blind $0.01
ccvvisa: posts big blind $0.02
*** HOLE CARDS ***
Dealt to HubertusB [2d 9s]
gena60: folds 
helicocat: folds 
nekitosikk: raises $0.03 to $0.05
HubertusB: folds 
duvallwbb: folds 
ccvvisa: folds 
Uncalled bet ($0.03) returned to nekitosikk
nekitosikk collected $0.05 from pot
nekitosikk: doesn't show hand 
*** SUMMARY ***
Total pot $0.05 | Rake $0 
Seat 1: HubertusB (button) folded before Flop (didn't bet)
Seat 2: duvallwbb (small blind) folded before Flop
Seat 3: ccvvisa (big blind) folded before Flop
Seat 4: gena60 folded before Flop (didn't bet)
Seat 5: helicocat folded before Flop (didn't bet)
Seat 6: nekitosikk collected ($0.05)



PokerStars Zoom Hand #186524469231:  Hold'em No Limit ($0.01/$0.02) - 2018/05/17 20:21:41 CCT [2018/05/17 8:21:41 ET]
Table 'Halley' 6-max Seat #1 is the button
Seat 1: AndreiJacob ($2.26 in chips) 
Seat 2: HubertusB ($1.98 in chips) 
Seat 3: marinariver ($2.08 in chips) 
Seat 4: Savavlad97 ($2.24 in chips) 
Seat 5: ambasador777 ($2.78 in chips) 
Seat 6: RastaBoss777 ($0.91 in chips) 
HubertusB: posts small blind $0.01
marinariver: posts big blind $0.02
*** HOLE CARDS ***
Dealt to HubertusB [3s 4h]
Savavlad97: folds 
ambasador777: folds 
RastaBoss777: calls $0.02
AndreiJacob: folds 
HubertusB: folds 
marinariver: raises $0.04 to $0.06
RastaBoss777: calls $0.04
*** FLOP *** [Kc 5d 2s]
marinariver: bets $0.06
RastaBoss777: folds 
Uncalled bet ($0.06) returned to marinariver
marinariver collected $0.13 from pot
marinariver: doesn't show hand 
*** SUMMARY ***
Total pot $0.13 | Rake $0 
Board [Kc 5d 2s]
Seat 1: AndreiJacob (button) folded before Flop (didn't bet)
Seat 2: HubertusB (small blind) folded before Flop
Seat 3: marinariver (big blind) collected ($0.13)
Seat 4: Savavlad97 folded before Flop (didn't bet)
Seat 5: ambasador777 folded before Flop (didn't bet)
Seat 6: RastaBoss777 folded on the Flop



PokerStars Zoom Hand #186524475439:  Hold'em No Limit ($0.01/$0.02) - 2018/05/17 20:21:56 CCT [2018/05/17 8:21:56 ET]
Table 'Halley' 6-max Seat #1 is the button
Seat 1: Maks19861604 ($0.21 in chips) 
Seat 2: fitzroy3570 ($1.30 in chips) 
Seat 3: Allvvo ($2.83 in chips) 
Seat 4: Astraptov ($0.61 in chips) 
Seat 5: 05vin ($1.86 in chips) 
Seat 6: HubertusB ($1.97 in chips) 
fitzroy3570: posts small blind $0.01
Allvvo: posts big blind $0.02
*** HOLE CARDS ***
Dealt to HubertusB [6s Jd]
Astraptov: folds 
05vin: folds 
HubertusB: folds 
Maks19861604: folds 
fitzroy3570: folds 
Uncalled bet ($0.01) returned to Allvvo
Allvvo collected $0.02 from pot
Allvvo: doesn't show hand 
*** SUMMARY ***
Total pot $0.02 | Rake $0 
Seat 1: Maks19861604 (button) folded before Flop (didn't bet)
Seat 2: fitzroy3570 (small blind) folded before Flop
Seat 3: Allvvo (big blind) collected ($0.02)
Seat 4: Astraptov folded before Flop (didn't bet)
Seat 5: 05vin folded before Flop (didn't bet)
Seat 6: HubertusB folded before Flop (didn't bet)



PokerStars Zoom Hand #186524480000:  Hold'em No Limit ($0.01/$0.02) - 2018/05/17 20:22:07 CCT [2018/05/17 8:22:07 ET]
Table 'Halley' 6-max Seat #1 is the button
Seat 1: ADyak ($2 in chips) 
Seat 2: HubertusB ($1.97 in chips) 
Seat 3: nekitosikk ($2.08 in chips) 
Seat 4: George031988 ($2 in chips) 
Seat 5: igrachaa83 ($4.59 in chips) 
Seat 6: Mhson ($4.52 in chips) 
HubertusB: posts small blind $0.01
nekitosikk: posts big blind $0.02
*** HOLE CARDS ***
Dealt to HubertusB [5d 7d]
George031988: folds 
igrachaa83: folds 
Mhson: raises $0.02 to $0.04
ADyak: folds 
HubertusB: raises $0.10 to $0.14
nekitosikk: folds 
Mhson: raises $0.10 to $0.24
HubertusB: folds 
Uncalled bet ($0.10) returned to Mhson
Mhson collected $0.30 from pot
Mhson: doesn't show hand 
*** SUMMARY ***
Total pot $0.30 | Rake $0 
Seat 1: ADyak (button) folded before Flop (didn't bet)
Seat 2: HubertusB (small blind) folded before Flop
Seat 3: nekitosikk (big blind) folded before Flop
Seat 4: George031988 folded before Flop (didn't bet)
Seat 5: igrachaa83 folded before Flop (didn't bet)
Seat 6: Mhson collected ($0.30)



PokerStars Zoom Hand #186524490680:  Hold'em No Limit ($0.01/$0.02) - 2018/05/17 20:22:33 CCT [2018/05/17 8:22:33 ET]
Table 'Halley' 6-max Seat #1 is the button
Seat 1: Kucher2 ($2.61 in chips) 
Seat 2: ADAzon ($2.45 in chips) 
Seat 3: Immortallity1 ($2.10 in chips) 
Seat 4: Neptune27 ($2 in chips) 
Seat 5: HubertusB ($1.83 in chips) 
Seat 6: serikchaplin ($2.35 in chips) 
ADAzon: posts small blind $0.01
Immortallity1: posts big blind $0.02
*** HOLE CARDS ***
Dealt to HubertusB [Td 5d]
Neptune27: folds 
HubertusB: folds 
serikchaplin: folds 
Kucher2: folds 
ADAzon: folds 
Uncalled bet ($0.01) returned to Immortallity1
Immortallity1 collected $0.02 from pot
Immortallity1: doesn't show hand 
*** SUMMARY ***
Total pot $0.02 | Rake $0 
Seat 1: Kucher2 (button) folded before Flop (didn't bet)
Seat 2: ADAzon (small blind) folded before Flop
Seat 3: Immortallity1 (big blind) collected ($0.02)
Seat 4: Neptune27 folded before Flop (didn't bet)
Seat 5: HubertusB folded before Flop (didn't bet)
Seat 6: serikchaplin folded before Flop (didn't bet)



PokerStars Zoom Hand #186524494307:  Hold'em No Limit ($0.01/$0.02) - 2018/05/17 20:22:42 CCT [2018/05/17 8:22:42 ET]
Table 'Halley' 6-max Seat #1 is the button
Seat 1: HubertusB ($1.83 in chips) 
Seat 2: AGT1960 ($2.30 in chips) 
Seat 3: nikonova88 ($2.16 in chips) 
Seat 4: Andrito1985 ($6.83 in chips) 
Seat 5: bratishka74 ($3.44 in chips) 
Seat 6: David.C.M.R ($1.94 in chips) 
AGT1960: posts small blind $0.01
nikonova88: posts big blind $0.02
*** HOLE CARDS ***
Dealt to HubertusB [6s 8d]
Andrito1985: folds 
bratishka74: folds 
David.C.M.R: folds 
HubertusB: folds 
AGT1960: raises $0.04 to $0.06
nikonova88: folds 
Uncalled bet ($0.04) returned to AGT1960
AGT1960 collected $0.04 from pot
AGT1960: doesn't show hand 
*** SUMMARY ***
Total pot $0.04 | Rake $0 
Seat 1: HubertusB (button) folded before Flop (didn't bet)
Seat 2: AGT1960 (small blind) collected ($0.04)
Seat 3: nikonova88 (big blind) folded before Flop
Seat 4: Andrito1985 folded before Flop (didn't bet)
Seat 5: bratishka74 folded before Flop (didn't bet)
Seat 6: David.C.M.R folded before Flop (didn't bet)



PokerStars Zoom Hand #186524500562:  Hold'em No Limit ($0.01/$0.02) - 2018/05/17 20:22:57 CCT [2018/05/17 8:22:57 ET]
Table 'Halley' 6-max Seat #1 is the button
Seat 1: SAHA3746 ($2 in chips) 
Seat 2: ADAzon ($7.41 in chips) 
Seat 3: buttonlife ($2 in chips) 
Seat 4: mufan7777 ($2.03 in chips) 
Seat 5: Rip4eg ($2.03 in chips) 
Seat 6: HubertusB ($1.83 in chips) 
ADAzon: posts small blind $0.01
buttonlife: posts big blind $0.02
*** HOLE CARDS ***
Dealt to HubertusB [Ts 8s]
mufan7777: folds 
Rip4eg: folds 
HubertusB: raises $0.03 to $0.05
SAHA3746: folds 
ADAzon: folds 
buttonlife: folds 
Uncalled bet ($0.03) returned to HubertusB
HubertusB collected $0.05 from pot
HubertusB: doesn't show hand 
*** SUMMARY ***
Total pot $0.05 | Rake $0 
Seat 1: SAHA3746 (button) folded before Flop (didn't bet)
Seat 2: ADAzon (small blind) folded before Flop
Seat 3: buttonlife (big blind) folded before Flop
Seat 4: mufan7777 folded before Flop (didn't bet)
Seat 5: Rip4eg folded before Flop (didn't bet)
Seat 6: HubertusB collected ($0.05)



PokerStars Zoom Hand #186524497691:  Hold'em No Limit ($0.01/$0.02) - 2018/05/17 20:22:50 CCT [2018/05/17 8:22:50 ET]
Table 'Halley' 6-max Seat #1 is the button
Seat 1: 777fufufu ($1.99 in chips) 
Seat 2: bndt123 ($1.73 in chips) 
Seat 3: AVyiO ($2.07 in chips) 
Seat 4: HubertusB ($1.83 in chips) 
Seat 5: zsolo480 ($1.54 in chips) 
Seat 6: ivan show276 ($2.34 in chips) 
bndt123: posts small blind $0.01
AVyiO: posts big blind $0.02
*** HOLE CARDS ***
Dealt to HubertusB [6s 5h]
HubertusB: folds 
zsolo480: raises $0.04 to $0.06
ivan show276: folds 
777fufufu: folds 
bndt123: folds 
AVyiO: calls $0.04
*** FLOP *** [6h Kd Ac]
AVyiO: checks 
zsolo480: checks 
*** TURN *** [6h Kd Ac] [Td]
AVyiO: checks 
zsolo480: bets $0.08
AVyiO: calls $0.08
*** RIVER *** [6h Kd Ac Td] [Qh]
AVyiO: checks 
zsolo480: bets $0.14
AVyiO: raises $0.37 to $0.51
zsolo480: folds 
Uncalled bet ($0.37) returned to AVyiO
AVyiO collected $0.55 from pot
AVyiO: doesn't show hand 
*** SUMMARY ***
Total pot $0.57 | Rake $0.02 
Board [6h Kd Ac Td Qh]
Seat 1: 777fufufu (button) folded before Flop (didn't bet)
Seat 2: bndt123 (small blind) folded before Flop
Seat 3: AVyiO (big blind) collected ($0.55)
Seat 4: HubertusB folded before Flop (didn't bet)
Seat 5: zsolo480 folded on the River
Seat 6: ivan show276 folded before Flop (didn't bet)



PokerStars Zoom Hand #186524506338:  Hold'em No Limit ($0.01/$0.02) - 2018/05/17 20:23:11 CCT [2018/05/17 8:23:11 ET]
Table 'Halley' 6-max Seat #1 is the button
Seat 1: PavGur77 ($2 in chips) 
Seat 2: Zhibus ($0.65 in chips) 
Seat 3: HubertusB ($1.86 in chips) 
Seat 4: Vila1n ($3.58 in chips) 
Seat 5: PSMo3ak ($2.34 in chips) 
Seat 6: Utyyflbq 77 ($4.10 in chips) 
Zhibus: posts small blind $0.01
HubertusB: posts big blind $0.02
*** HOLE CARDS ***
Dealt to HubertusB [Ad 9c]
Vila1n: folds 
PSMo3ak: folds 
Utyyflbq 77: folds 
PavGur77: raises $0.02 to $0.04
Zhibus: folds 
HubertusB: calls $0.02
*** FLOP *** [Th 9s 6d]
HubertusB: checks 
PavGur77: bets $0.06
HubertusB: calls $0.06
*** TURN *** [Th 9s 6d] [4d]
HubertusB: checks 
PavGur77: checks 
*** RIVER *** [Th 9s 6d 4d] [Td]
HubertusB: bets $0.07
PavGur77: folds 
Uncalled bet ($0.07) returned to HubertusB
HubertusB collected $0.20 from pot
HubertusB: doesn't show hand 
*** SUMMARY ***
Total pot $0.21 | Rake $0.01 
Board [Th 9s 6d 4d Td]
Seat 1: PavGur77 (button) folded on the River
Seat 2: Zhibus (small blind) folded before Flop
Seat 3: HubertusB (big blind) collected ($0.20)
Seat 4: Vila1n folded before Flop (didn't bet)
Seat 5: PSMo3ak folded before Flop (didn't bet)
Seat 6: Utyyflbq 77 folded before Flop (didn't bet)



PokerStars Zoom Hand #186524528457:  Hold'em No Limit ($0.01/$0.02) - 2018/05/17 20:24:05 CCT [2018/05/17 8:24:05 ET]
Table 'Halley' 6-max Seat #1 is the button
Seat 1: rolyeah ($3.41 in chips) 
Seat 2: 3ta2wki ($3.10 in chips) 
Seat 3: HubertusB ($1.96 in chips) 
Seat 4: underdog218 ($1.54 in chips) 
Seat 5: FTWID ($4.76 in chips) 
Seat 6: koufodinas32 ($2 in chips) 
3ta2wki: posts small blind $0.01
HubertusB: posts big blind $0.02
*** HOLE CARDS ***
Dealt to HubertusB [Jh Qc]
underdog218: folds 
FTWID: folds 
koufodinas32: folds 
rolyeah: raises $0.04 to $0.06
3ta2wki: folds 
HubertusB: raises $0.13 to $0.19
rolyeah: folds 
Uncalled bet ($0.13) returned to HubertusB
HubertusB collected $0.13 from pot
HubertusB: doesn't show hand 
*** SUMMARY ***
Total pot $0.13 | Rake $0 
Seat 1: rolyeah (button) folded before Flop
Seat 2: 3ta2wki (small blind) folded before Flop
Seat 3: HubertusB (big blind) collected ($0.13)
Seat 4: underdog218 folded before Flop (didn't bet)
Seat 5: FTWID folded before Flop (didn't bet)
Seat 6: koufodinas32 folded before Flop (didn't bet)



PokerStars Zoom Hand #186524534223:  Hold'em No Limit ($0.01/$0.02) - 2018/05/17 20:24:19 CCT [2018/05/17 8:24:19 ET]
Table 'Halley' 6-max Seat #1 is the button
Seat 1: HubertusB ($2.03 in chips) 
Seat 2: galea777 ($0.98 in chips) 
Seat 3: Butch276 ($2.05 in chips) 
Seat 4: George031988 ($2 in chips) 
Seat 5: immunepwnz9 ($1.58 in chips) 
Seat 6: dsibirin ($4.43 in chips) 
galea777: posts small blind $0.01
Butch276: posts big blind $0.02
*** HOLE CARDS ***
Dealt to HubertusB [As Th]
George031988: folds 
immunepwnz9: folds 
dsibirin: folds 
HubertusB: raises $0.02 to $0.04
galea777: folds 
Butch276: folds 
Uncalled bet ($0.02) returned to HubertusB
HubertusB collected $0.05 from pot
HubertusB: doesn't show hand 
*** SUMMARY ***
Total pot $0.05 | Rake $0 
Seat 1: HubertusB (button) collected ($0.05)
Seat 2: galea777 (small blind) folded before Flop
Seat 3: Butch276 (big blind) folded before Flop
Seat 4: George031988 folded before Flop (didn't bet)
Seat 5: immunepwnz9 folded before Flop (didn't bet)
Seat 6: dsibirin folded before Flop (didn't bet)



PokerStars Zoom Hand #186524539899:  Hold'em No Limit ($0.01/$0.02) - 2018/05/17 20:24:33 CCT [2018/05/17 8:24:33 ET]
Table 'Halley' 6-max Seat #1 is the button
Seat 1: leonidsss ($5.35 in chips) 
Seat 2: HubertusB ($2.06 in chips) 
Seat 3: Angry_Fish0 ($1.64 in chips) 
Seat 4: AVyiO ($2.47 in chips) 
Seat 5: SS526 ($2.03 in chips) 
Seat 6: Mr.Dizzy666 ($0.96 in chips) 
HubertusB: posts small blind $0.01
Angry_Fish0: posts big blind $0.02
*** HOLE CARDS ***
Dealt to HubertusB [2s 6c]
AVyiO: folds 
SS526: folds 
Mr.Dizzy666: raises $0.05 to $0.07
leonidsss: folds 
HubertusB: folds 
Angry_Fish0: folds 
Uncalled bet ($0.05) returned to Mr.Dizzy666
Mr.Dizzy666 collected $0.05 from pot
Mr.Dizzy666: doesn't show hand 
*** SUMMARY ***
Total pot $0.05 | Rake $0 
Seat 1: leonidsss (button) folded before Flop (didn't bet)
Seat 2: HubertusB (small blind) folded before Flop
Seat 3: Angry_Fish0 (big blind) folded before Flop
Seat 4: AVyiO folded before Flop (didn't bet)
Seat 5: SS526 folded before Flop (didn't bet)
Seat 6: Mr.Dizzy666 collected ($0.05)



PokerStars Zoom Hand #186524525954:  Hold'em No Limit ($0.01/$0.02) - 2018/05/17 20:23:59 CCT [2018/05/17 8:23:59 ET]
Table 'Halley' 6-max Seat #1 is the button
Seat 1: Veter_SAMBO ($4.52 in chips) 
Seat 2: cryptozee ($2.38 in chips) 
Seat 3: ConQuRoR25 ($1.38 in chips) 
Seat 4: Fallen1989 ($3.88 in chips) 
Seat 5: HubertusB ($1.96 in chips) 
Seat 6: Gevron ($5.27 in chips) 
cryptozee: posts small blind $0.01
ConQuRoR25: posts big blind $0.02
*** HOLE CARDS ***
Dealt to HubertusB [4s 5h]
Fallen1989: raises $0.04 to $0.06
HubertusB: folds 
Gevron: folds 
Veter_SAMBO: folds 
cryptozee: calls $0.05
ConQuRoR25: folds 
*** FLOP *** [Td 9d 2d]
cryptozee: checks 
Fallen1989: checks 
*** TURN *** [Td 9d 2d] [Ts]
cryptozee: bets $0.04
Fallen1989: raises $0.08 to $0.12
cryptozee: folds 
Uncalled bet ($0.08) returned to Fallen1989
Fallen1989 collected $0.21 from pot
Fallen1989: doesn't show hand 
*** SUMMARY ***
Total pot $0.22 | Rake $0.01 
Board [Td 9d 2d Ts]
Seat 1: Veter_SAMBO (button) folded before Flop (didn't bet)
Seat 2: cryptozee (small blind) folded on the Turn
Seat 3: ConQuRoR25 (big blind) folded before Flop
Seat 4: Fallen1989 collected ($0.21)
Seat 5: HubertusB folded before Flop (didn't bet)
Seat 6: Gevron folded before Flop (didn't bet)



PokerStars Zoom Hand #186524549972:  Hold'em No Limit ($0.01/$0.02) - 2018/05/17 20:24:57 CCT [2018/05/17 8:24:57 ET]
Table 'Halley' 6-max Seat #1 is the button
Seat 1: DenyLi ($2.36 in chips) 
Seat 2: FTWID ($2.07 in chips) 
Seat 3: aloneinnoise ($0.88 in chips) 
Seat 4: venek73 ($2.05 in chips) 
Seat 5: HubertusB ($2.05 in chips) 
Seat 6: Hayoterkinovich ($4.67 in chips) 
FTWID: posts small blind $0.01
aloneinnoise: posts big blind $0.02
*** HOLE CARDS ***
Dealt to HubertusB [5h Ks]
venek73: folds 
HubertusB: folds 
Hayoterkinovich: folds 
DenyLi: raises $0.04 to $0.06
FTWID: folds 
aloneinnoise: folds 
Uncalled bet ($0.04) returned to DenyLi
DenyLi collected $0.05 from pot
DenyLi: doesn't show hand 
*** SUMMARY ***
Total pot $0.05 | Rake $0 
Seat 1: DenyLi (button) collected ($0.05)
Seat 2: FTWID (small blind) folded before Flop
Seat 3: aloneinnoise (big blind) folded before Flop
Seat 4: venek73 folded before Flop (didn't bet)
Seat 5: HubertusB folded before Flop (didn't bet)
Seat 6: Hayoterkinovich folded before Flop (didn't bet)



PokerStars Zoom Hand #186524552438:  Hold'em No Limit ($0.01/$0.02) - 2018/05/17 20:25:03 CCT [2018/05/17 8:25:03 ET]
Table 'Halley' 6-max Seat #1 is the button
Seat 1: wanekkk ($2.43 in chips) 
Seat 2: hoby2 ($1.41 in chips) 
Seat 3: riddim88 ($4.23 in chips) 
Seat 4: HubertusB ($2.05 in chips) 
Seat 5: KULAEV STAR ($1.50 in chips) 
Seat 6: justina1990 ($6.48 in chips) 
hoby2: posts small blind $0.01
riddim88: posts big blind $0.02
*** HOLE CARDS ***
Dealt to HubertusB [Th 6d]
HubertusB: folds 
KULAEV STAR: folds 
justina1990: raises $0.04 to $0.06
wanekkk: folds 
hoby2: folds 
riddim88: raises $0.12 to $0.18
justina1990: folds 
Uncalled bet ($0.12) returned to riddim88
riddim88 collected $0.13 from pot
riddim88: doesn't show hand 
*** SUMMARY ***
Total pot $0.13 | Rake $0 
Seat 1: wanekkk (button) folded before Flop (didn't bet)
Seat 2: hoby2 (small blind) folded before Flop
Seat 3: riddim88 (big blind) collected ($0.13)
Seat 4: HubertusB folded before Flop (didn't bet)
Seat 5: KULAEV STAR folded before Flop (didn't bet)
Seat 6: justina1990 folded before Flop



PokerStars Zoom Hand #186524555296:  Hold'em No Limit ($0.01/$0.02) - 2018/05/17 20:25:10 CCT [2018/05/17 8:25:10 ET]
Table 'Halley' 6-max Seat #1 is the button
Seat 1: HubertusB ($2.05 in chips) 
Seat 2: naokiti ($2.12 in chips) 
Seat 3: tolkien1986 ($1.89 in chips) 
Seat 4: Aragorn1st ($2.82 in chips) 
Seat 5: Fallen1989 ($3.98 in chips) 
Seat 6: duzy33 ($3.78 in chips) 
naokiti: posts small blind $0.01
tolkien1986: posts big blind $0.02
*** HOLE CARDS ***
Dealt to HubertusB [8d 4s]
Aragorn1st: raises $0.02 to $0.04
Fallen1989: folds 
duzy33: folds 
HubertusB: folds 
naokiti: folds 
tolkien1986: folds 
Uncalled bet ($0.02) returned to Aragorn1st
Aragorn1st collected $0.05 from pot
Aragorn1st: doesn't show hand 
*** SUMMARY ***
Total pot $0.05 | Rake $0 
Seat 1: HubertusB (button) folded before Flop (didn't bet)
Seat 2: naokiti (small blind) folded before Flop
Seat 3: tolkien1986 (big blind) folded before Flop
Seat 4: Aragorn1st collected ($0.05)
Seat 5: Fallen1989 folded before Flop (didn't bet)
Seat 6: duzy33 folded before Flop (didn't bet)



PokerStars Zoom Hand #186524557372:  Hold'em No Limit ($0.01/$0.02) - 2018/05/17 20:25:15 CCT [2018/05/17 8:25:15 ET]
Table 'Halley' 6-max Seat #1 is the button
Seat 1: poliars ($2.71 in chips) 
Seat 2: leonidsss ($2.70 in chips) 
Seat 3: HubertusB ($2.05 in chips) 
Seat 4: kaza4ok1979 ($2.05 in chips) 
Seat 5: utahhih ($1.71 in chips) 
Seat 6: PNL710 ($3.52 in chips) 
leonidsss: posts small blind $0.01
HubertusB: posts big blind $0.02
*** HOLE CARDS ***
Dealt to HubertusB [4d 8d]
kaza4ok1979: folds 
utahhih: folds 
PNL710: folds 
poliars: folds 
leonidsss: folds 
Uncalled bet ($0.01) returned to HubertusB
HubertusB collected $0.02 from pot
HubertusB: doesn't show hand 
*** SUMMARY ***
Total pot $0.02 | Rake $0 
Seat 1: poliars (button) folded before Flop (didn't bet)
Seat 2: leonidsss (small blind) folded before Flop
Seat 3: HubertusB (big blind) collected ($0.02)
Seat 4: kaza4ok1979 folded before Flop (didn't bet)
Seat 5: utahhih folded before Flop (didn't bet)
Seat 6: PNL710 folded before Flop (didn't bet)



PokerStars Zoom Hand #186524547427:  Hold'em No Limit ($0.01/$0.02) - 2018/05/17 20:24:51 CCT [2018/05/17 8:24:51 ET]
Table 'Halley' 6-max Seat #1 is the button
Seat 1: EggSpangler ($3.17 in chips) 
Seat 2: svererii ($4.47 in chips) 
Seat 3: Machairodont ($2.23 in chips) 
Seat 4: nowiqq ($2.64 in chips) 
Seat 5: unimat 1 ($2.77 in chips) 
Seat 6: HubertusB ($2.05 in chips) 
svererii: posts small blind $0.01
Machairodont: posts big blind $0.02
*** HOLE CARDS ***
Dealt to HubertusB [3h 9s]
nowiqq: folds 
unimat 1: folds 
HubertusB: folds 
EggSpangler: raises $0.05 to $0.07
svererii: folds 
Machairodont: calls $0.05
*** FLOP *** [8c Qh 7h]
Machairodont: bets $0.02
EggSpangler: calls $0.02
*** TURN *** [8c Qh 7h] [8h]
Machairodont: bets $0.06
EggSpangler: calls $0.06
*** RIVER *** [8c Qh 7h 8h] [2c]
Machairodont: bets $0.08
EggSpangler: folds 
Uncalled bet ($0.08) returned to Machairodont
Machairodont collected $0.30 from pot
Machairodont: doesn't show hand 
*** SUMMARY ***
Total pot $0.31 | Rake $0.01 
Board [8c Qh 7h 8h 2c]
Seat 1: EggSpangler (button) folded on the River
Seat 2: svererii (small blind) folded before Flop
Seat 3: Machairodont (big blind) collected ($0.30)
Seat 4: nowiqq folded before Flop (didn't bet)
Seat 5: unimat 1 folded before Flop (didn't bet)
Seat 6: HubertusB folded before Flop (didn't bet)



PokerStars Zoom Hand #186524544466:  Hold'em No Limit ($0.01/$0.02) - 2018/05/17 20:24:44 CCT [2018/05/17 8:24:44 ET]
Table 'Halley' 6-max Seat #1 is the button
Seat 1: Mr.Dizzy666 ($0.82 in chips) 
Seat 2: john7905 ($6.67 in chips) 
Seat 3: Garychu014 ($2.79 in chips) 
Seat 4: HubertusB ($2.05 in chips) 
Seat 5: marcioadrs ($2.28 in chips) 
Seat 6: AVyiO ($2.46 in chips) 
john7905: posts small blind $0.01
Garychu014: posts big blind $0.02
*** HOLE CARDS ***
Dealt to HubertusB [Ad 6s]
HubertusB: folds 
marcioadrs: folds 
AVyiO: folds 
Mr.Dizzy666: raises $0.05 to $0.07
john7905: folds 
Garychu014: calls $0.05
*** FLOP *** [Ac 2s 9d]
Garychu014: checks 
Mr.Dizzy666: bets $0.08
Garychu014: calls $0.08
*** TURN *** [Ac 2s 9d] [Td]
Garychu014: checks 
Mr.Dizzy666: checks 
*** RIVER *** [Ac 2s 9d Td] [8s]
Garychu014: checks 
Mr.Dizzy666: checks 
*** SHOW DOWN ***
Garychu014: shows [Jd 9c] (a pair of Nines)
Mr.Dizzy666: shows [Jh Ah] (a pair of Aces)
Mr.Dizzy666 collected $0.30 from pot
*** SUMMARY ***
Total pot $0.31 | Rake $0.01 
Board [Ac 2s 9d Td 8s]
Seat 1: Mr.Dizzy666 (button) showed [Jh Ah] and won ($0.30) with a pair of Aces
Seat 2: john7905 (small blind) folded before Flop
Seat 3: Garychu014 (big blind) showed [Jd 9c] and lost with a pair of Nines
Seat 4: HubertusB folded before Flop (didn't bet)
Seat 5: marcioadrs folded before Flop (didn't bet)
Seat 6: AVyiO folded before Flop (didn't bet)



PokerStars Zoom Hand #186524564007:  Hold'em No Limit ($0.01/$0.02) - 2018/05/17 20:25:31 CCT [2018/05/17 8:25:31 ET]
Table 'Halley' 6-max Seat #1 is the button
Seat 1: LupoGtiAA ($2.45 in chips) 
Seat 2: HubertusB ($2.06 in chips) 
Seat 3: CandyOver ($2.52 in chips) 
Seat 4: ZedwayUA ($3.64 in chips) 
Seat 5: Unstoppabble ($2.42 in chips) 
Seat 6: GameCraft ($15.52 in chips) 
HubertusB: posts small blind $0.01
CandyOver: posts big blind $0.02
*** HOLE CARDS ***
Dealt to HubertusB [Th 6h]
ZedwayUA: folds 
Unstoppabble: raises $0.04 to $0.06
GameCraft: folds 
LupoGtiAA: folds 
HubertusB: folds 
CandyOver: folds 
Uncalled bet ($0.04) returned to Unstoppabble
Unstoppabble collected $0.05 from pot
Unstoppabble: doesn't show hand 
*** SUMMARY ***
Total pot $0.05 | Rake $0 
Seat 1: LupoGtiAA (button) folded before Flop (didn't bet)
Seat 2: HubertusB (small blind) folded before Flop
Seat 3: CandyOver (big blind) folded before Flop
Seat 4: ZedwayUA folded before Flop (didn't bet)
Seat 5: Unstoppabble collected ($0.05)
Seat 6: GameCraft folded before Flop (didn't bet)



PokerStars Zoom Hand #186524566424:  Hold'em No Limit ($0.01/$0.02) - 2018/05/17 20:25:37 CCT [2018/05/17 8:25:37 ET]
Table 'Halley' 6-max Seat #1 is the button
Seat 1: mochimaruru ($3.10 in chips) 
Seat 2: Kowgan ($2.17 in chips) 
Seat 3: Seva1386 ($2.09 in chips) 
Seat 4: Kagongo911 ($1.23 in chips) 
Seat 5: HubertusB ($2.05 in chips) 
Seat 6: Crowned SULA ($2 in chips) 
Kowgan: posts small blind $0.01
Seva1386: posts big blind $0.02
*** HOLE CARDS ***
Dealt to HubertusB [3h Js]
Kagongo911: folds 
HubertusB: folds 
Crowned SULA: raises $0.03 to $0.05
mochimaruru: raises $0.10 to $0.15
Kowgan: folds 
Seva1386: folds 
Crowned SULA: folds 
Uncalled bet ($0.10) returned to mochimaruru
mochimaruru collected $0.13 from pot
mochimaruru: doesn't show hand 
*** SUMMARY ***
Total pot $0.13 | Rake $0 
Seat 1: mochimaruru (button) collected ($0.13)
Seat 2: Kowgan (small blind) folded before Flop
Seat 3: Seva1386 (big blind) folded before Flop
Seat 4: Kagongo911 folded before Flop (didn't bet)
Seat 5: HubertusB folded before Flop (didn't bet)
Seat 6: Crowned SULA folded before Flop



PokerStars Zoom Hand #186524569225:  Hold'em No Limit ($0.01/$0.02) - 2018/05/17 20:25:44 CCT [2018/05/17 8:25:44 ET]
Table 'Halley' 6-max Seat #1 is the button
Seat 1: HubertusB ($2.05 in chips) 
Seat 2: Davydovden34 ($2.30 in chips) 
Seat 3: ccvvisa ($2.09 in chips) 
Seat 4: LudomanIvan ($2.29 in chips) 
Seat 5: mamaMarilyn ($2.01 in chips) 
Seat 6: StefanFreezy ($2.26 in chips) 
Davydovden34: posts small blind $0.01
ccvvisa: posts big blind $0.02
*** HOLE CARDS ***
Dealt to HubertusB [5h 5s]
LudomanIvan: folds 
mamaMarilyn: folds 
StefanFreezy: folds 
HubertusB: raises $0.02 to $0.04
Davydovden34: raises $0.08 to $0.12
ccvvisa: folds 
HubertusB: calls $0.08
*** FLOP *** [Td 6c 3d]
Davydovden34: checks 
HubertusB: bets $0.17
Davydovden34: folds 
Uncalled bet ($0.17) returned to HubertusB
HubertusB collected $0.25 from pot
HubertusB: doesn't show hand 
*** SUMMARY ***
Total pot $0.26 | Rake $0.01 
Board [Td 6c 3d]
Seat 1: HubertusB (button) collected ($0.25)
Seat 2: Davydovden34 (small blind) folded on the Flop
Seat 3: ccvvisa (big blind) folded before Flop
Seat 4: LudomanIvan folded before Flop (didn't bet)
Seat 5: mamaMarilyn folded before Flop (didn't bet)
Seat 6: StefanFreezy folded before Flop (didn't bet)



PokerStars Zoom Hand #186524592533:  Hold'em No Limit ($0.01/$0.02) - 2018/05/17 20:26:41 CCT [2018/05/17 8:26:41 ET]
Table 'Halley' 6-max Seat #1 is the button
Seat 1: PSMo3ak ($4.63 in chips) 
Seat 2: HubertusB ($2.18 in chips) 
Seat 3: funnyworld001 ($1.51 in chips) 
Seat 4: klon2311 ($1.21 in chips) 
Seat 5: hsienko ($2.58 in chips) 
Seat 6: DolorumP ($2.07 in chips) 
HubertusB: posts small blind $0.01
funnyworld001: posts big blind $0.02
*** HOLE CARDS ***
Dealt to HubertusB [2d As]
klon2311: folds 
hsienko: folds 
DolorumP: folds 
PSMo3ak: folds 
HubertusB: folds 
Uncalled bet ($0.01) returned to funnyworld001
funnyworld001 collected $0.02 from pot
funnyworld001: doesn't show hand 
*** SUMMARY ***
Total pot $0.02 | Rake $0 
Seat 1: PSMo3ak (button) folded before Flop (didn't bet)
Seat 2: HubertusB (small blind) folded before Flop
Seat 3: funnyworld001 (big blind) collected ($0.02)
Seat 4: klon2311 folded before Flop (didn't bet)
Seat 5: hsienko folded before Flop (didn't bet)
Seat 6: DolorumP folded before Flop (didn't bet)



PokerStars Zoom Hand #186524588420:  Hold'em No Limit ($0.01/$0.02) - 2018/05/17 20:26:31 CCT [2018/05/17 8:26:31 ET]
Table 'Halley' 6-max Seat #1 is the button
Seat 1: Theosoti ($1.07 in chips) 
Seat 2: Vila1n ($3.63 in chips) 
Seat 3: SUMRAK558 ($3.56 in chips) 
Seat 4: betninja928 ($3.57 in chips) 
Seat 5: igkrug ($1.86 in chips) 
Seat 6: HubertusB ($2.18 in chips) 
Vila1n: posts small blind $0.01
SUMRAK558: posts big blind $0.02
*** HOLE CARDS ***
Dealt to HubertusB [Qd 9d]
betninja928: folds 
igkrug: raises $0.04 to $0.06
HubertusB: folds 
Theosoti: folds 
Vila1n: folds 
SUMRAK558: calls $0.04
*** FLOP *** [Jd 7c 4s]
SUMRAK558: checks 
igkrug: bets $0.09
SUMRAK558: calls $0.09
*** TURN *** [Jd 7c 4s] [Kh]
SUMRAK558: checks 
igkrug: bets $0.20
SUMRAK558: folds 
Uncalled bet ($0.20) returned to igkrug
igkrug collected $0.30 from pot
igkrug: doesn't show hand 
*** SUMMARY ***
Total pot $0.31 | Rake $0.01 
Board [Jd 7c 4s Kh]
Seat 1: Theosoti (button) folded before Flop (didn't bet)
Seat 2: Vila1n (small blind) folded before Flop
Seat 3: SUMRAK558 (big blind) folded on the Turn
Seat 4: betninja928 folded before Flop (didn't bet)
Seat 5: igkrug collected ($0.30)
Seat 6: HubertusB folded before Flop (didn't bet)



PokerStars Zoom Hand #186524594523:  Hold'em No Limit ($0.01/$0.02) - 2018/05/17 20:26:46 CCT [2018/05/17 8:26:46 ET]
Table 'Halley' 6-max Seat #1 is the button
Seat 1: SAHA3746 ($2 in chips) 
Seat 2: Jamilitaktak ($1.82 in chips) 
Seat 3: NexTLeveL226 ($1 in chips) 
Seat 4: Fostal_by ($2.04 in chips) 
Seat 5: HubertusB ($2.17 in chips) 
Seat 6: lll MAXV lll ($2.01 in chips) 
Jamilitaktak: posts small blind $0.01
NexTLeveL226: posts big blind $0.02
*** HOLE CARDS ***
Dealt to HubertusB [As Jh]
Fostal_by: folds 
HubertusB: raises $0.03 to $0.05
lll MAXV lll: folds 
SAHA3746: folds 
Jamilitaktak: folds 
NexTLeveL226: folds 
Uncalled bet ($0.03) returned to HubertusB
HubertusB collected $0.05 from pot
HubertusB: doesn't show hand 
*** SUMMARY ***
Total pot $0.05 | Rake $0 
Seat 1: SAHA3746 (button) folded before Flop (didn't bet)
Seat 2: Jamilitaktak (small blind) folded before Flop
Seat 3: NexTLeveL226 (big blind) folded before Flop
Seat 4: Fostal_by folded before Flop (didn't bet)
Seat 5: HubertusB collected ($0.05)
Seat 6: lll MAXV lll folded before Flop (didn't bet)



PokerStars Zoom Hand #186524607424:  Hold'em No Limit ($0.01/$0.02) - 2018/05/17 20:27:17 CCT [2018/05/17 8:27:17 ET]
Table 'Halley' 6-max Seat #1 is the button
Seat 1: piston76 rus ($2 in chips) 
Seat 2: kolacar ($2.59 in chips) 
Seat 3: 888lifeIS ($2.02 in chips) 
Seat 4: HubertusB ($2.18 in chips) 
Seat 5: EggSpangler ($2.30 in chips) 
Seat 6: Xyligan230 ($6.45 in chips) 
kolacar: posts small blind $0.01
888lifeIS: posts big blind $0.02
*** HOLE CARDS ***
Dealt to HubertusB [6s 9d]
HubertusB: folds 
EggSpangler: raises $0.05 to $0.07
Xyligan230: folds 
piston76 rus: calls $0.07
kolacar: folds 
888lifeIS: folds 
*** FLOP *** [Ad Jc Ah]
EggSpangler: bets $0.08
piston76 rus: calls $0.08
*** TURN *** [Ad Jc Ah] [Kd]
EggSpangler: bets $0.16
piston76 rus: calls $0.16
*** RIVER *** [Ad Jc Ah Kd] [7s]
EggSpangler: bets $0.32
piston76 rus: calls $0.32
*** SHOW DOWN ***
EggSpangler: shows [As Qs] (three of a kind, Aces)
piston76 rus: mucks hand 
EggSpangler collected $1.24 from pot
*** SUMMARY ***
Total pot $1.29 | Rake $0.05 
Board [Ad Jc Ah Kd 7s]
Seat 1: piston76 rus (button) mucked [Kc Jh]
Seat 2: kolacar (small blind) folded before Flop
Seat 3: 888lifeIS (big blind) folded before Flop
Seat 4: HubertusB folded before Flop (didn't bet)
Seat 5: EggSpangler showed [As Qs] and won ($1.24) with three of a kind, Aces
Seat 6: Xyligan230 folded before Flop (didn't bet)



PokerStars Zoom Hand #186524603324:  Hold'em No Limit ($0.01/$0.02) - 2018/05/17 20:27:07 CCT [2018/05/17 8:27:07 ET]
Table 'Halley' 6-max Seat #1 is the button
Seat 1: winneeer21 ($1.26 in chips) 
Seat 2: duvallwbb ($2.05 in chips) 
Seat 3: HubertusB ($2.20 in chips) 
Seat 4: AndreiJacob ($2.23 in chips) 
Seat 5: Feramon93 ($3.47 in chips) 
Seat 6: igkrug ($2.01 in chips) 
duvallwbb: posts small blind $0.01
HubertusB: posts big blind $0.02
*** HOLE CARDS ***
Dealt to HubertusB [6d 4c]
AndreiJacob: folds 
Feramon93: raises $0.02 to $0.04
igkrug: folds 
winneeer21: calls $0.04
duvallwbb: folds 
HubertusB: folds 
*** FLOP *** [6h 2c 6c]
Feramon93: bets $0.02
winneeer21: calls $0.02
*** TURN *** [6h 2c 6c] [Jd]
Feramon93: bets $0.14
winneeer21: calls $0.14
*** RIVER *** [6h 2c 6c Jd] [8h]
Feramon93: bets $0.40
winneeer21: folds 
Uncalled bet ($0.40) returned to Feramon93
Feramon93 collected $0.41 from pot
Feramon93: doesn't show hand 
*** SUMMARY ***
Total pot $0.43 | Rake $0.02 
Board [6h 2c 6c Jd 8h]
Seat 1: winneeer21 (button) folded on the River
Seat 2: duvallwbb (small blind) folded before Flop
Seat 3: HubertusB (big blind) folded before Flop
Seat 4: AndreiJacob folded before Flop (didn't bet)
Seat 5: Feramon93 collected ($0.41)
Seat 6: igkrug folded before Flop (didn't bet)



PokerStars Zoom Hand #186524609887:  Hold'em No Limit ($0.01/$0.02) - 2018/05/17 20:27:23 CCT [2018/05/17 8:27:23 ET]
Table 'Halley' 6-max Seat #1 is the button
Seat 1: kakRenat ($0.96 in chips) 
Seat 2: veksy ($2.05 in chips) 
Seat 3: PNL710 ($2.12 in chips) 
Seat 4: armor4085 ($6.54 in chips) 
Seat 5: mcjacksonoff ($1.82 in chips) 
Seat 6: HubertusB ($2.18 in chips) 
veksy: posts small blind $0.01
PNL710: posts big blind $0.02
*** HOLE CARDS ***
Dealt to HubertusB [Qh 3d]
armor4085: folds 
mcjacksonoff: folds 
HubertusB: folds 
kakRenat: raises $0.04 to $0.06
veksy: folds 
PNL710: calls $0.04
*** FLOP *** [7s 6d 6h]
PNL710: checks 
kakRenat: bets $0.10
PNL710: folds 
Uncalled bet ($0.10) returned to kakRenat
kakRenat collected $0.13 from pot
kakRenat: doesn't show hand 
*** SUMMARY ***
Total pot $0.13 | Rake $0 
Board [7s 6d 6h]
Seat 1: kakRenat (button) collected ($0.13)
Seat 2: veksy (small blind) folded before Flop
Seat 3: PNL710 (big blind) folded on the Flop
Seat 4: armor4085 folded before Flop (didn't bet)
Seat 5: mcjacksonoff folded before Flop (didn't bet)
Seat 6: HubertusB folded before Flop (didn't bet)



PokerStars Zoom Hand #186524614869:  Hold'em No Limit ($0.01/$0.02) - 2018/05/17 20:27:35 CCT [2018/05/17 8:27:35 ET]
Table 'Halley' 6-max Seat #1 is the button
Seat 1: HubertusB ($2.18 in chips) 
Seat 2: Johneik ($2 in chips) 
Seat 3: dimson85777 ($2.24 in chips) 
Seat 4: duvallwbb ($2 in chips) 
Seat 5: arnebever ($2.08 in chips) 
Seat 6: ghisbug ($3.44 in chips) 
Johneik: posts small blind $0.01
dimson85777: posts big blind $0.02
*** HOLE CARDS ***
Dealt to HubertusB [Qc Qd]
duvallwbb: folds 
arnebever: folds 
ghisbug: folds 
HubertusB: raises $0.02 to $0.04
Johneik: folds 
dimson85777: calls $0.02
*** FLOP *** [9c 6d 3s]
dimson85777: bets $0.06
HubertusB: calls $0.06
*** TURN *** [9c 6d 3s] [7c]
dimson85777: bets $0.13
HubertusB: calls $0.13
*** RIVER *** [9c 6d 3s 7c] [5d]
dimson85777: bets $0.30
HubertusB: calls $0.30
*** SHOW DOWN ***
dimson85777: shows [5s 9d] (two pair, Nines and Fives)
HubertusB: mucks hand 
dimson85777 collected $1.03 from pot
*** SUMMARY ***
Total pot $1.07 | Rake $0.04 
Board [9c 6d 3s 7c 5d]
Seat 1: HubertusB (button) mucked [Qc Qd]
Seat 2: Johneik (small blind) folded before Flop
Seat 3: dimson85777 (big blind) showed [5s 9d] and won ($1.03) with two pair, Nines and Fives
Seat 4: duvallwbb folded before Flop (didn't bet)
Seat 5: arnebever folded before Flop (didn't bet)
Seat 6: ghisbug folded before Flop (didn't bet)



PokerStars Zoom Hand #186524644481:  Hold'em No Limit ($0.01/$0.02) - 2018/05/17 20:28:46 CCT [2018/05/17 8:28:46 ET]
Table 'Halley' 6-max Seat #1 is the button
Seat 1: OlhaComoVaii ($2.03 in chips) 
Seat 2: Saratushtra ($5.02 in chips) 
Seat 3: HubertusB ($1.65 in chips) 
Seat 4: Fostal_by ($2 in chips) 
Seat 5: PISAK1989 ($2.04 in chips) 
Seat 6: ahahahaha203 ($2.71 in chips) 
Saratushtra: posts small blind $0.01
HubertusB: posts big blind $0.02
*** HOLE CARDS ***
Dealt to HubertusB [Ks Kc]
Fostal_by: folds 
PISAK1989: folds 
ahahahaha203: folds 
OlhaComoVaii: raises $0.02 to $0.04
Saratushtra: folds 
HubertusB: raises $0.09 to $0.13
OlhaComoVaii: folds 
Uncalled bet ($0.09) returned to HubertusB
HubertusB collected $0.09 from pot
HubertusB: doesn't show hand 
*** SUMMARY ***
Total pot $0.09 | Rake $0 
Seat 1: OlhaComoVaii (button) folded before Flop
Seat 2: Saratushtra (small blind) folded before Flop
Seat 3: HubertusB (big blind) collected ($0.09)
Seat 4: Fostal_by folded before Flop (didn't bet)
Seat 5: PISAK1989 folded before Flop (didn't bet)
Seat 6: ahahahaha203 folded before Flop (didn't bet)



PokerStars Zoom Hand #186524657645:  Hold'em No Limit ($0.01/$0.02) - 2018/05/17 20:29:17 CCT [2018/05/17 8:29:17 ET]
Table 'Halley' 6-max Seat #1 is the button
Seat 1: MrPokerProAA ($4.17 in chips) 
Seat 2: HubertusB ($2 in chips) 
Seat 3: PISAK1989 ($2.32 in chips) 
Seat 4: ccvvisa ($2.06 in chips) 
Seat 5: alexrain600 ($2.95 in chips) 
Seat 6: GrevBobby ($5.43 in chips) 
HubertusB: posts small blind $0.01
PISAK1989: posts big blind $0.02
*** HOLE CARDS ***
Dealt to HubertusB [Kh Qh]
ccvvisa: folds 
alexrain600: folds 
GrevBobby: folds 
MrPokerProAA: raises $0.04 to $0.06
HubertusB: raises $0.14 to $0.20
PISAK1989: folds 
MrPokerProAA: folds 
Uncalled bet ($0.14) returned to HubertusB
HubertusB collected $0.14 from pot
HubertusB: doesn't show hand 
*** SUMMARY ***
Total pot $0.14 | Rake $0 
Seat 1: MrPokerProAA (button) folded before Flop
Seat 2: HubertusB (small blind) collected ($0.14)
Seat 3: PISAK1989 (big blind) folded before Flop
Seat 4: ccvvisa folded before Flop (didn't bet)
Seat 5: alexrain600 folded before Flop (didn't bet)
Seat 6: GrevBobby folded before Flop (didn't bet)



PokerStars Zoom Hand #186524653461:  Hold'em No Limit ($0.01/$0.02) - 2018/05/17 20:29:07 CCT [2018/05/17 8:29:07 ET]
Table 'Halley' 6-max Seat #1 is the button
Seat 1: RastaBoss777 ($0.89 in chips) 
Seat 2: 2bir ($2.15 in chips) 
Seat 3: amigo_mesh ($2.15 in chips) 
Seat 4: 00Watty00 ($2.61 in chips) 
Seat 5: HubertusB ($2 in chips) 
Seat 6: YlaShark ($2.03 in chips) 
2bir: posts small blind $0.01
amigo_mesh: posts big blind $0.02
*** HOLE CARDS ***
Dealt to HubertusB [6s 3s]
00Watty00: folds 
HubertusB: folds 
YlaShark: folds 
RastaBoss777: calls $0.02
2bir: calls $0.01
amigo_mesh: checks 
*** FLOP *** [Qh 3c Ad]
2bir: checks 
amigo_mesh: checks 
RastaBoss777: checks 
*** TURN *** [Qh 3c Ad] [As]
2bir: checks 
amigo_mesh: checks 
RastaBoss777: checks 
*** RIVER *** [Qh 3c Ad As] [Qs]
2bir: bets $0.02
amigo_mesh: folds 
RastaBoss777: folds 
Uncalled bet ($0.02) returned to 2bir
2bir collected $0.06 from pot
2bir: doesn't show hand 
*** SUMMARY ***
Total pot $0.06 | Rake $0 
Board [Qh 3c Ad As Qs]
Seat 1: RastaBoss777 (button) folded on the River
Seat 2: 2bir (small blind) collected ($0.06)
Seat 3: amigo_mesh (big blind) folded on the River
Seat 4: 00Watty00 folded before Flop (didn't bet)
Seat 5: HubertusB folded before Flop (didn't bet)
Seat 6: YlaShark folded before Flop (didn't bet)



PokerStars Zoom Hand #186524670926:  Hold'em No Limit ($0.01/$0.02) - 2018/05/17 20:29:49 CCT [2018/05/17 8:29:49 ET]
Table 'Halley' 6-max Seat #1 is the button
Seat 1: arezo69 ($2.64 in chips) 
Seat 2: sneressik ($2.16 in chips) 
Seat 3: fxm341 ($2.63 in chips) 
Seat 4: DacianDracoRex ($2.45 in chips) 
Seat 5: Sven30061981 ($1.07 in chips) 
Seat 6: HubertusB ($2.08 in chips) 
sneressik: posts small blind $0.01
fxm341: posts big blind $0.02
*** HOLE CARDS ***
Dealt to HubertusB [Kd 9d]
DacianDracoRex: folds 
Sven30061981: folds 
HubertusB: raises $0.03 to $0.05
arezo69: folds 
sneressik: calls $0.04
fxm341: calls $0.03
*** FLOP *** [7h 8d 5h]
sneressik: bets $0.06
fxm341: folds 
HubertusB: calls $0.06
*** TURN *** [7h 8d 5h] [9c]
sneressik: bets $0.06
HubertusB: calls $0.06
*** RIVER *** [7h 8d 5h 9c] [4s]
sneressik: bets $0.10
HubertusB: calls $0.10
*** SHOW DOWN ***
sneressik: shows [4h 9h] (two pair, Nines and Fours)
HubertusB: mucks hand 
sneressik collected $0.57 from pot
*** SUMMARY ***
Total pot $0.59 | Rake $0.02 
Board [7h 8d 5h 9c 4s]
Seat 1: arezo69 (button) folded before Flop (didn't bet)
Seat 2: sneressik (small blind) showed [4h 9h] and won ($0.57) with two pair, Nines and Fours
Seat 3: fxm341 (big blind) folded on the Flop
Seat 4: DacianDracoRex folded before Flop (didn't bet)
Seat 5: Sven30061981 folded before Flop (didn't bet)
Seat 6: HubertusB mucked [Kd 9d]



PokerStars Zoom Hand #186524693490:  Hold'em No Limit ($0.01/$0.02) - 2018/05/17 20:30:42 CCT [2018/05/17 8:30:42 ET]
Table 'Halley' 6-max Seat #1 is the button
Seat 1: T0mRedl ($2 in chips) 
Seat 2: Unstoppabble ($2.13 in chips) 
Seat 3: delitantPS ($0.76 in chips) 
Seat 4: HubertusB ($1.81 in chips) 
Seat 5: fxm341 ($2.61 in chips) 
Seat 6: Pere Ubu ($1.61 in chips) 
Unstoppabble: posts small blind $0.01
delitantPS: posts big blind $0.02
*** HOLE CARDS ***
Dealt to HubertusB [Qh Jh]
HubertusB: raises $0.04 to $0.06
fxm341: folds 
Pere Ubu: folds 
T0mRedl: folds 
Unstoppabble: folds 
delitantPS: folds 
Uncalled bet ($0.04) returned to HubertusB
HubertusB collected $0.05 from pot
HubertusB: doesn't show hand 
*** SUMMARY ***
Total pot $0.05 | Rake $0 
Seat 1: T0mRedl (button) folded before Flop (didn't bet)
Seat 2: Unstoppabble (small blind) folded before Flop
Seat 3: delitantPS (big blind) folded before Flop
Seat 4: HubertusB collected ($0.05)
Seat 5: fxm341 folded before Flop (didn't bet)
Seat 6: Pere Ubu folded before Flop (didn't bet)



PokerStars Zoom Hand #186524691397:  Hold'em No Limit ($0.01/$0.02) - 2018/05/17 20:30:37 CCT [2018/05/17 8:30:37 ET]
Table 'Halley' 6-max Seat #1 is the button
Seat 1: TsaturianAA ($2 in chips) 
Seat 2: fxm341 ($2 in chips) 
Seat 3: Novikov_PM ($2.67 in chips) 
Seat 4: HubertusB ($1.81 in chips) 
Seat 5: magolsz34 ($8.26 in chips) 
Seat 6: pellion ($1.82 in chips) 
fxm341: posts small blind $0.01
Novikov_PM: posts big blind $0.02
*** HOLE CARDS ***
Dealt to HubertusB [5h 2s]
HubertusB: folds 
magolsz34: folds 
pellion: raises $0.06 to $0.08
TsaturianAA: folds 
fxm341: folds 
Novikov_PM: folds 
Uncalled bet ($0.06) returned to pellion
pellion collected $0.05 from pot
pellion: doesn't show hand 
*** SUMMARY ***
Total pot $0.05 | Rake $0 
Seat 1: TsaturianAA (button) folded before Flop (didn't bet)
Seat 2: fxm341 (small blind) folded before Flop
Seat 3: Novikov_PM (big blind) folded before Flop
Seat 4: HubertusB folded before Flop (didn't bet)
Seat 5: magolsz34 folded before Flop (didn't bet)
Seat 6: pellion collected ($0.05)



PokerStars Zoom Hand #186524698511:  Hold'em No Limit ($0.01/$0.02) - 2018/05/17 20:30:54 CCT [2018/05/17 8:30:54 ET]
Table 'Halley' 6-max Seat #1 is the button
Seat 1: T0mRedl ($2.20 in chips) 
Seat 2: armor4085 ($6.93 in chips) 
Seat 3: MVDVeer1983 ($2 in chips) 
Seat 4: mcjacksonoff ($2.18 in chips) 
Seat 5: HubertusB ($1.84 in chips) 
Seat 6: AGT1960 ($2.74 in chips) 
armor4085: posts small blind $0.01
MVDVeer1983: posts big blind $0.02
*** HOLE CARDS ***
Dealt to HubertusB [5s 7h]
mcjacksonoff: folds 
HubertusB: folds 
AGT1960: raises $0.04 to $0.06
T0mRedl: folds 
armor4085: folds 
MVDVeer1983: folds 
Uncalled bet ($0.04) returned to AGT1960
AGT1960 collected $0.05 from pot
AGT1960: doesn't show hand 
*** SUMMARY ***
Total pot $0.05 | Rake $0 
Seat 1: T0mRedl (button) folded before Flop (didn't bet)
Seat 2: armor4085 (small blind) folded before Flop
Seat 3: MVDVeer1983 (big blind) folded before Flop
Seat 4: mcjacksonoff folded before Flop (didn't bet)
Seat 5: HubertusB folded before Flop (didn't bet)
Seat 6: AGT1960 collected ($0.05)



PokerStars Zoom Hand #186524701943:  Hold'em No Limit ($0.01/$0.02) - 2018/05/17 20:31:02 CCT [2018/05/17 8:31:02 ET]
Table 'Halley' 6-max Seat #1 is the button
Seat 1: HubertusB ($1.84 in chips) 
Seat 2: ghisbug ($1.30 in chips) 
Seat 3: champ8812 ($1.66 in chips) 
Seat 4: CHET2105 ($0.97 in chips) 
Seat 5: vilivegas ($2.59 in chips) 
Seat 6: NadDea ($2.02 in chips) 
ghisbug: posts small blind $0.01
champ8812: posts big blind $0.02
*** HOLE CARDS ***
Dealt to HubertusB [Tc Ad]
CHET2105: folds 
vilivegas: raises $0.04 to $0.06
NadDea: folds 
HubertusB: folds 
ghisbug: folds 
champ8812: folds 
Uncalled bet ($0.04) returned to vilivegas
vilivegas collected $0.05 from pot
vilivegas: doesn't show hand 
*** SUMMARY ***
Total pot $0.05 | Rake $0 
Seat 1: HubertusB (button) folded before Flop (didn't bet)
Seat 2: ghisbug (small blind) folded before Flop
Seat 3: champ8812 (big blind) folded before Flop
Seat 4: CHET2105 folded before Flop (didn't bet)
Seat 5: vilivegas collected ($0.05)
Seat 6: NadDea folded before Flop (didn't bet)



PokerStars Zoom Hand #186524711678:  Hold'em No Limit ($0.01/$0.02) - 2018/05/17 20:31:25 CCT [2018/05/17 8:31:25 ET]
Table 'Halley' 6-max Seat #1 is the button
Seat 1: Saukra ($3.94 in chips) 
Seat 2: salomone29 ($1.52 in chips) 
Seat 3: HubertusB ($1.84 in chips) 
Seat 4: Davydovden34 ($2.34 in chips) 
Seat 5: Neptune27 ($2.03 in chips) 
Seat 6: Rep_Nothing ($3.43 in chips) 
salomone29: posts small blind $0.01
HubertusB: posts big blind $0.02
*** HOLE CARDS ***
Dealt to HubertusB [Jd Ks]
Davydovden34: folds 
Neptune27: folds 
Rep_Nothing: raises $0.04 to $0.06
Saukra: folds 
salomone29: folds 
HubertusB: folds 
Uncalled bet ($0.04) returned to Rep_Nothing
Rep_Nothing collected $0.05 from pot
Rep_Nothing: doesn't show hand 
*** SUMMARY ***
Total pot $0.05 | Rake $0 
Seat 1: Saukra (button) folded before Flop (didn't bet)
Seat 2: salomone29 (small blind) folded before Flop
Seat 3: HubertusB (big blind) folded before Flop
Seat 4: Davydovden34 folded before Flop (didn't bet)
Seat 5: Neptune27 folded before Flop (didn't bet)
Seat 6: Rep_Nothing collected ($0.05)



PokerStars Zoom Hand #186524715897:  Hold'em No Limit ($0.01/$0.02) - 2018/05/17 20:31:35 CCT [2018/05/17 8:31:35 ET]
Table 'Halley' 6-max Seat #1 is the button
Seat 1: Kowgan ($2.01 in chips) 
Seat 2: HubertusB ($1.82 in chips) 
Seat 3: buttonlife ($2 in chips) 
Seat 4: hirsch262 ($2.04 in chips) 
Seat 5: Draw_Warrior ($2.05 in chips) 
Seat 6: 888lifeIS ($2.28 in chips) 
HubertusB: posts small blind $0.01
buttonlife: posts big blind $0.02
*** HOLE CARDS ***
Dealt to HubertusB [9c Jc]
hirsch262: raises $0.04 to $0.06
Draw_Warrior: folds 
888lifeIS: folds 
Kowgan: folds 
HubertusB: folds 
buttonlife: folds 
Uncalled bet ($0.04) returned to hirsch262
hirsch262 collected $0.05 from pot
hirsch262: doesn't show hand 
*** SUMMARY ***
Total pot $0.05 | Rake $0 
Seat 1: Kowgan (button) folded before Flop (didn't bet)
Seat 2: HubertusB (small blind) folded before Flop
Seat 3: buttonlife (big blind) folded before Flop
Seat 4: hirsch262 collected ($0.05)
Seat 5: Draw_Warrior folded before Flop (didn't bet)
Seat 6: 888lifeIS folded before Flop (didn't bet)



PokerStars Zoom Hand #186524722702:  Hold'em No Limit ($0.01/$0.02) - 2018/05/17 20:31:51 CCT [2018/05/17 8:31:51 ET]
Table 'Halley' 6-max Seat #1 is the button
Seat 1: DLoginova ($2.35 in chips) 
Seat 2: naokiti ($2.10 in chips) 
Seat 3: HubertusB ($1.81 in chips) 
Seat 4: 777fufufu ($2.15 in chips) 
Seat 5: PyKuKpaHoM ($3.73 in chips) 
Seat 6: AJIEKC ($2 in chips) 
naokiti: posts small blind $0.01
HubertusB: posts big blind $0.02
*** HOLE CARDS ***
Dealt to HubertusB [9s As]
777fufufu: raises $0.04 to $0.06
PyKuKpaHoM: folds 
AJIEKC: folds 
DLoginova: folds 
naokiti: folds 
HubertusB: folds 
Uncalled bet ($0.04) returned to 777fufufu
777fufufu collected $0.05 from pot
777fufufu: doesn't show hand 
*** SUMMARY ***
Total pot $0.05 | Rake $0 
Seat 1: DLoginova (button) folded before Flop (didn't bet)
Seat 2: naokiti (small blind) folded before Flop
Seat 3: HubertusB (big blind) folded before Flop
Seat 4: 777fufufu collected ($0.05)
Seat 5: PyKuKpaHoM folded before Flop (didn't bet)
Seat 6: AJIEKC folded before Flop (didn't bet)



PokerStars Zoom Hand #186524728548:  Hold'em No Limit ($0.01/$0.02) - 2018/05/17 20:32:05 CCT [2018/05/17 8:32:05 ET]
Table 'Halley' 6-max Seat #1 is the button
Seat 1: PISAK1989 ($2.60 in chips) 
Seat 2: marcioadrs ($2.30 in chips) 
Seat 3: 1blanqueanu1 ($2.99 in chips) 
Seat 4: Wkite ($2.35 in chips) 
Seat 5: HubertusB ($1.79 in chips) 
Seat 6: Fostal_by ($2.21 in chips) 
marcioadrs: posts small blind $0.01
1blanqueanu1: posts big blind $0.02
*** HOLE CARDS ***
Dealt to HubertusB [5s 2d]
Wkite: folds 
HubertusB: folds 
Fostal_by: folds 
PISAK1989: folds 
marcioadrs: raises $0.04 to $0.06
1blanqueanu1: folds 
Uncalled bet ($0.04) returned to marcioadrs
marcioadrs collected $0.04 from pot
marcioadrs: doesn't show hand 
*** SUMMARY ***
Total pot $0.04 | Rake $0 
Seat 1: PISAK1989 (button) folded before Flop (didn't bet)
Seat 2: marcioadrs (small blind) collected ($0.04)
Seat 3: 1blanqueanu1 (big blind) folded before Flop
Seat 4: Wkite folded before Flop (didn't bet)
Seat 5: HubertusB folded before Flop (didn't bet)
Seat 6: Fostal_by folded before Flop (didn't bet)



PokerStars Zoom Hand #186524720593:  Hold'em No Limit ($0.01/$0.02) - 2018/05/17 20:31:46 CCT [2018/05/17 8:31:46 ET]
Table 'Halley' 6-max Seat #1 is the button
Seat 1: FTWID ($5.02 in chips) 
Seat 2: iLLuRi ($1.99 in chips) 
Seat 3: amigo_mesh ($2.10 in chips) 
Seat 4: kolacar ($2.52 in chips) 
Seat 5: gds2003 ($1.34 in chips) 
Seat 6: HubertusB ($1.81 in chips) 
iLLuRi: posts small blind $0.01
amigo_mesh: posts big blind $0.02
*** HOLE CARDS ***
Dealt to HubertusB [8h Kc]
kolacar: folds 
gds2003: folds 
HubertusB: folds 
FTWID: raises $0.03 to $0.05
iLLuRi: calls $0.04
amigo_mesh: folds 
*** FLOP *** [8d 4h Ac]
iLLuRi: checks 
FTWID: bets $0.07
iLLuRi: folds 
Uncalled bet ($0.07) returned to FTWID
FTWID collected $0.12 from pot
FTWID: doesn't show hand 
*** SUMMARY ***
Total pot $0.12 | Rake $0 
Board [8d 4h Ac]
Seat 1: FTWID (button) collected ($0.12)
Seat 2: iLLuRi (small blind) folded on the Flop
Seat 3: amigo_mesh (big blind) folded before Flop
Seat 4: kolacar folded before Flop (didn't bet)
Seat 5: gds2003 folded before Flop (didn't bet)
Seat 6: HubertusB folded before Flop (didn't bet)



PokerStars Zoom Hand #186524731038:  Hold'em No Limit ($0.01/$0.02) - 2018/05/17 20:32:11 CCT [2018/05/17 8:32:11 ET]
Table 'Halley' 6-max Seat #1 is the button
Seat 1: HubertusB ($1.79 in chips) 
Seat 2: TsaturianAA ($2 in chips) 
Seat 3: mufan7777 ($1.92 in chips) 
Seat 4: Novikov_PM ($2.72 in chips) 
Seat 5: semirami2 ($2 in chips) 
Seat 6: SPivasom ($2.96 in chips) 
TsaturianAA: posts small blind $0.01
mufan7777: posts big blind $0.02
*** HOLE CARDS ***
Dealt to HubertusB [As Ks]
Novikov_PM: folds 
semirami2: folds 
SPivasom: raises $0.03 to $0.05
HubertusB: raises $0.13 to $0.18
TsaturianAA: folds 
mufan7777: folds 
SPivasom: folds 
Uncalled bet ($0.13) returned to HubertusB
HubertusB collected $0.13 from pot
HubertusB: doesn't show hand 
*** SUMMARY ***
Total pot $0.13 | Rake $0 
Seat 1: HubertusB (button) collected ($0.13)
Seat 2: TsaturianAA (small blind) folded before Flop
Seat 3: mufan7777 (big blind) folded before Flop
Seat 4: Novikov_PM folded before Flop (didn't bet)
Seat 5: semirami2 folded before Flop (didn't bet)
Seat 6: SPivasom folded before Flop



PokerStars Zoom Hand #186524743709:  Hold'em No Limit ($0.01/$0.02) - 2018/05/17 20:32:41 CCT [2018/05/17 8:32:41 ET]
Table 'Halley' 6-max Seat #1 is the button
Seat 1: Gostina ($2.67 in chips) 
Seat 2: HubertusB ($1.87 in chips) 
Seat 3: vitalgl74 ($5.76 in chips) 
Seat 4: markos8366 ($2 in chips) 
Seat 5: dukey09 ($1.21 in chips) 
Seat 6: veksy ($2 in chips) 
HubertusB: posts small blind $0.01
vitalgl74: posts big blind $0.02
*** HOLE CARDS ***
Dealt to HubertusB [As Th]
markos8366: folds 
dukey09: folds 
veksy: folds 
Gostina: folds 
HubertusB: raises $0.03 to $0.05
vitalgl74: folds 
Uncalled bet ($0.03) returned to HubertusB
HubertusB collected $0.04 from pot
HubertusB: doesn't show hand 
*** SUMMARY ***
Total pot $0.04 | Rake $0 
Seat 1: Gostina (button) folded before Flop (didn't bet)
Seat 2: HubertusB (small blind) collected ($0.04)
Seat 3: vitalgl74 (big blind) folded before Flop
Seat 4: markos8366 folded before Flop (didn't bet)
Seat 5: dukey09 folded before Flop (didn't bet)
Seat 6: veksy folded before Flop (didn't bet)



PokerStars Zoom Hand #186524752210:  Hold'em No Limit ($0.01/$0.02) - 2018/05/17 20:33:01 CCT [2018/05/17 8:33:01 ET]
Table 'Halley' 6-max Seat #1 is the button
Seat 1: HubertusB ($1.89 in chips) 
Seat 2: Loverboyhaha ($1.23 in chips) 
Seat 3: gehcastro ($2 in chips) 
Seat 4: arnebever ($2.19 in chips) 
Seat 5: mirr64 ($1.53 in chips) 
Seat 6: Ed Frost ($2 in chips) 
Loverboyhaha: posts small blind $0.01
gehcastro: posts big blind $0.02
*** HOLE CARDS ***
Dealt to HubertusB [8h Jd]
arnebever: folds 
mirr64: folds 
Ed Frost: folds 
HubertusB: folds 
Loverboyhaha: folds 
Uncalled bet ($0.01) returned to gehcastro
gehcastro collected $0.02 from pot
gehcastro: doesn't show hand 
*** SUMMARY ***
Total pot $0.02 | Rake $0 
Seat 1: HubertusB (button) folded before Flop (didn't bet)
Seat 2: Loverboyhaha (small blind) folded before Flop
Seat 3: gehcastro (big blind) collected ($0.02)
Seat 4: arnebever folded before Flop (didn't bet)
Seat 5: mirr64 folded before Flop (didn't bet)
Seat 6: Ed Frost folded before Flop (didn't bet)



PokerStars Zoom Hand #186524754738:  Hold'em No Limit ($0.01/$0.02) - 2018/05/17 20:33:07 CCT [2018/05/17 8:33:07 ET]
Table 'Halley' 6-max Seat #1 is the button
Seat 1: Efimov07 ($2 in chips) 
Seat 2: Mizael nishi ($1.40 in chips) 
Seat 3: terei833 ($6.30 in chips) 
Seat 4: DmitriFm ($0.97 in chips) 
Seat 5: Gevron ($4.87 in chips) 
Seat 6: HubertusB ($1.89 in chips) 
Mizael nishi: posts small blind $0.01
terei833: posts big blind $0.02
*** HOLE CARDS ***
Dealt to HubertusB [Ac As]
DmitriFm: raises $0.02 to $0.04
Gevron: folds 
HubertusB: raises $0.11 to $0.15
Efimov07: folds 
Mizael nishi: folds 
terei833: folds 
DmitriFm: calls $0.11
*** FLOP *** [Qd Kc 4c]
DmitriFm: checks 
HubertusB: bets $0.16
DmitriFm: folds 
Uncalled bet ($0.16) returned to HubertusB
HubertusB collected $0.32 from pot
HubertusB: doesn't show hand 
*** SUMMARY ***
Total pot $0.33 | Rake $0.01 
Board [Qd Kc 4c]
Seat 1: Efimov07 (button) folded before Flop (didn't bet)
Seat 2: Mizael nishi (small blind) folded before Flop
Seat 3: terei833 (big blind) folded before Flop
Seat 4: DmitriFm folded on the Flop
Seat 5: Gevron folded before Flop (didn't bet)
Seat 6: HubertusB collected ($0.32)



PokerStars Zoom Hand #186524778598:  Hold'em No Limit ($0.01/$0.02) - 2018/05/17 20:34:04 CCT [2018/05/17 8:34:04 ET]
Table 'Halley' 6-max Seat #1 is the button
Seat 1: cahalfish ($2 in chips) 
Seat 2: Rep_Nothing ($2.79 in chips) 
Seat 3: fitzroy3570 ($2.18 in chips) 
Seat 4: champ8812 ($1.72 in chips) 
Seat 5: HubertusB ($2.06 in chips) 
Seat 6: MrPokerProAA ($16.16 in chips) 
Rep_Nothing: posts small blind $0.01
fitzroy3570: posts big blind $0.02
*** HOLE CARDS ***
Dealt to HubertusB [Kc 6h]
champ8812: folds 
HubertusB: folds 
MrPokerProAA: folds 
cahalfish: raises $0.03 to $0.05
Rep_Nothing: folds 
fitzroy3570: folds 
Uncalled bet ($0.03) returned to cahalfish
cahalfish collected $0.05 from pot
cahalfish: doesn't show hand 
*** SUMMARY ***
Total pot $0.05 | Rake $0 
Seat 1: cahalfish (button) collected ($0.05)
Seat 2: Rep_Nothing (small blind) folded before Flop
Seat 3: fitzroy3570 (big blind) folded before Flop
Seat 4: champ8812 folded before Flop (didn't bet)
Seat 5: HubertusB folded before Flop (didn't bet)
Seat 6: MrPokerProAA folded before Flop (didn't bet)



PokerStars Zoom Hand #186524781211:  Hold'em No Limit ($0.01/$0.02) - 2018/05/17 20:34:10 CCT [2018/05/17 8:34:10 ET]
Table 'Halley' 6-max Seat #1 is the button
Seat 1: Johneik ($2 in chips) 
Seat 2: kaza4ok1979 ($2.66 in chips) 
Seat 3: AVyiO ($1.94 in chips) 
Seat 4: HubertusB ($2.06 in chips) 
Seat 5: Locke Lam0ra ($2.15 in chips) 
Seat 6: Anubith ($0.94 in chips) 
kaza4ok1979: posts small blind $0.01
AVyiO: posts big blind $0.02
*** HOLE CARDS ***
Dealt to HubertusB [Jc Js]
HubertusB: raises $0.04 to $0.06
Locke Lam0ra: folds 
Anubith: calls $0.06
Johneik: folds 
kaza4ok1979: folds 
AVyiO: folds 
*** FLOP *** [3h Tc 4c]
HubertusB: bets $0.07
Anubith: calls $0.07
*** TURN *** [3h Tc 4c] [Th]
HubertusB: checks 
Anubith: bets $0.14
HubertusB: calls $0.14
*** RIVER *** [3h Tc 4c Th] [9h]
HubertusB: checks 
Anubith: bets $0.28
HubertusB: calls $0.28
*** SHOW DOWN ***
Anubith: shows [As Ts] (three of a kind, Tens)
HubertusB: mucks hand 
Anubith collected $1.09 from pot
*** SUMMARY ***
Total pot $1.13 | Rake $0.04 
Board [3h Tc 4c Th 9h]
Seat 1: Johneik (button) folded before Flop (didn't bet)
Seat 2: kaza4ok1979 (small blind) folded before Flop
Seat 3: AVyiO (big blind) folded before Flop
Seat 4: HubertusB mucked [Jc Js]
Seat 5: Locke Lam0ra folded before Flop (didn't bet)
Seat 6: Anubith showed [As Ts] and won ($1.09) with three of a kind, Tens



PokerStars Zoom Hand #186524808462:  Hold'em No Limit ($0.01/$0.02) - 2018/05/17 20:35:15 CCT [2018/05/17 8:35:15 ET]
Table 'Halley' 6-max Seat #1 is the button
Seat 1: V1p.504 ($3.39 in chips) 
Seat 2: T0mRedl ($2.23 in chips) 
Seat 3: HubertusB ($1.51 in chips) 
Seat 4: arika00 ($1.36 in chips) 
Seat 5: IMMPORT@L ($2.03 in chips) 
Seat 6: Machairodont ($8.94 in chips) 
T0mRedl: posts small blind $0.01
HubertusB: posts big blind $0.02
*** HOLE CARDS ***
Dealt to HubertusB [6c 6d]
arika00: calls $0.02
IMMPORT@L: raises $0.07 to $0.09
Machairodont: folds 
V1p.504: folds 
T0mRedl: folds 
HubertusB: calls $0.07
arika00: folds 
*** FLOP *** [7s Ad Td]
HubertusB: checks 
IMMPORT@L: bets $0.13
HubertusB: folds 
Uncalled bet ($0.13) returned to IMMPORT@L
IMMPORT@L collected $0.20 from pot
IMMPORT@L: doesn't show hand 
*** SUMMARY ***
Total pot $0.21 | Rake $0.01 
Board [7s Ad Td]
Seat 1: V1p.504 (button) folded before Flop (didn't bet)
Seat 2: T0mRedl (small blind) folded before Flop
Seat 3: HubertusB (big blind) folded on the Flop
Seat 4: arika00 folded before Flop
Seat 5: IMMPORT@L collected ($0.20)
Seat 6: Machairodont folded before Flop (didn't bet)



PokerStars Zoom Hand #186524828877:  Hold'em No Limit ($0.01/$0.02) - 2018/05/17 20:36:04 CCT [2018/05/17 8:36:04 ET]
Table 'Halley' 6-max Seat #1 is the button
Seat 1: maxm198 ($3.49 in chips) 
Seat 2: Losimas(LT) ($2.23 in chips) 
Seat 3: pratiano Norber ($2 in chips) 
Seat 4: HubertusB ($1.42 in chips) 
Seat 5: Crowned SULA ($2.33 in chips) 
Seat 6: Johneik ($2 in chips) 
Losimas(LT): posts small blind $0.01
pratiano Norber: posts big blind $0.02
*** HOLE CARDS ***
Dealt to HubertusB [Th 4c]
HubertusB: folds 
Crowned SULA: raises $0.04 to $0.06
Johneik: folds 
maxm198: folds 
Losimas(LT): folds 
pratiano Norber: folds 
Uncalled bet ($0.04) returned to Crowned SULA
Crowned SULA collected $0.05 from pot
Crowned SULA: doesn't show hand 
*** SUMMARY ***
Total pot $0.05 | Rake $0 
Seat 1: maxm198 (button) folded before Flop (didn't bet)
Seat 2: Losimas(LT) (small blind) folded before Flop
Seat 3: pratiano Norber (big blind) folded before Flop
Seat 4: HubertusB folded before Flop (didn't bet)
Seat 5: Crowned SULA collected ($0.05)
Seat 6: Johneik folded before Flop (didn't bet)



PokerStars Zoom Hand #186524841895:  Hold'em No Limit ($0.01/$0.02) - 2018/05/17 20:36:35 CCT [2018/05/17 8:36:35 ET]
Table 'Halley' 6-max Seat #1 is the button
Seat 1: HubertusB ($1.41 in chips) 
Seat 2: Tom_Jerry373 ($1.46 in chips) 
Seat 3: vcrocksnj ($0.61 in chips) 
Seat 4: ivan show276 ($2.19 in chips) 
Seat 5: PavGur77 ($1.82 in chips) 
Seat 6: vitalgl74 ($2.81 in chips) 
Tom_Jerry373: posts small blind $0.01
vcrocksnj: posts big blind $0.02
*** HOLE CARDS ***
Dealt to HubertusB [6h 7c]
ivan show276: folds 
PavGur77: folds 
vitalgl74: folds 
HubertusB: folds 
Tom_Jerry373: raises $0.02 to $0.04
vcrocksnj: folds 
Uncalled bet ($0.02) returned to Tom_Jerry373
Tom_Jerry373 collected $0.04 from pot
Tom_Jerry373: doesn't show hand 
*** SUMMARY ***
Total pot $0.04 | Rake $0 
Seat 1: HubertusB (button) folded before Flop (didn't bet)
Seat 2: Tom_Jerry373 (small blind) collected ($0.04)
Seat 3: vcrocksnj (big blind) folded before Flop
Seat 4: ivan show276 folded before Flop (didn't bet)
Seat 5: PavGur77 folded before Flop (didn't bet)
Seat 6: vitalgl74 folded before Flop (didn't bet)



PokerStars Zoom Hand #186524846833:  Hold'em No Limit ($0.01/$0.02) - 2018/05/17 20:36:47 CCT [2018/05/17 8:36:47 ET]
Table 'Halley' 6-max Seat #1 is the button
Seat 1: Gevron ($5.23 in chips) 
Seat 2: leonidsss ($2.07 in chips) 
Seat 3: NadDea ($2.50 in chips) 
Seat 4: HubertusB ($1.41 in chips) 
Seat 5: gehcastro ($2.04 in chips) 
Seat 6: PandaPower12 ($2.68 in chips) 
leonidsss: posts small blind $0.01
NadDea: posts big blind $0.02
*** HOLE CARDS ***
Dealt to HubertusB [6h 2c]
HubertusB: folds 
gehcastro: folds 
PandaPower12: folds 
Gevron: folds 
leonidsss: folds 
Uncalled bet ($0.01) returned to NadDea
NadDea collected $0.02 from pot
NadDea: doesn't show hand 
*** SUMMARY ***
Total pot $0.02 | Rake $0 
Seat 1: Gevron (button) folded before Flop (didn't bet)
Seat 2: leonidsss (small blind) folded before Flop
Seat 3: NadDea (big blind) collected ($0.02)
Seat 4: HubertusB folded before Flop (didn't bet)
Seat 5: gehcastro folded before Flop (didn't bet)
Seat 6: PandaPower12 folded before Flop (didn't bet)



PokerStars Zoom Hand #186524831370:  Hold'em No Limit ($0.01/$0.02) - 2018/05/17 20:36:10 CCT [2018/05/17 8:36:10 ET]
Table 'Halley' 6-max Seat #1 is the button
Seat 1: maxm198 ($2.74 in chips) 
Seat 2: HubertusB ($1.42 in chips) 
Seat 3: immunepwnz9 ($1.33 in chips) 
Seat 4: markos8366 ($2 in chips) 
Seat 5: PISAK1989 ($2.41 in chips) 
Seat 6: Machairodont ($1.58 in chips) 
HubertusB: posts small blind $0.01
immunepwnz9: posts big blind $0.02
*** HOLE CARDS ***
Dealt to HubertusB [6h 4h]
markos8366: folds 
PISAK1989: folds 
Machairodont: raises $0.04 to $0.06
maxm198: calls $0.06
HubertusB: folds 
immunepwnz9: raises $0.19 to $0.25
Machairodont: folds 
maxm198: calls $0.19
*** FLOP *** [4s Td Ts]
immunepwnz9: bets $0.28
maxm198: folds 
Uncalled bet ($0.28) returned to immunepwnz9
immunepwnz9 collected $0.55 from pot
immunepwnz9: doesn't show hand 
*** SUMMARY ***
Total pot $0.57 | Rake $0.02 
Board [4s Td Ts]
Seat 1: maxm198 (button) folded on the Flop
Seat 2: HubertusB (small blind) folded before Flop
Seat 3: immunepwnz9 (big blind) collected ($0.55)
Seat 4: markos8366 folded before Flop (didn't bet)
Seat 5: PISAK1989 folded before Flop (didn't bet)
Seat 6: Machairodont folded before Flop



PokerStars Zoom Hand #186524850988:  Hold'em No Limit ($0.01/$0.02) - 2018/05/17 20:36:57 CCT [2018/05/17 8:36:57 ET]
Table 'Halley' 6-max Seat #1 is the button
Seat 1: Machairodont ($1.49 in chips) 
Seat 2: Brocaine1 ($2.34 in chips) 
Seat 3: HubertusB ($1.41 in chips) 
Seat 4: GI G0!² ($2.24 in chips) 
Seat 5: fasiben ($2 in chips) 
Seat 6: tolfdirr ($2 in chips) 
Brocaine1: posts small blind $0.01
HubertusB: posts big blind $0.02
*** HOLE CARDS ***
Dealt to HubertusB [9d 3d]
GI G0!²: folds 
fasiben: raises $0.04 to $0.06
tolfdirr: folds 
Machairodont: folds 
Brocaine1: folds 
HubertusB: folds 
Uncalled bet ($0.04) returned to fasiben
fasiben collected $0.05 from pot
fasiben: doesn't show hand 
*** SUMMARY ***
Total pot $0.05 | Rake $0 
Seat 1: Machairodont (button) folded before Flop (didn't bet)
Seat 2: Brocaine1 (small blind) folded before Flop
Seat 3: HubertusB (big blind) folded before Flop
Seat 4: GI G0!² folded before Flop (didn't bet)
Seat 5: fasiben collected ($0.05)
Seat 6: tolfdirr folded before Flop (didn't bet)



PokerStars Zoom Hand #186524854812:  Hold'em No Limit ($0.01/$0.02) - 2018/05/17 20:37:06 CCT [2018/05/17 8:37:06 ET]
Table 'Halley' 6-max Seat #1 is the button
Seat 1: Marat020775 ($1.88 in chips) 
Seat 2: ishihiro ($2 in chips) 
Seat 3: El_Diego_9 ($2 in chips) 
Seat 4: rolyeah ($3.76 in chips) 
Seat 5: HubertusB ($1.39 in chips) 
Seat 6: klon2311 ($1.88 in chips) 
ishihiro: posts small blind $0.01
El_Diego_9: posts big blind $0.02
*** HOLE CARDS ***
Dealt to HubertusB [2c 3c]
rolyeah: folds 
HubertusB: folds 
klon2311: folds 
Marat020775: folds 
ishihiro: folds 
Uncalled bet ($0.01) returned to El_Diego_9
El_Diego_9 collected $0.02 from pot
El_Diego_9: doesn't show hand 
*** SUMMARY ***
Total pot $0.02 | Rake $0 
Seat 1: Marat020775 (button) folded before Flop (didn't bet)
Seat 2: ishihiro (small blind) folded before Flop
Seat 3: El_Diego_9 (big blind) collected ($0.02)
Seat 4: rolyeah folded before Flop (didn't bet)
Seat 5: HubertusB folded before Flop (didn't bet)
Seat 6: klon2311 folded before Flop (didn't bet)



PokerStars Zoom Hand #186524839385:  Hold'em No Limit ($0.01/$0.02) - 2018/05/17 20:36:29 CCT [2018/05/17 8:36:29 ET]
Table 'Halley' 6-max Seat #1 is the button
Seat 1: PISAK1989 ($2.36 in chips) 
Seat 2: alfalex ($3.01 in chips) 
Seat 3: rolyeah ($2.18 in chips) 
Seat 4: VelosNM ($3.80 in chips) 
Seat 5: MVDVeer1983 ($2 in chips) 
Seat 6: HubertusB ($1.41 in chips) 
alfalex: posts small blind $0.01
rolyeah: posts big blind $0.02
*** HOLE CARDS ***
Dealt to HubertusB [7c Td]
VelosNM: raises $0.03 to $0.05
MVDVeer1983: folds 
HubertusB: folds 
PISAK1989: folds 
alfalex: folds 
rolyeah: calls $0.03
*** FLOP *** [8d 9h 3c]
rolyeah: bets $0.07
VelosNM: folds 
Uncalled bet ($0.07) returned to rolyeah
rolyeah collected $0.11 from pot
rolyeah: doesn't show hand 
*** SUMMARY ***
Total pot $0.11 | Rake $0 
Board [8d 9h 3c]
Seat 1: PISAK1989 (button) folded before Flop (didn't bet)
Seat 2: alfalex (small blind) folded before Flop
Seat 3: rolyeah (big blind) collected ($0.11)
Seat 4: VelosNM folded on the Flop
Seat 5: MVDVeer1983 folded before Flop (didn't bet)
Seat 6: HubertusB folded before Flop (didn't bet)



PokerStars Zoom Hand #186524856880:  Hold'em No Limit ($0.01/$0.02) - 2018/05/17 20:37:11 CCT [2018/05/17 8:37:11 ET]
Table 'Halley' 6-max Seat #1 is the button
Seat 1: HubertusB ($1.39 in chips) 
Seat 2: armor4085 ($3.02 in chips) 
Seat 3: maxm198 ($3.73 in chips) 
Seat 4: jusigma ($2.69 in chips) 
Seat 5: AJIEKC ($2 in chips) 
Seat 6: Saratushtra ($2.53 in chips) 
armor4085: posts small blind $0.01
maxm198: posts big blind $0.02
*** HOLE CARDS ***
Dealt to HubertusB [5d 2h]
jusigma: folds 
AJIEKC: folds 
Saratushtra: folds 
HubertusB: folds 
armor4085: folds 
Uncalled bet ($0.01) returned to maxm198
maxm198 collected $0.02 from pot
maxm198: doesn't show hand 
*** SUMMARY ***
Total pot $0.02 | Rake $0 
Seat 1: HubertusB (button) folded before Flop (didn't bet)
Seat 2: armor4085 (small blind) folded before Flop
Seat 3: maxm198 (big blind) collected ($0.02)
Seat 4: jusigma folded before Flop (didn't bet)
Seat 5: AJIEKC folded before Flop (didn't bet)
Seat 6: Saratushtra folded before Flop (didn't bet)



PokerStars Zoom Hand #186524848921:  Hold'em No Limit ($0.01/$0.02) - 2018/05/17 20:36:52 CCT [2018/05/17 8:36:52 ET]
Table 'Halley' 6-max Seat #1 is the button
Seat 1: V1p.504 ($2.11 in chips) 
Seat 2: FTWID ($5.78 in chips) 
Seat 3: ccvvisa ($2.34 in chips) 
Seat 4: viigrivau ($2.41 in chips) 
Seat 5: ghisbug ($3.41 in chips) 
Seat 6: HubertusB ($1.41 in chips) 
FTWID: posts small blind $0.01
ccvvisa: posts big blind $0.02
*** HOLE CARDS ***
Dealt to HubertusB [8c 2s]
viigrivau: raises $0.06 to $0.08
ghisbug: calls $0.08
HubertusB: folds 
V1p.504: folds 
FTWID: folds 
ccvvisa: folds 
*** FLOP *** [4c 3c 2h]
viigrivau: checks 
ghisbug: bets $0.09
viigrivau: folds 
Uncalled bet ($0.09) returned to ghisbug
ghisbug collected $0.18 from pot
ghisbug: doesn't show hand 
*** SUMMARY ***
Total pot $0.19 | Rake $0.01 
Board [4c 3c 2h]
Seat 1: V1p.504 (button) folded before Flop (didn't bet)
Seat 2: FTWID (small blind) folded before Flop
Seat 3: ccvvisa (big blind) folded before Flop
Seat 4: viigrivau folded on the Flop
Seat 5: ghisbug collected ($0.18)
Seat 6: HubertusB folded before Flop (didn't bet)



PokerStars Zoom Hand #186524859400:  Hold'em No Limit ($0.01/$0.02) - 2018/05/17 20:37:17 CCT [2018/05/17 8:37:17 ET]
Table 'Halley' 6-max Seat #1 is the button
Seat 1: AVyiO ($1.64 in chips) 
Seat 2: VelosNM ($3.67 in chips) 
Seat 3: HubertusB ($1.39 in chips) 
Seat 4: jusigma ($2.69 in chips) 
Seat 5: SersemTT ($7.40 in chips) 
Seat 6: hirsch262 ($2.14 in chips) 
VelosNM: posts small blind $0.01
HubertusB: posts big blind $0.02
*** HOLE CARDS ***
Dealt to HubertusB [Qc Th]
jusigma: folds 
SersemTT: folds 
hirsch262: folds 
AVyiO: folds 
VelosNM: raises $0.02 to $0.04
HubertusB: calls $0.02
*** FLOP *** [2d Ac 3c]
VelosNM: checks 
HubertusB: bets $0.04
VelosNM: folds 
Uncalled bet ($0.04) returned to HubertusB
HubertusB collected $0.08 from pot
HubertusB: doesn't show hand 
*** SUMMARY ***
Total pot $0.08 | Rake $0 
Board [2d Ac 3c]
Seat 1: AVyiO (button) folded before Flop (didn't bet)
Seat 2: VelosNM (small blind) folded on the Flop
Seat 3: HubertusB (big blind) collected ($0.08)
Seat 4: jusigma folded before Flop (didn't bet)
Seat 5: SersemTT folded before Flop (didn't bet)
Seat 6: hirsch262 folded before Flop (didn't bet)



PokerStars Zoom Hand #186524883663:  Hold'em No Limit ($0.01/$0.02) - 2018/05/17 20:38:15 CCT [2018/05/17 8:38:15 ET]
Table 'Halley' 6-max Seat #1 is the button
Seat 1: 66egorik ($2 in chips) 
Seat 2: HubertusB ($1.43 in chips) 
Seat 3: SS526 ($2.55 in chips) 
Seat 4: Franxia II ($1.74 in chips) 
Seat 5: OlhaComoVaii ($2.52 in chips) 
Seat 6: venek73 ($2.07 in chips) 
HubertusB: posts small blind $0.01
SS526: posts big blind $0.02
*** HOLE CARDS ***
Dealt to HubertusB [3c 3h]
Franxia II: folds 
OlhaComoVaii: folds 
venek73: folds 
66egorik: folds 
HubertusB: raises $0.03 to $0.05
SS526: folds 
Uncalled bet ($0.03) returned to HubertusB
HubertusB collected $0.04 from pot
HubertusB: doesn't show hand 
*** SUMMARY ***
Total pot $0.04 | Rake $0 
Seat 1: 66egorik (button) folded before Flop (didn't bet)
Seat 2: HubertusB (small blind) collected ($0.04)
Seat 3: SS526 (big blind) folded before Flop
Seat 4: Franxia II folded before Flop (didn't bet)
Seat 5: OlhaComoVaii folded before Flop (didn't bet)
Seat 6: venek73 folded before Flop (didn't bet)



PokerStars Zoom Hand #186524889907:  Hold'em No Limit ($0.01/$0.02) - 2018/05/17 20:38:30 CCT [2018/05/17 8:38:30 ET]
Table 'Halley' 6-max Seat #1 is the button
Seat 1: ConQuRoR25 ($1.97 in chips) 
Seat 2: Kucher2 ($2.15 in chips) 
Seat 3: sunao1983 ($1.93 in chips) 
Seat 4: PavGur77 ($2.32 in chips) 
Seat 5: vvovan ($1.99 in chips) 
Seat 6: HubertusB ($1.45 in chips) 
Kucher2: posts small blind $0.01
sunao1983: posts big blind $0.02
*** HOLE CARDS ***
Dealt to HubertusB [7c Jh]
PavGur77: folds 
vvovan: raises $0.03 to $0.05
HubertusB: folds 
ConQuRoR25: folds 
Kucher2: folds 
sunao1983: calls $0.03
*** FLOP *** [3d Js Qc]
sunao1983: checks 
vvovan: checks 
*** TURN *** [3d Js Qc] [Kh]
sunao1983: bets $0.06
vvovan: folds 
Uncalled bet ($0.06) returned to sunao1983
sunao1983 collected $0.11 from pot
sunao1983: doesn't show hand 
*** SUMMARY ***
Total pot $0.11 | Rake $0 
Board [3d Js Qc Kh]
Seat 1: ConQuRoR25 (button) folded before Flop (didn't bet)
Seat 2: Kucher2 (small blind) folded before Flop
Seat 3: sunao1983 (big blind) collected ($0.11)
Seat 4: PavGur77 folded before Flop (didn't bet)
Seat 5: vvovan folded on the Turn
Seat 6: HubertusB folded before Flop (didn't bet)



PokerStars Zoom Hand #186524893326:  Hold'em No Limit ($0.01/$0.02) - 2018/05/17 20:38:38 CCT [2018/05/17 8:38:38 ET]
Table 'Halley' 6-max Seat #1 is the button
Seat 1: hirsch262 ($2 in chips) 
Seat 2: neo1200 ($1.10 in chips) 
Seat 3: kilechka ($2.83 in chips) 
Seat 4: SLON94 ($1.30 in chips) 
Seat 5: HubertusB ($1.45 in chips) 
Seat 6: kakRenat ($1.16 in chips) 
neo1200: posts small blind $0.01
kilechka: posts big blind $0.02
*** HOLE CARDS ***
Dealt to HubertusB [6d 5h]
SLON94: calls $0.02
HubertusB: folds 
kakRenat: folds 
hirsch262: folds 
neo1200: raises $1.08 to $1.10 and is all-in
kilechka: folds 
SLON94: calls $1.08
*** FLOP *** [Qd Jd 8d]
*** TURN *** [Qd Jd 8d] [3h]
*** RIVER *** [Qd Jd 8d 3h] [Jc]
*** SHOW DOWN ***
neo1200: shows [4s 4d] (two pair, Jacks and Fours)
SLON94: shows [Ts Ad] (a pair of Jacks)
neo1200 collected $2.14 from pot
*** SUMMARY ***
Total pot $2.22 | Rake $0.08 
Board [Qd Jd 8d 3h Jc]
Seat 1: hirsch262 (button) folded before Flop (didn't bet)
Seat 2: neo1200 (small blind) showed [4s 4d] and won ($2.14) with two pair, Jacks and Fours
Seat 3: kilechka (big blind) folded before Flop
Seat 4: SLON94 showed [Ts Ad] and lost with a pair of Jacks
Seat 5: HubertusB folded before Flop (didn't bet)
Seat 6: kakRenat folded before Flop (didn't bet)



PokerStars Zoom Hand #186524898408:  Hold'em No Limit ($0.01/$0.02) - 2018/05/17 20:38:50 CCT [2018/05/17 8:38:50 ET]
Table 'Halley' 6-max Seat #1 is the button
Seat 1: YouLooseFish ($1.52 in chips) 
Seat 2: HubertusB ($1.45 in chips) 
Seat 3: matioks ($3.19 in chips) 
Seat 4: Draw_Warrior ($2.66 in chips) 
Seat 5: mit7vgs ($2.37 in chips) 
Seat 6: mafioso77777 ($2.07 in chips) 
HubertusB: posts small blind $0.01
matioks: posts big blind $0.02
*** HOLE CARDS ***
Dealt to HubertusB [4h 8d]
Draw_Warrior: folds 
mit7vgs: folds 
mafioso77777: raises $0.02 to $0.04
YouLooseFish: folds 
HubertusB: folds 
matioks: folds 
Uncalled bet ($0.02) returned to mafioso77777
mafioso77777 collected $0.05 from pot
mafioso77777: doesn't show hand 
*** SUMMARY ***
Total pot $0.05 | Rake $0 
Seat 1: YouLooseFish (button) folded before Flop (didn't bet)
Seat 2: HubertusB (small blind) folded before Flop
Seat 3: matioks (big blind) folded before Flop
Seat 4: Draw_Warrior folded before Flop (didn't bet)
Seat 5: mit7vgs folded before Flop (didn't bet)
Seat 6: mafioso77777 collected ($0.05)



PokerStars Zoom Hand #186524895842:  Hold'em No Limit ($0.01/$0.02) - 2018/05/17 20:38:44 CCT [2018/05/17 8:38:44 ET]
Table 'Halley' 6-max Seat #1 is the button
Seat 1: IMMPORT@L ($2.06 in chips) 
Seat 2: MrBaralgin4 ($1.39 in chips) 
Seat 3: maxm198 ($5.13 in chips) 
Seat 4: HubertusB ($1.45 in chips) 
Seat 5: asusone3 ($2.05 in chips) 
Seat 6: FTWID ($2.52 in chips) 
MrBaralgin4: posts small blind $0.01
maxm198: posts big blind $0.02
*** HOLE CARDS ***
Dealt to HubertusB [7d Qd]
HubertusB: folds 
asusone3: folds 
FTWID: raises $0.03 to $0.05
IMMPORT@L: calls $0.05
MrBaralgin4: folds 
maxm198: folds 
*** FLOP *** [Ah 3h 2h]
FTWID: bets $0.09
IMMPORT@L: folds 
Uncalled bet ($0.09) returned to FTWID
FTWID collected $0.13 from pot
FTWID: doesn't show hand 
*** SUMMARY ***
Total pot $0.13 | Rake $0 
Board [Ah 3h 2h]
Seat 1: IMMPORT@L (button) folded on the Flop
Seat 2: MrBaralgin4 (small blind) folded before Flop
Seat 3: maxm198 (big blind) folded before Flop
Seat 4: HubertusB folded before Flop (didn't bet)
Seat 5: asusone3 folded before Flop (didn't bet)
Seat 6: FTWID collected ($0.13)



PokerStars Zoom Hand #186524906019:  Hold'em No Limit ($0.01/$0.02) - 2018/05/17 20:39:08 CCT [2018/05/17 8:39:08 ET]
Table 'Halley' 6-max Seat #1 is the button
Seat 1: GlllX ($2 in chips) 
Seat 2: PyKuKpaHoM ($3.15 in chips) 
Seat 3: Hubert1929 ($0.40 in chips) 
Seat 4: T0mRedl ($2 in chips) 
Seat 5: HubertusB ($1.44 in chips) 
Seat 6: mamaMarilyn ($2.09 in chips) 
PyKuKpaHoM: posts small blind $0.01
Hubert1929: posts big blind $0.02
*** HOLE CARDS ***
Dealt to HubertusB [Js Jc]
T0mRedl: folds 
HubertusB: raises $0.03 to $0.05
mamaMarilyn: calls $0.05
GlllX: folds 
PyKuKpaHoM: folds 
Hubert1929: calls $0.03
*** FLOP *** [8d As 9h]
Hubert1929: bets $0.15
HubertusB: folds 
mamaMarilyn: folds 
Uncalled bet ($0.15) returned to Hubert1929
Hubert1929 collected $0.15 from pot
Hubert1929: doesn't show hand 
*** SUMMARY ***
Total pot $0.16 | Rake $0.01 
Board [8d As 9h]
Seat 1: GlllX (button) folded before Flop (didn't bet)
Seat 2: PyKuKpaHoM (small blind) folded before Flop
Seat 3: Hubert1929 (big blind) collected ($0.15)
Seat 4: T0mRedl folded before Flop (didn't bet)
Seat 5: HubertusB folded on the Flop
Seat 6: mamaMarilyn folded on the Flop



PokerStars Zoom Hand #186524929315:  Hold'em No Limit ($0.01/$0.02) - 2018/05/17 20:40:03 CCT [2018/05/17 8:40:03 ET]
Table 'Halley' 6-max Seat #1 is the button
Seat 1: [NNS28] ($2.01 in chips) 
Seat 2: duvallwbb ($2.21 in chips) 
Seat 3: HubertusB ($1.39 in chips) 
Seat 4: 1blanqueanu1 ($2.97 in chips) 
Seat 5: IMMPORT@L ($1.76 in chips) 
Seat 6: xDrunkeNx ($1.91 in chips) 
duvallwbb: posts small blind $0.01
HubertusB: posts big blind $0.02
*** HOLE CARDS ***
Dealt to HubertusB [Qc Qs]
1blanqueanu1: folds 
IMMPORT@L: folds 
xDrunkeNx: folds 
[NNS28]: raises $0.04 to $0.06
duvallwbb: folds 
HubertusB: raises $0.13 to $0.19
[NNS28]: folds 
Uncalled bet ($0.13) returned to HubertusB
HubertusB collected $0.13 from pot
HubertusB: doesn't show hand 
*** SUMMARY ***
Total pot $0.13 | Rake $0 
Seat 1: [NNS28] (button) folded before Flop
Seat 2: duvallwbb (small blind) folded before Flop
Seat 3: HubertusB (big blind) collected ($0.13)
Seat 4: 1blanqueanu1 folded before Flop (didn't bet)
Seat 5: IMMPORT@L folded before Flop (didn't bet)
Seat 6: xDrunkeNx folded before Flop (didn't bet)



PokerStars Zoom Hand #186524924257:  Hold'em No Limit ($0.01/$0.02) - 2018/05/17 20:39:51 CCT [2018/05/17 8:39:51 ET]
Table 'Halley' 6-max Seat #1 is the button
Seat 1: HubertusB ($1.39 in chips) 
Seat 2: Butch276 ($2.01 in chips) 
Seat 3: unemotionalman ($2.08 in chips) 
Seat 4: mochimaruru ($3.46 in chips) 
Seat 5: asusone3 ($2.05 in chips) 
Seat 6: pellion ($1.83 in chips) 
Butch276: posts small blind $0.01
unemotionalman: posts big blind $0.02
*** HOLE CARDS ***
Dealt to HubertusB [Kd Ts]
mochimaruru: raises $0.03 to $0.05
asusone3: folds 
pellion: calls $0.05
HubertusB: folds 
Butch276: raises $0.20 to $0.25
unemotionalman: folds 
mochimaruru: folds 
pellion: calls $0.20
*** FLOP *** [6c 8c 6h]
Butch276: bets $0.23
pellion: calls $0.23
*** TURN *** [6c 8c 6h] [Jd]
Butch276: checks 
pellion: bets $0.49
Butch276: calls $0.49
*** RIVER *** [6c 8c 6h Jd] [6s]
Butch276: checks 
pellion: checks 
*** SHOW DOWN ***
Butch276: shows [As Ks] (three of a kind, Sixes)
pellion: shows [Jc Kc] (a full house, Sixes full of Jacks)
pellion collected $1.94 from pot
*** SUMMARY ***
Total pot $2.01 | Rake $0.07 
Board [6c 8c 6h Jd 6s]
Seat 1: HubertusB (button) folded before Flop (didn't bet)
Seat 2: Butch276 (small blind) showed [As Ks] and lost with three of a kind, Sixes
Seat 3: unemotionalman (big blind) folded before Flop
Seat 4: mochimaruru folded before Flop
Seat 5: asusone3 folded before Flop (didn't bet)
Seat 6: pellion showed [Jc Kc] and won ($1.94) with a full house, Sixes full of Jacks



PokerStars Zoom Hand #186524939385:  Hold'em No Limit ($0.01/$0.02) - 2018/05/17 20:40:27 CCT [2018/05/17 8:40:27 ET]
Table 'Halley' 6-max Seat #1 is the button
Seat 1: Saukra ($3.88 in chips) 
Seat 2: gepard35 ($2.10 in chips) 
Seat 3: Araj Moon ($6.11 in chips) 
Seat 4: spazzycanuck ($2.49 in chips) 
Seat 5: xDrunkeNx ($1.91 in chips) 
Seat 6: HubertusB ($2 in chips) 
gepard35: posts small blind $0.01
Araj Moon: posts big blind $0.02
*** HOLE CARDS ***
Dealt to HubertusB [5s 8h]
spazzycanuck: raises $0.04 to $0.06
xDrunkeNx: folds 
HubertusB: folds 
Saukra: folds 
gepard35: folds 
Araj Moon: folds 
Uncalled bet ($0.04) returned to spazzycanuck
spazzycanuck collected $0.05 from pot
spazzycanuck: doesn't show hand 
*** SUMMARY ***
Total pot $0.05 | Rake $0 
Seat 1: Saukra (button) folded before Flop (didn't bet)
Seat 2: gepard35 (small blind) folded before Flop
Seat 3: Araj Moon (big blind) folded before Flop
Seat 4: spazzycanuck collected ($0.05)
Seat 5: xDrunkeNx folded before Flop (didn't bet)
Seat 6: HubertusB folded before Flop (didn't bet)



PokerStars Zoom Hand #186524941866:  Hold'em No Limit ($0.01/$0.02) - 2018/05/17 20:40:33 CCT [2018/05/17 8:40:33 ET]
Table 'Halley' 6-max Seat #1 is the button
Seat 1: Holmes1824 ($4.36 in chips) 
Seat 2: ishihiro ($2 in chips) 
Seat 3: gepard35 ($2.09 in chips) 
Seat 4: HubertusB ($2 in chips) 
Seat 5: pellion ($1.86 in chips) 
Seat 6: Mike180380 ($2.53 in chips) 
ishihiro: posts small blind $0.01
gepard35: posts big blind $0.02
*** HOLE CARDS ***
Dealt to HubertusB [3s 3d]
HubertusB: raises $0.04 to $0.06
pellion: folds 
Mike180380: folds 
Holmes1824: folds 
ishihiro: folds 
gepard35: folds 
Uncalled bet ($0.04) returned to HubertusB
HubertusB collected $0.05 from pot
HubertusB: doesn't show hand 
*** SUMMARY ***
Total pot $0.05 | Rake $0 
Seat 1: Holmes1824 (button) folded before Flop (didn't bet)
Seat 2: ishihiro (small blind) folded before Flop
Seat 3: gepard35 (big blind) folded before Flop
Seat 4: HubertusB collected ($0.05)
Seat 5: pellion folded before Flop (didn't bet)
Seat 6: Mike180380 folded before Flop (didn't bet)



PokerStars Zoom Hand #186524948246:  Hold'em No Limit ($0.01/$0.02) - 2018/05/17 20:40:48 CCT [2018/05/17 8:40:48 ET]
Table 'Halley' 6-max Seat #1 is the button
Seat 1: AgroFoxic ($2 in chips) 
Seat 2: HubertusB ($2.03 in chips) 
Seat 3: aachenjuli ($1.95 in chips) 
Seat 4: helicocat ($1.63 in chips) 
Seat 5: Kucher2 ($1.71 in chips) 
Seat 6: David.C.M.R ($1.57 in chips) 
HubertusB: posts small blind $0.01
aachenjuli: posts big blind $0.02
*** HOLE CARDS ***
Dealt to HubertusB [Kc Kh]
helicocat: folds 
Kucher2: folds 
David.C.M.R: folds 
AgroFoxic: folds 
HubertusB: raises $0.03 to $0.05
aachenjuli: folds 
Uncalled bet ($0.03) returned to HubertusB
HubertusB collected $0.04 from pot
HubertusB: doesn't show hand 
*** SUMMARY ***
Total pot $0.04 | Rake $0 
Seat 1: AgroFoxic (button) folded before Flop (didn't bet)
Seat 2: HubertusB (small blind) collected ($0.04)
Seat 3: aachenjuli (big blind) folded before Flop
Seat 4: helicocat folded before Flop (didn't bet)
Seat 5: Kucher2 folded before Flop (didn't bet)
Seat 6: David.C.M.R folded before Flop (didn't bet)



PokerStars Zoom Hand #186524957968:  Hold'em No Limit ($0.01/$0.02) - 2018/05/17 20:41:11 CCT [2018/05/17 8:41:11 ET]
Table 'Halley' 6-max Seat #1 is the button
Seat 1: HubertusB ($2.05 in chips) 
Seat 2: skydenx ($2.07 in chips) 
Seat 3: 888lifeIS ($2.03 in chips) 
Seat 4: Marcicheku ($2.48 in chips) 
Seat 5: Efimov07 ($3.61 in chips) 
Seat 6: spazzycanuck ($2.51 in chips) 
skydenx: posts small blind $0.01
888lifeIS: posts big blind $0.02
*** HOLE CARDS ***
Dealt to HubertusB [Td 3c]
Marcicheku: folds 
Efimov07: folds 
spazzycanuck: raises $0.04 to $0.06
HubertusB: folds 
skydenx: folds 
888lifeIS: folds 
Uncalled bet ($0.04) returned to spazzycanuck
spazzycanuck collected $0.05 from pot
spazzycanuck: doesn't show hand 
*** SUMMARY ***
Total pot $0.05 | Rake $0 
Seat 1: HubertusB (button) folded before Flop (didn't bet)
Seat 2: skydenx (small blind) folded before Flop
Seat 3: 888lifeIS (big blind) folded before Flop
Seat 4: Marcicheku folded before Flop (didn't bet)
Seat 5: Efimov07 folded before Flop (didn't bet)
Seat 6: spazzycanuck collected ($0.05)



PokerStars Zoom Hand #186524965102:  Hold'em No Limit ($0.01/$0.02) - 2018/05/17 20:41:28 CCT [2018/05/17 8:41:28 ET]
Table 'Halley' 6-max Seat #1 is the button
Seat 1: ivan show276 ($2.31 in chips) 
Seat 2: Saratushtra ($3.05 in chips) 
Seat 3: ZaAzGirl ($5.28 in chips) 
Seat 4: medicalskunk ($4.14 in chips) 
Seat 5: HubertusB ($2.05 in chips) 
Seat 6: xiaochenMS ($1.94 in chips) 
Saratushtra: posts small blind $0.01
ZaAzGirl: posts big blind $0.02
*** HOLE CARDS ***
Dealt to HubertusB [Jd Ks]
medicalskunk: folds 
HubertusB: raises $0.03 to $0.05
xiaochenMS: calls $0.05
ivan show276: folds 
Saratushtra: folds 
ZaAzGirl: folds 
*** FLOP *** [Jc 6c 3h]
HubertusB: bets $0.09
xiaochenMS: folds 
Uncalled bet ($0.09) returned to HubertusB
HubertusB collected $0.13 from pot
HubertusB: doesn't show hand 
*** SUMMARY ***
Total pot $0.13 | Rake $0 
Board [Jc 6c 3h]
Seat 1: ivan show276 (button) folded before Flop (didn't bet)
Seat 2: Saratushtra (small blind) folded before Flop
Seat 3: ZaAzGirl (big blind) folded before Flop
Seat 4: medicalskunk folded before Flop (didn't bet)
Seat 5: HubertusB collected ($0.13)
Seat 6: xiaochenMS folded on the Flop



PokerStars Zoom Hand #186524980045:  Hold'em No Limit ($0.01/$0.02) - 2018/05/17 20:42:03 CCT [2018/05/17 8:42:03 ET]
Table 'Halley' 6-max Seat #1 is the button
Seat 1: AVyiO ($3.53 in chips) 
Seat 2: mohandes81 ($3.07 in chips) 
Seat 3: Win_riro_nui ($2.06 in chips) 
Seat 4: belmain.by ($2.40 in chips) 
Seat 5: Go0bus ($2.08 in chips) 
Seat 6: HubertusB ($2.13 in chips) 
mohandes81: posts small blind $0.01
Win_riro_nui: posts big blind $0.02
*** HOLE CARDS ***
Dealt to HubertusB [7c 7d]
belmain.by: folds 
Go0bus: folds 
HubertusB: raises $0.03 to $0.05
AVyiO: folds 
mohandes81: folds 
Win_riro_nui: folds 
Uncalled bet ($0.03) returned to HubertusB
HubertusB collected $0.05 from pot
HubertusB: doesn't show hand 
*** SUMMARY ***
Total pot $0.05 | Rake $0 
Seat 1: AVyiO (button) folded before Flop (didn't bet)
Seat 2: mohandes81 (small blind) folded before Flop
Seat 3: Win_riro_nui (big blind) folded before Flop
Seat 4: belmain.by folded before Flop (didn't bet)
Seat 5: Go0bus folded before Flop (didn't bet)
Seat 6: HubertusB collected ($0.05)



PokerStars Zoom Hand #186524986407:  Hold'em No Limit ($0.01/$0.02) - 2018/05/17 20:42:18 CCT [2018/05/17 8:42:18 ET]
Table 'Halley' 6-max Seat #1 is the button
Seat 1: klon2311 ($2.81 in chips) 
Seat 2: simonsand999 ($2.01 in chips) 
Seat 3: HubertusB ($2.16 in chips) 
Seat 4: egiu28 ($1.67 in chips) 
Seat 5: Kkrisz90 ($2.03 in chips) 
Seat 6: Locke Lam0ra ($2.04 in chips) 
simonsand999: posts small blind $0.01
HubertusB: posts big blind $0.02
*** HOLE CARDS ***
Dealt to HubertusB [3c Qs]
egiu28: folds 
Kkrisz90: folds 
Locke Lam0ra: folds 
klon2311: folds 
simonsand999: folds 
Uncalled bet ($0.01) returned to HubertusB
HubertusB collected $0.02 from pot
HubertusB: doesn't show hand 
*** SUMMARY ***
Total pot $0.02 | Rake $0 
Seat 1: klon2311 (button) folded before Flop (didn't bet)
Seat 2: simonsand999 (small blind) folded before Flop
Seat 3: HubertusB (big blind) collected ($0.02)
Seat 4: egiu28 folded before Flop (didn't bet)
Seat 5: Kkrisz90 folded before Flop (didn't bet)
Seat 6: Locke Lam0ra folded before Flop (didn't bet)



PokerStars Zoom Hand #186524991479:  Hold'em No Limit ($0.01/$0.02) - 2018/05/17 20:42:30 CCT [2018/05/17 8:42:30 ET]
Table 'Halley' 6-max Seat #1 is the button
Seat 1: sparky585 ($2 in chips) 
Seat 2: HubertusB ($2.17 in chips) 
Seat 3: RafaelkaAV ($2.17 in chips) 
Seat 4: mamaMarilyn ($2.02 in chips) 
Seat 5: stasondel ($3.62 in chips) 
Seat 6: Kkrisz90 ($2 in chips) 
HubertusB: posts small blind $0.01
RafaelkaAV: posts big blind $0.02
*** HOLE CARDS ***
Dealt to HubertusB [Jc 5c]
mamaMarilyn: folds 
stasondel: folds 
Kkrisz90: folds 
sparky585: folds 
HubertusB: raises $0.03 to $0.05
RafaelkaAV: folds 
Uncalled bet ($0.03) returned to HubertusB
HubertusB collected $0.04 from pot
HubertusB: doesn't show hand 
*** SUMMARY ***
Total pot $0.04 | Rake $0 
Seat 1: sparky585 (button) folded before Flop (didn't bet)
Seat 2: HubertusB (small blind) collected ($0.04)
Seat 3: RafaelkaAV (big blind) folded before Flop
Seat 4: mamaMarilyn folded before Flop (didn't bet)
Seat 5: stasondel folded before Flop (didn't bet)
Seat 6: Kkrisz90 folded before Flop (didn't bet)



PokerStars Zoom Hand #186525003813:  Hold'em No Limit ($0.01/$0.02) - 2018/05/17 20:42:59 CCT [2018/05/17 8:42:59 ET]
Table 'Halley' 6-max Seat #1 is the button
Seat 1: T0mRedl ($2.10 in chips) 
Seat 2: egiu28 ($1.62 in chips) 
Seat 3: leomax100 ($2 in chips) 
Seat 4: HubertusB ($2.19 in chips) 
Seat 5: Draw_Warrior ($2.79 in chips) 
Seat 6: kaprizka333 ($2.45 in chips) 
egiu28: posts small blind $0.01
leomax100: posts big blind $0.02
*** HOLE CARDS ***
Dealt to HubertusB [Th 5c]
HubertusB: folds 
Draw_Warrior: folds 
kaprizka333: folds 
T0mRedl: folds 
egiu28: raises $0.02 to $0.04
leomax100: folds 
Uncalled bet ($0.02) returned to egiu28
egiu28 collected $0.04 from pot
egiu28: doesn't show hand 
*** SUMMARY ***
Total pot $0.04 | Rake $0 
Seat 1: T0mRedl (button) folded before Flop (didn't bet)
Seat 2: egiu28 (small blind) collected ($0.04)
Seat 3: leomax100 (big blind) folded before Flop
Seat 4: HubertusB folded before Flop (didn't bet)
Seat 5: Draw_Warrior folded before Flop (didn't bet)
Seat 6: kaprizka333 folded before Flop (didn't bet)



PokerStars Zoom Hand #186525007234:  Hold'em No Limit ($0.01/$0.02) - 2018/05/17 20:43:07 CCT [2018/05/17 8:43:07 ET]
Table 'Halley' 6-max Seat #1 is the button
Seat 1: MON3YMONK3Y ($1.94 in chips) 
Seat 2: nordwolf27 ($2.13 in chips) 
Seat 3: Butch276 ($2.19 in chips) 
Seat 4: aferist1212 ($2.54 in chips) 
Seat 5: Bacar88 ($2.10 in chips) 
Seat 6: HubertusB ($2.19 in chips) 
nordwolf27: posts small blind $0.01
Butch276: posts big blind $0.02
*** HOLE CARDS ***
Dealt to HubertusB [Td 3d]
aferist1212: folds 
Bacar88: raises $0.04 to $0.06
HubertusB: folds 
MON3YMONK3Y: folds 
nordwolf27: folds 
Butch276: calls $0.04
*** FLOP *** [2c 8d 5h]
Butch276: checks 
Bacar88: bets $0.08
Butch276: folds 
Uncalled bet ($0.08) returned to Bacar88
Bacar88 collected $0.13 from pot
Bacar88: doesn't show hand 
*** SUMMARY ***
Total pot $0.13 | Rake $0 
Board [2c 8d 5h]
Seat 1: MON3YMONK3Y (button) folded before Flop (didn't bet)
Seat 2: nordwolf27 (small blind) folded before Flop
Seat 3: Butch276 (big blind) folded on the Flop
Seat 4: aferist1212 folded before Flop (didn't bet)
Seat 5: Bacar88 collected ($0.13)
Seat 6: HubertusB folded before Flop (didn't bet)



PokerStars Zoom Hand #186525011063:  Hold'em No Limit ($0.01/$0.02) - 2018/05/17 20:43:16 CCT [2018/05/17 8:43:16 ET]
Table 'Halley' 6-max Seat #1 is the button
Seat 1: HubertusB ($2.19 in chips) 
Seat 2: rolyeah ($2 in chips) 
Seat 3: $Mikhsasha$ ($4.63 in chips) 
Seat 4: PNL710 ($2.70 in chips) 
Seat 5: 00Watty00 ($4.57 in chips) 
Seat 6: Griefer25 ($2.13 in chips) 
rolyeah: posts small blind $0.01
$Mikhsasha$: posts big blind $0.02
*** HOLE CARDS ***
Dealt to HubertusB [Th 2s]
PNL710: folds 
00Watty00: folds 
Griefer25: folds 
HubertusB: folds 
rolyeah: raises $0.04 to $0.06
$Mikhsasha$: folds 
Uncalled bet ($0.04) returned to rolyeah
rolyeah collected $0.04 from pot
rolyeah: doesn't show hand 
*** SUMMARY ***
Total pot $0.04 | Rake $0 
Seat 1: HubertusB (button) folded before Flop (didn't bet)
Seat 2: rolyeah (small blind) collected ($0.04)
Seat 3: $Mikhsasha$ (big blind) folded before Flop
Seat 4: PNL710 folded before Flop (didn't bet)
Seat 5: 00Watty00 folded before Flop (didn't bet)
Seat 6: Griefer25 folded before Flop (didn't bet)



PokerStars Zoom Hand #186525013585:  Hold'em No Limit ($0.01/$0.02) - 2018/05/17 20:43:22 CCT [2018/05/17 8:43:22 ET]
Table 'Halley' 6-max Seat #1 is the button
Seat 1: naccrath ($5.09 in chips) 
Seat 2: salomone29 ($1.29 in chips) 
Seat 3: HubertusB ($2.19 in chips) 
Seat 4: mamaMarilyn ($2 in chips) 
Seat 5: veksy ($3.43 in chips) 
Seat 6: 2bir ($2.91 in chips) 
salomone29: posts small blind $0.01
HubertusB: posts big blind $0.02
*** HOLE CARDS ***
Dealt to HubertusB [Jd 3h]
mamaMarilyn: folds 
veksy: folds 
2bir: folds 
naccrath: folds 
salomone29: folds 
Uncalled bet ($0.01) returned to HubertusB
HubertusB collected $0.02 from pot
HubertusB: doesn't show hand 
*** SUMMARY ***
Total pot $0.02 | Rake $0 
Seat 1: naccrath (button) folded before Flop (didn't bet)
Seat 2: salomone29 (small blind) folded before Flop
Seat 3: HubertusB (big blind) collected ($0.02)
Seat 4: mamaMarilyn folded before Flop (didn't bet)
Seat 5: veksy folded before Flop (didn't bet)
Seat 6: 2bir folded before Flop (didn't bet)



PokerStars Zoom Hand #186525001288:  Hold'em No Limit ($0.01/$0.02) - 2018/05/17 20:42:53 CCT [2018/05/17 8:42:53 ET]
Table 'Halley' 6-max Seat #1 is the button
Seat 1: Saukra ($3.39 in chips) 
Seat 2: 00Watty00 ($2.78 in chips) 
Seat 3: SS526 ($2.53 in chips) 
Seat 4: royal-half ($2.21 in chips) 
Seat 5: HubertusB ($2.19 in chips) 
Seat 6: malphax ($2 in chips) 
00Watty00: posts small blind $0.01
SS526: posts big blind $0.02
*** HOLE CARDS ***
Dealt to HubertusB [7c 4d]
royal-half: folds 
HubertusB: folds 
malphax: raises $0.04 to $0.06
Saukra: folds 
00Watty00: folds 
SS526: calls $0.04
*** FLOP *** [5d Th 7h]
SS526: checks 
malphax: bets $0.09
SS526: calls $0.09
*** TURN *** [5d Th 7h] [2d]
SS526: checks 
malphax: checks 
*** RIVER *** [5d Th 7h 2d] [4s]
SS526: bets $0.14
malphax: folds 
Uncalled bet ($0.14) returned to SS526
SS526 collected $0.30 from pot
SS526: doesn't show hand 
*** SUMMARY ***
Total pot $0.31 | Rake $0.01 
Board [5d Th 7h 2d 4s]
Seat 1: Saukra (button) folded before Flop (didn't bet)
Seat 2: 00Watty00 (small blind) folded before Flop
Seat 3: SS526 (big blind) collected ($0.30)
Seat 4: royal-half folded before Flop (didn't bet)
Seat 5: HubertusB folded before Flop (didn't bet)
Seat 6: malphax folded on the River



PokerStars Zoom Hand #186525025791:  Hold'em No Limit ($0.01/$0.02) - 2018/05/17 20:43:51 CCT [2018/05/17 8:43:51 ET]
Table 'Halley' 6-max Seat #1 is the button
Seat 1: aleks_ply ($3.74 in chips) 
Seat 2: aferist1212 ($2.55 in chips) 
Seat 3: Crowned SULA ($2.17 in chips) 
Seat 4: HubertusB ($2.20 in chips) 
Seat 5: sunao1983 ($0.98 in chips) 
Seat 6: denpv ($2.14 in chips) 
aferist1212: posts small blind $0.01
Crowned SULA: posts big blind $0.02
*** HOLE CARDS ***
Dealt to HubertusB [2c Kh]
HubertusB: folds 
sunao1983: raises $0.04 to $0.06
denpv: folds 
aleks_ply: folds 
aferist1212: folds 
Crowned SULA: folds 
Uncalled bet ($0.04) returned to sunao1983
sunao1983 collected $0.05 from pot
sunao1983: doesn't show hand 
*** SUMMARY ***
Total pot $0.05 | Rake $0 
Seat 1: aleks_ply (button) folded before Flop (didn't bet)
Seat 2: aferist1212 (small blind) folded before Flop
Seat 3: Crowned SULA (big blind) folded before Flop
Seat 4: HubertusB folded before Flop (didn't bet)
Seat 5: sunao1983 collected ($0.05)
Seat 6: denpv folded before Flop (didn't bet)



PokerStars Zoom Hand #186525023236:  Hold'em No Limit ($0.01/$0.02) - 2018/05/17 20:43:45 CCT [2018/05/17 8:43:45 ET]
Table 'Halley' 6-max Seat #1 is the button
Seat 1: ivan show276 ($2 in chips) 
Seat 2: Vehian ($2 in chips) 
Seat 3: Immortallity1 ($2.11 in chips) 
Seat 4: HubertusB ($2.20 in chips) 
Seat 5: fitzroy3570 ($1.39 in chips) 
Seat 6: ishihiro ($2.02 in chips) 
Vehian: posts small blind $0.01
Immortallity1: posts big blind $0.02
*** HOLE CARDS ***
Dealt to HubertusB [2s Qs]
HubertusB: folds 
fitzroy3570: folds 
ishihiro: folds 
ivan show276: raises $0.02 to $0.04
Vehian: folds 
Immortallity1: calls $0.02
*** FLOP *** [3h Jc Jd]
Immortallity1: checks 
ivan show276: bets $0.04
Immortallity1: calls $0.04
*** TURN *** [3h Jc Jd] [5h]
Immortallity1: checks 
ivan show276: bets $0.10
Immortallity1: folds 
Uncalled bet ($0.10) returned to ivan show276
ivan show276 collected $0.16 from pot
ivan show276: doesn't show hand 
*** SUMMARY ***
Total pot $0.17 | Rake $0.01 
Board [3h Jc Jd 5h]
Seat 1: ivan show276 (button) collected ($0.16)
Seat 2: Vehian (small blind) folded before Flop
Seat 3: Immortallity1 (big blind) folded on the Turn
Seat 4: HubertusB folded before Flop (didn't bet)
Seat 5: fitzroy3570 folded before Flop (didn't bet)
Seat 6: ishihiro folded before Flop (didn't bet)



PokerStars Zoom Hand #186525028755:  Hold'em No Limit ($0.01/$0.02) - 2018/05/17 20:43:58 CCT [2018/05/17 8:43:58 ET]
Table 'Halley' 6-max Seat #1 is the button
Seat 1: HubertusB ($2.20 in chips) 
Seat 2: Lombitozorus ($2.45 in chips) 
Seat 3: PetrMj ($1.39 in chips) 
Seat 4: aimless0 ($8.21 in chips) 
Seat 5: Ermakov484 ($0.36 in chips) 
Seat 6: asusone3 ($2 in chips) 
Lombitozorus: posts small blind $0.01
PetrMj: posts big blind $0.02
*** HOLE CARDS ***
Dealt to HubertusB [Qh Qc]
aimless0: folds 
Ermakov484: calls $0.02
asusone3: folds 
HubertusB: raises $0.06 to $0.08
Lombitozorus: folds 
PetrMj: folds 
Ermakov484: calls $0.06
*** FLOP *** [6d 4h 7c]
Ermakov484: checks 
HubertusB: bets $0.09
Ermakov484: folds 
Uncalled bet ($0.09) returned to HubertusB
HubertusB collected $0.18 from pot
HubertusB: doesn't show hand 
*** SUMMARY ***
Total pot $0.19 | Rake $0.01 
Board [6d 4h 7c]
Seat 1: HubertusB (button) collected ($0.18)
Seat 2: Lombitozorus (small blind) folded before Flop
Seat 3: PetrMj (big blind) folded before Flop
Seat 4: aimless0 folded before Flop (didn't bet)
Seat 5: Ermakov484 folded on the Flop
Seat 6: asusone3 folded before Flop (didn't bet)



PokerStars Zoom Hand #186525046988:  Hold'em No Limit ($0.01/$0.02) - 2018/05/17 20:44:41 CCT [2018/05/17 8:44:41 ET]
Table 'Halley' 6-max Seat #1 is the button
Seat 1: Losimas(LT) ($2.35 in chips) 
Seat 2: HubertusB ($2.30 in chips) 
Seat 3: Kabit510 ($2 in chips) 
Seat 4: rolyeah ($2.13 in chips) 
Seat 5: $Mikhsasha$ ($4.60 in chips) 
Seat 6: S1mpa69 ($2 in chips) 
HubertusB: posts small blind $0.01
Kabit510: posts big blind $0.02
*** HOLE CARDS ***
Dealt to HubertusB [3s 9d]
rolyeah: folds 
$Mikhsasha$: folds 
S1mpa69: folds 
Losimas(LT): raises $0.04 to $0.06
HubertusB: folds 
Kabit510: folds 
Uncalled bet ($0.04) returned to Losimas(LT)
Losimas(LT) collected $0.05 from pot
Losimas(LT): doesn't show hand 
*** SUMMARY ***
Total pot $0.05 | Rake $0 
Seat 1: Losimas(LT) (button) collected ($0.05)
Seat 2: HubertusB (small blind) folded before Flop
Seat 3: Kabit510 (big blind) folded before Flop
Seat 4: rolyeah folded before Flop (didn't bet)
Seat 5: $Mikhsasha$ folded before Flop (didn't bet)
Seat 6: S1mpa69 folded before Flop (didn't bet)



PokerStars Zoom Hand #186525053404:  Hold'em No Limit ($0.01/$0.02) - 2018/05/17 20:44:56 CCT [2018/05/17 8:44:56 ET]
Table 'Halley' 6-max Seat #1 is the button
Seat 1: simonsand999 ($2 in chips) 
Seat 2: dendentius ($1.33 in chips) 
Seat 3: Carlos_die_I ($2 in chips) 
Seat 4: medicalskunk ($3.66 in chips) 
Seat 5: Endlesslee ($2.28 in chips) 
Seat 6: HubertusB ($2.29 in chips) 
dendentius: posts small blind $0.01
Carlos_die_I: posts big blind $0.02
*** HOLE CARDS ***
Dealt to HubertusB [9c 9d]
medicalskunk: raises $0.04 to $0.06
Endlesslee: folds 
HubertusB: calls $0.06
simonsand999: calls $0.06
dendentius: folds 
Carlos_die_I: folds 
*** FLOP *** [Ad Kh 6h]
medicalskunk: bets $0.13
HubertusB: folds 
simonsand999: folds 
Uncalled bet ($0.13) returned to medicalskunk
medicalskunk collected $0.20 from pot
medicalskunk: doesn't show hand 
*** SUMMARY ***
Total pot $0.21 | Rake $0.01 
Board [Ad Kh 6h]
Seat 1: simonsand999 (button) folded on the Flop
Seat 2: dendentius (small blind) folded before Flop
Seat 3: Carlos_die_I (big blind) folded before Flop
Seat 4: medicalskunk collected ($0.20)
Seat 5: Endlesslee folded before Flop (didn't bet)
Seat 6: HubertusB folded on the Flop



PokerStars Zoom Hand #186525066201:  Hold'em No Limit ($0.01/$0.02) - 2018/05/17 20:45:26 CCT [2018/05/17 8:45:26 ET]
Table 'Halley' 6-max Seat #1 is the button
Seat 1: unemotionalman ($2.18 in chips) 
Seat 2: Gelo2001 ($1.23 in chips) 
Seat 3: HubertusB ($2.23 in chips) 
Seat 4: Johneik ($2.03 in chips) 
Seat 5: leonidsss ($3.41 in chips) 
Seat 6: MrPokerProAA ($17.11 in chips) 
Gelo2001: posts small blind $0.01
HubertusB: posts big blind $0.02
*** HOLE CARDS ***
Dealt to HubertusB [Qh Qd]
Johneik: folds 
leonidsss: folds 
MrPokerProAA: raises $0.06 to $0.08
unemotionalman: folds 
Gelo2001: folds 
HubertusB: raises $0.17 to $0.25
MrPokerProAA: folds 
Uncalled bet ($0.17) returned to HubertusB
HubertusB collected $0.17 from pot
HubertusB: doesn't show hand 
*** SUMMARY ***
Total pot $0.17 | Rake $0 
Seat 1: unemotionalman (button) folded before Flop (didn't bet)
Seat 2: Gelo2001 (small blind) folded before Flop
Seat 3: HubertusB (big blind) collected ($0.17)
Seat 4: Johneik folded before Flop (didn't bet)
Seat 5: leonidsss folded before Flop (didn't bet)
Seat 6: MrPokerProAA folded before Flop



PokerStars Zoom Hand #186525075784:  Hold'em No Limit ($0.01/$0.02) - 2018/05/17 20:45:48 CCT [2018/05/17 8:45:48 ET]
Table 'Halley' 6-max Seat #1 is the button
Seat 1: mamaMarilyn ($2 in chips) 
Seat 2: sparky585 ($2.15 in chips) 
Seat 3: Any2_4_value ($0.85 in chips) 
Seat 4: Mhson ($2.20 in chips) 
Seat 5: HubertusB ($2.32 in chips) 
Seat 6: UBERSolvo ($3.21 in chips) 
sparky585: posts small blind $0.01
Any2_4_value: posts big blind $0.02
*** HOLE CARDS ***
Dealt to HubertusB [Jh Qh]
Mhson: folds 
HubertusB: raises $0.03 to $0.05
UBERSolvo: folds 
mamaMarilyn: calls $0.05
sparky585: folds 
Any2_4_value: folds 
*** FLOP *** [Jd 9h Ks]
HubertusB: bets $0.07
mamaMarilyn: calls $0.07
*** TURN *** [Jd 9h Ks] [4s]
HubertusB: checks 
mamaMarilyn: bets $0.20
HubertusB: calls $0.20
*** RIVER *** [Jd 9h Ks 4s] [6h]
HubertusB: checks 
mamaMarilyn: bets $0.49
HubertusB: folds 
Uncalled bet ($0.49) returned to mamaMarilyn
mamaMarilyn collected $0.65 from pot
mamaMarilyn: doesn't show hand 
*** SUMMARY ***
Total pot $0.67 | Rake $0.02 
Board [Jd 9h Ks 4s 6h]
Seat 1: mamaMarilyn (button) collected ($0.65)
Seat 2: sparky585 (small blind) folded before Flop
Seat 3: Any2_4_value (big blind) folded before Flop
Seat 4: Mhson folded before Flop (didn't bet)
Seat 5: HubertusB folded on the River
Seat 6: UBERSolvo folded before Flop (didn't bet)



PokerStars Zoom Hand #186525112675:  Hold'em No Limit ($0.01/$0.02) - 2018/05/17 20:47:14 CCT [2018/05/17 8:47:14 ET]
Table 'Halley' 6-max Seat #1 is the button
Seat 1: Bilissss ($3.01 in chips) 
Seat 2: HubertusB ($2 in chips) 
Seat 3: kushh77 ($0.66 in chips) 
Seat 4: aloneinnoise ($3.56 in chips) 
Seat 5: ahahahaha203 ($1.99 in chips) 
Seat 6: olsekpoker ($1.97 in chips) 
HubertusB: posts small blind $0.01
kushh77: posts big blind $0.02
*** HOLE CARDS ***
Dealt to HubertusB [7s 4h]
aloneinnoise: folds 
ahahahaha203: folds 
olsekpoker: raises $0.03 to $0.05
Bilissss: folds 
HubertusB: folds 
kushh77: folds 
Uncalled bet ($0.03) returned to olsekpoker
olsekpoker collected $0.05 from pot
olsekpoker: doesn't show hand 
*** SUMMARY ***
Total pot $0.05 | Rake $0 
Seat 1: Bilissss (button) folded before Flop (didn't bet)
Seat 2: HubertusB (small blind) folded before Flop
Seat 3: kushh77 (big blind) folded before Flop
Seat 4: aloneinnoise folded before Flop (didn't bet)
Seat 5: ahahahaha203 folded before Flop (didn't bet)
Seat 6: olsekpoker collected ($0.05)



PokerStars Zoom Hand #186525109288:  Hold'em No Limit ($0.01/$0.02) - 2018/05/17 20:47:06 CCT [2018/05/17 8:47:06 ET]
Table 'Halley' 6-max Seat #1 is the button
Seat 1: HubertusB ($2 in chips) 
Seat 2: fxm341 ($3 in chips) 
Seat 3: FlushDoc1 ($2 in chips) 
Seat 4: Fizana ($2.70 in chips) 
Seat 5: Vitek1911 ($0.95 in chips) 
Seat 6: mit7vgs ($2.01 in chips) 
fxm341: posts small blind $0.01
FlushDoc1: posts big blind $0.02
*** HOLE CARDS ***
Dealt to HubertusB [8s Qc]
Fizana: folds 
Vitek1911: folds 
mit7vgs: raises $0.03 to $0.05
HubertusB: folds 
fxm341: folds 
FlushDoc1: raises $0.07 to $0.12
mit7vgs: folds 
Uncalled bet ($0.07) returned to FlushDoc1
FlushDoc1 collected $0.11 from pot
FlushDoc1: doesn't show hand 
*** SUMMARY ***
Total pot $0.11 | Rake $0 
Seat 1: HubertusB (button) folded before Flop (didn't bet)
Seat 2: fxm341 (small blind) folded before Flop
Seat 3: FlushDoc1 (big blind) collected ($0.11)
Seat 4: Fizana folded before Flop (didn't bet)
Seat 5: Vitek1911 folded before Flop (didn't bet)
Seat 6: mit7vgs folded before Flop



PokerStars Zoom Hand #186525120009:  Hold'em No Limit ($0.01/$0.02) - 2018/05/17 20:47:31 CCT [2018/05/17 8:47:31 ET]
Table 'Halley' 6-max Seat #1 is the button
Seat 1: tsoupi1 ($1.85 in chips) 
Seat 2: laoban888 ($2.02 in chips) 
Seat 3: Bilissss ($2 in chips) 
Seat 4: PNL710 ($2.13 in chips) 
Seat 5: HubertusB ($1.99 in chips) 
Seat 6: vredniaczek ($5.34 in chips) 
laoban888: posts small blind $0.01
Bilissss: posts big blind $0.02
*** HOLE CARDS ***
Dealt to HubertusB [Jc 8h]
PNL710: folds 
HubertusB: folds 
vredniaczek: folds 
tsoupi1: folds 
laoban888: raises $0.04 to $0.06
Bilissss: folds 
Uncalled bet ($0.04) returned to laoban888
laoban888 collected $0.04 from pot
laoban888: doesn't show hand 
*** SUMMARY ***
Total pot $0.04 | Rake $0 
Seat 1: tsoupi1 (button) folded before Flop (didn't bet)
Seat 2: laoban888 (small blind) collected ($0.04)
Seat 3: Bilissss (big blind) folded before Flop
Seat 4: PNL710 folded before Flop (didn't bet)
Seat 5: HubertusB folded before Flop (didn't bet)
Seat 6: vredniaczek folded before Flop (didn't bet)



PokerStars Zoom Hand #186525117014:  Hold'em No Limit ($0.01/$0.02) - 2018/05/17 20:47:24 CCT [2018/05/17 8:47:24 ET]
Table 'Halley' 6-max Seat #1 is the button
Seat 1: gehcastro ($2.91 in chips) 
Seat 2: helicocat ($1.28 in chips) 
Seat 3: 1blanqueanu1 ($2 in chips) 
Seat 4: OlhaComoVaii ($2.08 in chips) 
Seat 5: leomax100 ($2 in chips) 
Seat 6: HubertusB ($1.99 in chips) 
helicocat: posts small blind $0.01
1blanqueanu1: posts big blind $0.02
*** HOLE CARDS ***
Dealt to HubertusB [3h Kh]
OlhaComoVaii: folds 
leomax100: folds 
HubertusB: folds 
gehcastro: folds 
helicocat: folds 
Uncalled bet ($0.01) returned to 1blanqueanu1
1blanqueanu1 collected $0.02 from pot
1blanqueanu1: doesn't show hand 
*** SUMMARY ***
Total pot $0.02 | Rake $0 
Seat 1: gehcastro (button) folded before Flop (didn't bet)
Seat 2: helicocat (small blind) folded before Flop
Seat 3: 1blanqueanu1 (big blind) collected ($0.02)
Seat 4: OlhaComoVaii folded before Flop (didn't bet)
Seat 5: leomax100 folded before Flop (didn't bet)
Seat 6: HubertusB folded before Flop (didn't bet)



