PokerStars Zoom Hand #186528405033:  Hold'em No Limit ($0.02/$0.05) - 2018/05/17 22:45:31 CCT [2018/05/17 10:45:31 ET]
Table 'Donati' 6-max Seat #1 is the button
Seat 1: BVB1909 ($5 in chips) 
Seat 2: ying9966 ($8.33 in chips) 
Seat 3: HubertusB ($5 in chips) 
Seat 4: Momigotnuts ($15.37 in chips) 
Seat 5: Gevron ($5.07 in chips) 
Seat 6: sasha1960ss ($3.50 in chips) 
ying9966: posts small blind $0.02
HubertusB: posts big blind $0.05
*** HOLE CARDS ***
Dealt to HubertusB [2s 3h]
Momigotnuts: raises $0.10 to $0.15
Gevron: folds 
sasha1960ss: folds 
BVB1909: folds 
ying9966: folds 
HubertusB: folds 
Uncalled bet ($0.10) returned to Momigotnuts
Momigotnuts collected $0.12 from pot
Momigotnuts: doesn't show hand 
*** SUMMARY ***
Total pot $0.12 | Rake $0 
Seat 1: BVB1909 (button) folded before Flop (didn't bet)
Seat 2: ying9966 (small blind) folded before Flop
Seat 3: HubertusB (big blind) folded before Flop
Seat 4: Momigotnuts collected ($0.12)
Seat 5: Gevron folded before Flop (didn't bet)
Seat 6: sasha1960ss folded before Flop (didn't bet)



PokerStars Zoom Hand #186528412791:  Hold'em No Limit ($0.02/$0.05) - 2018/05/17 22:45:46 CCT [2018/05/17 10:45:46 ET]
Table 'Donati' 6-max Seat #1 is the button
Seat 1: titop_Vector ($5.71 in chips) 
Seat 2: HubertusB ($4.95 in chips) 
Seat 3: mastasef ($5.07 in chips) 
Seat 4: Best5555 ($5.07 in chips) 
Seat 5: Mara2703 ($5.52 in chips) 
Seat 6: WhiteWolf459 ($5.52 in chips) 
HubertusB: posts small blind $0.02
mastasef: posts big blind $0.05
*** HOLE CARDS ***
Dealt to HubertusB [9d 5h]
Best5555: folds 
Mara2703: folds 
WhiteWolf459: folds 
titop_Vector: raises $0.07 to $0.12
HubertusB: folds 
mastasef: folds 
Uncalled bet ($0.07) returned to titop_Vector
titop_Vector collected $0.12 from pot
titop_Vector: doesn't show hand 
*** SUMMARY ***
Total pot $0.12 | Rake $0 
Seat 1: titop_Vector (button) collected ($0.12)
Seat 2: HubertusB (small blind) folded before Flop
Seat 3: mastasef (big blind) folded before Flop
Seat 4: Best5555 folded before Flop (didn't bet)
Seat 5: Mara2703 folded before Flop (didn't bet)
Seat 6: WhiteWolf459 folded before Flop (didn't bet)



PokerStars Zoom Hand #186528419534:  Hold'em No Limit ($0.02/$0.05) - 2018/05/17 22:45:59 CCT [2018/05/17 10:45:59 ET]
Table 'Donati' 6-max Seat #1 is the button
Seat 1: johancrypton ($5.55 in chips) 
Seat 2: TooNice26 ($4.59 in chips) 
Seat 3: lemonylime ($6.22 in chips) 
Seat 4: Siebren-K. ($9.84 in chips) 
Seat 5: odogeru2012 ($4.18 in chips) 
Seat 6: HubertusB ($4.93 in chips) 
TooNice26: posts small blind $0.02
lemonylime: posts big blind $0.05
*** HOLE CARDS ***
Dealt to HubertusB [Ah 6s]
Siebren-K.: folds 
odogeru2012: folds 
HubertusB: raises $0.05 to $0.10
johancrypton: folds 
TooNice26: folds 
lemonylime: calls $0.05
*** FLOP *** [Ks 8s Jh]
lemonylime: checks 
HubertusB: checks 
*** TURN *** [Ks 8s Jh] [7h]
lemonylime: bets $0.15
HubertusB: folds 
Uncalled bet ($0.15) returned to lemonylime
lemonylime collected $0.21 from pot
lemonylime: doesn't show hand 
*** SUMMARY ***
Total pot $0.22 | Rake $0.01 
Board [Ks 8s Jh 7h]
Seat 1: johancrypton (button) folded before Flop (didn't bet)
Seat 2: TooNice26 (small blind) folded before Flop
Seat 3: lemonylime (big blind) collected ($0.21)
Seat 4: Siebren-K. folded before Flop (didn't bet)
Seat 5: odogeru2012 folded before Flop (didn't bet)
Seat 6: HubertusB folded on the Turn



PokerStars Zoom Hand #186528417514:  Hold'em No Limit ($0.02/$0.05) - 2018/05/17 22:45:55 CCT [2018/05/17 10:45:55 ET]
Table 'Donati' 6-max Seat #1 is the button
Seat 1: HubertusB ($4.93 in chips) 
Seat 2: Siorassc ($6.50 in chips) 
Seat 3: matheusfk ($5 in chips) 
Seat 4: 1Sania1 ($4.27 in chips) 
Seat 5: kakoytotip ($4.54 in chips) 
Seat 6: Immunion ($6.28 in chips) 
Siorassc: posts small blind $0.02
matheusfk: posts big blind $0.05
*** HOLE CARDS ***
Dealt to HubertusB [6h 8c]
1Sania1: folds 
kakoytotip: folds 
Immunion: folds 
HubertusB: folds 
Siorassc: raises $0.10 to $0.15
matheusfk: raises $0.25 to $0.40
Siorassc: calls $0.25
*** FLOP *** [7s 4d 5d]
Siorassc: checks 
matheusfk: checks 
*** TURN *** [7s 4d 5d] [Js]
Siorassc: checks 
matheusfk: bets $0.25
Siorassc: calls $0.25
*** RIVER *** [7s 4d 5d Js] [Kh]
Siorassc: checks 
matheusfk: bets $0.75
Siorassc: folds 
Uncalled bet ($0.75) returned to matheusfk
matheusfk collected $1.25 from pot
matheusfk: doesn't show hand 
*** SUMMARY ***
Total pot $1.30 | Rake $0.05 
Board [7s 4d 5d Js Kh]
Seat 1: HubertusB (button) folded before Flop (didn't bet)
Seat 2: Siorassc (small blind) folded on the River
Seat 3: matheusfk (big blind) collected ($1.25)
Seat 4: 1Sania1 folded before Flop (didn't bet)
Seat 5: kakoytotip folded before Flop (didn't bet)
Seat 6: Immunion folded before Flop (didn't bet)



PokerStars Zoom Hand #186528440270:  Hold'em No Limit ($0.02/$0.05) - 2018/05/17 22:46:39 CCT [2018/05/17 10:46:39 ET]
Table 'Donati' 6-max Seat #1 is the button
Seat 1: Reshalo.fish ($0.36 in chips) 
Seat 2: kchomo111 ($14.20 in chips) 
Seat 3: HubertusB ($4.83 in chips) 
Seat 4: Momigotnuts ($10.33 in chips) 
Seat 5: 1willie9 ($8.45 in chips) 
Seat 6: miki71076 ($9.23 in chips) 
kchomo111: posts small blind $0.02
HubertusB: posts big blind $0.05
*** HOLE CARDS ***
Dealt to HubertusB [Ad 3s]
Momigotnuts: folds 
1willie9: folds 
miki71076: raises $0.07 to $0.12
Reshalo.fish: raises $0.24 to $0.36 and is all-in
kchomo111: folds 
HubertusB: folds 
miki71076: calls $0.24
*** FIRST FLOP *** [2s Qc 5s]
*** FIRST TURN *** [2s Qc 5s] [7c]
*** FIRST RIVER *** [2s Qc 5s 7c] [6c]
*** SECOND FLOP *** [8s As 4d]
*** SECOND TURN *** [8s As 4d] [6h]
*** SECOND RIVER *** [8s As 4d 6h] [Kc]
*** FIRST SHOW DOWN ***
miki71076: shows [Qd Kh] (a pair of Queens)
Reshalo.fish: shows [4h 4s] (a pair of Fours)
miki71076 collected $0.38 from pot
*** SECOND SHOW DOWN ***
miki71076: shows [Qd Kh] (a pair of Kings)
Reshalo.fish: shows [4h 4s] (three of a kind, Fours)
Reshalo.fish collected $0.38 from pot
*** SUMMARY ***
Total pot $0.79 | Rake $0.03 
Hand was run twice
FIRST Board [2s Qc 5s 7c 6c]
SECOND Board [8s As 4d 6h Kc]
Seat 1: Reshalo.fish (button) showed [4h 4s] and lost with a pair of Fours, and won ($0.38) with three of a kind, Fours
Seat 2: kchomo111 (small blind) folded before Flop
Seat 3: HubertusB (big blind) folded before Flop
Seat 4: Momigotnuts folded before Flop (didn't bet)
Seat 5: 1willie9 folded before Flop (didn't bet)
Seat 6: miki71076 showed [Qd Kh] and won ($0.38) with a pair of Queens, and lost with a pair of Kings



PokerStars Zoom Hand #186528455793:  Hold'em No Limit ($0.02/$0.05) - 2018/05/17 22:47:09 CCT [2018/05/17 10:47:09 ET]
Table 'Donati' 6-max Seat #1 is the button
Seat 1: georgiodoc ($4.65 in chips) 
Seat 2: kchomo111 ($14.18 in chips) 
Seat 3: en41nflames ($10.69 in chips) 
Seat 4: HubertusB ($4.76 in chips) 
Seat 5: Vamu The Great ($4.76 in chips) 
Seat 6: xtddai ($4.73 in chips) 
kchomo111: posts small blind $0.02
en41nflames: posts big blind $0.05
*** HOLE CARDS ***
Dealt to HubertusB [7h Kc]
HubertusB: folds 
Vamu The Great: folds 
xtddai: folds 
georgiodoc: folds 
kchomo111: folds 
Uncalled bet ($0.03) returned to en41nflames
en41nflames collected $0.04 from pot
en41nflames: doesn't show hand 
*** SUMMARY ***
Total pot $0.04 | Rake $0 
Seat 1: georgiodoc (button) folded before Flop (didn't bet)
Seat 2: kchomo111 (small blind) folded before Flop
Seat 3: en41nflames (big blind) collected ($0.04)
Seat 4: HubertusB folded before Flop (didn't bet)
Seat 5: Vamu The Great folded before Flop (didn't bet)
Seat 6: xtddai folded before Flop (didn't bet)



PokerStars Zoom Hand #186528433479:  Hold'em No Limit ($0.02/$0.05) - 2018/05/17 22:46:26 CCT [2018/05/17 10:46:26 ET]
Table 'Donati' 6-max Seat #1 is the button
Seat 1: Siorassc ($11 in chips) 
Seat 2: starcrafterz ($5 in chips) 
Seat 3: TiihHhh ($5.27 in chips) 
Seat 4: MahmudSalaj ($1.68 in chips) 
Seat 5: HubertusB ($4.83 in chips) 
Seat 6: en41nflames ($10.64 in chips) 
starcrafterz: posts small blind $0.02
TiihHhh: posts big blind $0.05
*** HOLE CARDS ***
Dealt to HubertusB [8c Jd]
MahmudSalaj: folds 
HubertusB: folds 
en41nflames: folds 
Siorassc: folds 
starcrafterz: raises $0.07 to $0.12
TiihHhh: calls $0.07
*** FLOP *** [Js Qc Kc]
starcrafterz: checks 
TiihHhh: checks 
*** TURN *** [Js Qc Kc] [9d]
starcrafterz: checks 
TiihHhh: bets $0.12
starcrafterz: folds 
Uncalled bet ($0.12) returned to TiihHhh
TiihHhh collected $0.23 from pot
TiihHhh: doesn't show hand 
*** SUMMARY ***
Total pot $0.24 | Rake $0.01 
Board [Js Qc Kc 9d]
Seat 1: Siorassc (button) folded before Flop (didn't bet)
Seat 2: starcrafterz (small blind) folded on the Turn
Seat 3: TiihHhh (big blind) collected ($0.23)
Seat 4: MahmudSalaj folded before Flop (didn't bet)
Seat 5: HubertusB folded before Flop (didn't bet)
Seat 6: en41nflames folded before Flop (didn't bet)



PokerStars Zoom Hand #186528437078:  Hold'em No Limit ($0.02/$0.05) - 2018/05/17 22:46:33 CCT [2018/05/17 10:46:33 ET]
Table 'Donati' 6-max Seat #1 is the button
Seat 1: 1Sania1 ($4.87 in chips) 
Seat 2: WhiteWolf459 ($8.47 in chips) 
Seat 3: Wolveredo ($5.94 in chips) 
Seat 4: HubertusB ($4.83 in chips) 
Seat 5: zapzarap@patent ($5.73 in chips) 
Seat 6: HéStiA ($6.93 in chips) 
WhiteWolf459: posts small blind $0.02
Wolveredo: posts big blind $0.05
*** HOLE CARDS ***
Dealt to HubertusB [Kd 4c]
HubertusB: folds 
zapzarap@patent: folds 
HéStiA: folds 
1Sania1: raises $0.10 to $0.15
WhiteWolf459: calls $0.13
Wolveredo: folds 
*** FLOP *** [Ah 5c 3s]
WhiteWolf459: checks 
1Sania1: checks 
*** TURN *** [Ah 5c 3s] [Qc]
WhiteWolf459: bets $0.23
1Sania1: calls $0.23
*** RIVER *** [Ah 5c 3s Qc] [Qs]
WhiteWolf459: bets $0.52
1Sania1: folds 
Uncalled bet ($0.52) returned to WhiteWolf459
WhiteWolf459 collected $0.78 from pot
WhiteWolf459: doesn't show hand 
*** SUMMARY ***
Total pot $0.81 | Rake $0.03 
Board [Ah 5c 3s Qc Qs]
Seat 1: 1Sania1 (button) folded on the River
Seat 2: WhiteWolf459 (small blind) collected ($0.78)
Seat 3: Wolveredo (big blind) folded before Flop
Seat 4: HubertusB folded before Flop (didn't bet)
Seat 5: zapzarap@patent folded before Flop (didn't bet)
Seat 6: HéStiA folded before Flop (didn't bet)



PokerStars Zoom Hand #186528450113:  Hold'em No Limit ($0.02/$0.05) - 2018/05/17 22:46:58 CCT [2018/05/17 10:46:58 ET]
Table 'Donati' 6-max Seat #1 is the button
Seat 1: mastasef ($5.19 in chips) 
Seat 2: HubertusB ($4.78 in chips) 
Seat 3: pechtax ($5.18 in chips) 
Seat 4: galodoidoRFS ($7.64 in chips) 
Seat 5: Wcjhspyr ($6.43 in chips) 
Seat 6: raidlak ($2.09 in chips) 
HubertusB: posts small blind $0.02
pechtax: posts big blind $0.05
*** HOLE CARDS ***
Dealt to HubertusB [5c 4d]
galodoidoRFS: folds 
Wcjhspyr: raises $0.06 to $0.11
raidlak: folds 
mastasef: folds 
HubertusB: folds 
pechtax: calls $0.06
*** FLOP *** [Qc 4h Ks]
pechtax: checks 
Wcjhspyr: bets $0.12
pechtax: calls $0.12
*** TURN *** [Qc 4h Ks] [5d]
pechtax: checks 
Wcjhspyr: bets $0.23
pechtax: folds 
Uncalled bet ($0.23) returned to Wcjhspyr
Wcjhspyr collected $0.46 from pot
Wcjhspyr: doesn't show hand 
*** SUMMARY ***
Total pot $0.48 | Rake $0.02 
Board [Qc 4h Ks 5d]
Seat 1: mastasef (button) folded before Flop (didn't bet)
Seat 2: HubertusB (small blind) folded before Flop
Seat 3: pechtax (big blind) folded on the Turn
Seat 4: galodoidoRFS folded before Flop (didn't bet)
Seat 5: Wcjhspyr collected ($0.46)
Seat 6: raidlak folded before Flop (didn't bet)



PokerStars Zoom Hand #186528458917:  Hold'em No Limit ($0.02/$0.05) - 2018/05/17 22:47:15 CCT [2018/05/17 10:47:15 ET]
Table 'Donati' 6-max Seat #1 is the button
Seat 1: HubertusB ($4.76 in chips) 
Seat 2: kirkirw4 ($3 in chips) 
Seat 3: Bolnisi68 ($7.30 in chips) 
Seat 4: italianecca ($5.61 in chips) 
Seat 5: Mistermojo2711 ($4.91 in chips) 
Seat 6: HenrySiu ($7.32 in chips) 
kirkirw4: posts small blind $0.02
Bolnisi68: posts big blind $0.05
*** HOLE CARDS ***
Dealt to HubertusB [Th 9d]
italianecca: folds 
Mistermojo2711: raises $0.05 to $0.10
HenrySiu: folds 
HubertusB: raises $0.20 to $0.30
kirkirw4: folds 
Bolnisi68: folds 
Mistermojo2711: calls $0.20
*** FLOP *** [Ad Kd Ks]
Mistermojo2711: checks 
HubertusB: bets $0.25
Mistermojo2711: calls $0.25
*** TURN *** [Ad Kd Ks] [6c]
Mistermojo2711: checks 
HubertusB: checks 
*** RIVER *** [Ad Kd Ks 6c] [Js]
Mistermojo2711: checks 
HubertusB: checks 
*** SHOW DOWN ***
Mistermojo2711: shows [7s 7c] (two pair, Kings and Sevens)
HubertusB: mucks hand 
Mistermojo2711 collected $1.12 from pot
*** SUMMARY ***
Total pot $1.17 | Rake $0.05 
Board [Ad Kd Ks 6c Js]
Seat 1: HubertusB (button) mucked [Th 9d]
Seat 2: kirkirw4 (small blind) folded before Flop
Seat 3: Bolnisi68 (big blind) folded before Flop
Seat 4: italianecca folded before Flop (didn't bet)
Seat 5: Mistermojo2711 showed [7s 7c] and won ($1.12) with two pair, Kings and Sevens
Seat 6: HenrySiu folded before Flop (didn't bet)



PokerStars Zoom Hand #186528494882:  Hold'em No Limit ($0.02/$0.05) - 2018/05/17 22:48:25 CCT [2018/05/17 10:48:25 ET]
Table 'Donati' 6-max Seat #1 is the button
Seat 1: Karinkaerm ($10.28 in chips) 
Seat 2: HubertusB ($4.21 in chips) 
Seat 3: Sensey-nv ($2.43 in chips) 
Seat 4: Afrodita77 ($5 in chips) 
Seat 5: Doc.Speer ($7.81 in chips) 
Seat 6: AntiGlaZ ($7.53 in chips) 
HubertusB: posts small blind $0.02
Sensey-nv: posts big blind $0.05
*** HOLE CARDS ***
Dealt to HubertusB [Ah 7d]
Afrodita77: folds 
Doc.Speer: folds 
AntiGlaZ: raises $0.05 to $0.10
Karinkaerm: folds 
HubertusB: raises $0.20 to $0.30
Sensey-nv: folds 
AntiGlaZ: folds 
Uncalled bet ($0.20) returned to HubertusB
HubertusB collected $0.25 from pot
HubertusB: doesn't show hand 
*** SUMMARY ***
Total pot $0.25 | Rake $0 
Seat 1: Karinkaerm (button) folded before Flop (didn't bet)
Seat 2: HubertusB (small blind) collected ($0.25)
Seat 3: Sensey-nv (big blind) folded before Flop
Seat 4: Afrodita77 folded before Flop (didn't bet)
Seat 5: Doc.Speer folded before Flop (didn't bet)
Seat 6: AntiGlaZ folded before Flop



PokerStars Zoom Hand #186528488815:  Hold'em No Limit ($0.02/$0.05) - 2018/05/17 22:48:13 CCT [2018/05/17 10:48:13 ET]
Table 'Donati' 6-max Seat #1 is the button
Seat 1: lemonylime ($4.29 in chips) 
Seat 2: gi-ei joe ($5.02 in chips) 
Seat 3: smoot21 ($18.51 in chips) 
Seat 4: arturs1996 ($2.17 in chips) 
Seat 5: larothe ($14.87 in chips) 
Seat 6: HubertusB ($4.21 in chips) 
gi-ei joe: posts small blind $0.02
smoot21: posts big blind $0.05
*** HOLE CARDS ***
Dealt to HubertusB [3h 2d]
arturs1996: raises $0.10 to $0.15
larothe: folds 
HubertusB: folds 
lemonylime: folds 
gi-ei joe: folds 
smoot21: folds 
Uncalled bet ($0.10) returned to arturs1996
arturs1996 collected $0.12 from pot
arturs1996: doesn't show hand 
*** SUMMARY ***
Total pot $0.12 | Rake $0 
Seat 1: lemonylime (button) folded before Flop (didn't bet)
Seat 2: gi-ei joe (small blind) folded before Flop
Seat 3: smoot21 (big blind) folded before Flop
Seat 4: arturs1996 collected ($0.12)
Seat 5: larothe folded before Flop (didn't bet)
Seat 6: HubertusB folded before Flop (didn't bet)



PokerStars Zoom Hand #186528504308:  Hold'em No Limit ($0.02/$0.05) - 2018/05/17 22:48:43 CCT [2018/05/17 10:48:43 ET]
Table 'Donati' 6-max Seat #1 is the button
Seat 1: 1willie9 ($11.78 in chips) 
Seat 2: dimi479 ($6.33 in chips) 
Seat 3: an113 ($5.39 in chips) 
Seat 4: Òleg ($6.01 in chips) 
Seat 5: HubertusB ($4.36 in chips) 
Seat 6: Jord_173 ($11.43 in chips) 
dimi479: posts small blind $0.02
an113: posts big blind $0.05
*** HOLE CARDS ***
Dealt to HubertusB [Qs 2h]
Òleg: folds 
HubertusB: folds 
Jord_173: folds 
1willie9: folds 
dimi479: raises $0.10 to $0.15
an113: calls $0.10
*** FLOP *** [2d 9h 8d]
dimi479: bets $0.20
an113: folds 
Uncalled bet ($0.20) returned to dimi479
dimi479 collected $0.29 from pot
dimi479: doesn't show hand 
*** SUMMARY ***
Total pot $0.30 | Rake $0.01 
Board [2d 9h 8d]
Seat 1: 1willie9 (button) folded before Flop (didn't bet)
Seat 2: dimi479 (small blind) collected ($0.29)
Seat 3: an113 (big blind) folded on the Flop
Seat 4: Òleg folded before Flop (didn't bet)
Seat 5: HubertusB folded before Flop (didn't bet)
Seat 6: Jord_173 folded before Flop (didn't bet)



PokerStars Zoom Hand #186528507498:  Hold'em No Limit ($0.02/$0.05) - 2018/05/17 22:48:49 CCT [2018/05/17 10:48:49 ET]
Table 'Donati' 6-max Seat #1 is the button
Seat 1: betojch ($5.89 in chips) 
Seat 2: Doc.Speer ($7.66 in chips) 
Seat 3: HubertusB ($4.36 in chips) 
Seat 4: miki71076 ($9.25 in chips) 
Seat 5: Jovani_Silva ($9.77 in chips) 
Seat 6: etd.poker ($6.24 in chips) 
Doc.Speer: posts small blind $0.02
HubertusB: posts big blind $0.05
*** HOLE CARDS ***
Dealt to HubertusB [Th 5s]
miki71076: folds 
Jovani_Silva: folds 
etd.poker: folds 
betojch: folds 
Doc.Speer: raises $0.10 to $0.15
HubertusB: folds 
Uncalled bet ($0.10) returned to Doc.Speer
Doc.Speer collected $0.10 from pot
Doc.Speer: doesn't show hand 
*** SUMMARY ***
Total pot $0.10 | Rake $0 
Seat 1: betojch (button) folded before Flop (didn't bet)
Seat 2: Doc.Speer (small blind) collected ($0.10)
Seat 3: HubertusB (big blind) folded before Flop
Seat 4: miki71076 folded before Flop (didn't bet)
Seat 5: Jovani_Silva folded before Flop (didn't bet)
Seat 6: etd.poker folded before Flop (didn't bet)



PokerStars Zoom Hand #186528516132:  Hold'em No Limit ($0.02/$0.05) - 2018/05/17 22:49:06 CCT [2018/05/17 10:49:06 ET]
Table 'Donati' 6-max Seat #1 is the button
Seat 1: mrDustBoy ($4.81 in chips) 
Seat 2: XXXiao ($5 in chips) 
Seat 3: Bupyc777 ($1.33 in chips) 
Seat 4: HubertusB ($4.31 in chips) 
Seat 5: larothe ($14.25 in chips) 
Seat 6: manuk333 ($5.20 in chips) 
XXXiao: posts small blind $0.02
Bupyc777: posts big blind $0.05
*** HOLE CARDS ***
Dealt to HubertusB [8s 2d]
HubertusB: folds 
larothe: folds 
manuk333: folds 
mrDustBoy: folds 
XXXiao: folds 
Uncalled bet ($0.03) returned to Bupyc777
Bupyc777 collected $0.04 from pot
Bupyc777: doesn't show hand 
*** SUMMARY ***
Total pot $0.04 | Rake $0 
Seat 1: mrDustBoy (button) folded before Flop (didn't bet)
Seat 2: XXXiao (small blind) folded before Flop
Seat 3: Bupyc777 (big blind) collected ($0.04)
Seat 4: HubertusB folded before Flop (didn't bet)
Seat 5: larothe folded before Flop (didn't bet)
Seat 6: manuk333 folded before Flop (didn't bet)



PokerStars Zoom Hand #186528519236:  Hold'em No Limit ($0.02/$0.05) - 2018/05/17 22:49:12 CCT [2018/05/17 10:49:12 ET]
Table 'Donati' 6-max Seat #1 is the button
Seat 1: Papa_Prey ($5.62 in chips) 
Seat 2: zapzarap@patent ($9.03 in chips) 
Seat 3: Ivan*Wolf*04 ($6.37 in chips) 
Seat 4: Archangel226 ($5 in chips) 
Seat 5: HubertusB ($4.31 in chips) 
Seat 6: sakhan85 ($2.39 in chips) 
zapzarap@patent: posts small blind $0.02
Ivan*Wolf*04: posts big blind $0.05
*** HOLE CARDS ***
Dealt to HubertusB [2d Js]
Archangel226: folds 
HubertusB: folds 
sakhan85: folds 
Papa_Prey: folds 
zapzarap@patent: folds 
Uncalled bet ($0.03) returned to Ivan*Wolf*04
Ivan*Wolf*04 collected $0.04 from pot
Ivan*Wolf*04: doesn't show hand 
*** SUMMARY ***
Total pot $0.04 | Rake $0 
Seat 1: Papa_Prey (button) folded before Flop (didn't bet)
Seat 2: zapzarap@patent (small blind) folded before Flop
Seat 3: Ivan*Wolf*04 (big blind) collected ($0.04)
Seat 4: Archangel226 folded before Flop (didn't bet)
Seat 5: HubertusB folded before Flop (didn't bet)
Seat 6: sakhan85 folded before Flop (didn't bet)



PokerStars Zoom Hand #186528522872:  Hold'em No Limit ($0.02/$0.05) - 2018/05/17 22:49:19 CCT [2018/05/17 10:49:19 ET]
Table 'Donati' 6-max Seat #1 is the button
Seat 1: Fr3dST ($5.53 in chips) 
Seat 2: Reshalo.fish ($1.33 in chips) 
Seat 3: Dracyus ($9.82 in chips) 
Seat 4: edger4013 ($5.66 in chips) 
Seat 5: Archangel226 ($6.32 in chips) 
Seat 6: HubertusB ($4.31 in chips) 
Reshalo.fish: posts small blind $0.02
Dracyus: posts big blind $0.05
*** HOLE CARDS ***
Dealt to HubertusB [Qs As]
edger4013: raises $0.10 to $0.15
Archangel226: folds 
HubertusB: raises $0.30 to $0.45
Fr3dST: folds 
Reshalo.fish: folds 
Dracyus: folds 
edger4013: folds 
Uncalled bet ($0.30) returned to HubertusB
HubertusB collected $0.37 from pot
HubertusB: doesn't show hand 
*** SUMMARY ***
Total pot $0.37 | Rake $0 
Seat 1: Fr3dST (button) folded before Flop (didn't bet)
Seat 2: Reshalo.fish (small blind) folded before Flop
Seat 3: Dracyus (big blind) folded before Flop
Seat 4: edger4013 folded before Flop
Seat 5: Archangel226 folded before Flop (didn't bet)
Seat 6: HubertusB collected ($0.37)



PokerStars Zoom Hand #186528513064:  Hold'em No Limit ($0.02/$0.05) - 2018/05/17 22:49:00 CCT [2018/05/17 10:49:00 ET]
Table 'Donati' 6-max Seat #1 is the button
Seat 1: HubertusB ($4.31 in chips) 
Seat 2: pechtax ($5.02 in chips) 
Seat 3: cristikiti ($5.22 in chips) 
Seat 4: rznUnique ($9.21 in chips) 
Seat 5: gakimoney ($8.75 in chips) 
Seat 6: Andrei000007 ($2.42 in chips) 
pechtax: posts small blind $0.02
cristikiti: posts big blind $0.05
*** HOLE CARDS ***
Dealt to HubertusB [Td 2c]
rznUnique: folds 
gakimoney: raises $0.10 to $0.15
Andrei000007: calls $0.15
HubertusB: folds 
pechtax: folds 
cristikiti: folds 
*** FLOP *** [4h Js 2h]
gakimoney: bets $0.20
Andrei000007: calls $0.20
*** TURN *** [4h Js 2h] [Kh]
gakimoney: checks 
Andrei000007: bets $0.37
gakimoney: folds 
Uncalled bet ($0.37) returned to Andrei000007
Andrei000007 collected $0.74 from pot
Andrei000007: doesn't show hand 
*** SUMMARY ***
Total pot $0.77 | Rake $0.03 
Board [4h Js 2h Kh]
Seat 1: HubertusB (button) folded before Flop (didn't bet)
Seat 2: pechtax (small blind) folded before Flop
Seat 3: cristikiti (big blind) folded before Flop
Seat 4: rznUnique folded before Flop (didn't bet)
Seat 5: gakimoney folded on the Turn
Seat 6: Andrei000007 collected ($0.74)



PokerStars Zoom Hand #186528535341:  Hold'em No Limit ($0.02/$0.05) - 2018/05/17 22:49:43 CCT [2018/05/17 10:49:43 ET]
Table 'Donati' 6-max Seat #1 is the button
Seat 1: FooRawr ($5.07 in chips) 
Seat 2: Levison ($9.54 in chips) 
Seat 3: pontinho1 ($4.64 in chips) 
Seat 4: HubertusB ($4.53 in chips) 
Seat 5: rznUnique ($9.09 in chips) 
Seat 6: MahmudSalaj ($1.58 in chips) 
Levison: posts small blind $0.02
pontinho1: posts big blind $0.05
*** HOLE CARDS ***
Dealt to HubertusB [8c 7h]
HubertusB: folds 
rznUnique: raises $0.10 to $0.15
MahmudSalaj: calls $0.15
FooRawr: folds 
Levison: calls $0.13
pontinho1: folds 
*** FLOP *** [Kd Js 8h]
Levison: bets $0.48
rznUnique: folds 
MahmudSalaj: folds 
Uncalled bet ($0.48) returned to Levison
Levison collected $0.48 from pot
Levison: doesn't show hand 
*** SUMMARY ***
Total pot $0.50 | Rake $0.02 
Board [Kd Js 8h]
Seat 1: FooRawr (button) folded before Flop (didn't bet)
Seat 2: Levison (small blind) collected ($0.48)
Seat 3: pontinho1 (big blind) folded before Flop
Seat 4: HubertusB folded before Flop (didn't bet)
Seat 5: rznUnique folded on the Flop
Seat 6: MahmudSalaj folded on the Flop



PokerStars Zoom Hand #186528537948:  Hold'em No Limit ($0.02/$0.05) - 2018/05/17 22:49:48 CCT [2018/05/17 10:49:48 ET]
Table 'Donati' 6-max Seat #1 is the button
Seat 1: Jord_173 ($11.31 in chips) 
Seat 2: Klemazov.JK ($1.72 in chips) 
Seat 3: HubertusB ($4.53 in chips) 
Seat 4: Fury107 ($4.75 in chips) 
Seat 5: Gevron ($7.69 in chips) 
Seat 6: ying9966 ($8.39 in chips) 
Klemazov.JK: posts small blind $0.02
HubertusB: posts big blind $0.05
*** HOLE CARDS ***
Dealt to HubertusB [As 3h]
Fury107: folds 
Gevron: folds 
ying9966: folds 
Jord_173: raises $0.10 to $0.15
Klemazov.JK: folds 
HubertusB: raises $0.30 to $0.45
Jord_173: folds 
Uncalled bet ($0.30) returned to HubertusB
HubertusB collected $0.32 from pot
HubertusB: doesn't show hand 
*** SUMMARY ***
Total pot $0.32 | Rake $0 
Seat 1: Jord_173 (button) folded before Flop
Seat 2: Klemazov.JK (small blind) folded before Flop
Seat 3: HubertusB (big blind) collected ($0.32)
Seat 4: Fury107 folded before Flop (didn't bet)
Seat 5: Gevron folded before Flop (didn't bet)
Seat 6: ying9966 folded before Flop (didn't bet)



PokerStars Zoom Hand #186528550855:  Hold'em No Limit ($0.02/$0.05) - 2018/05/17 22:50:13 CCT [2018/05/17 10:50:13 ET]
Table 'Donati' 6-max Seat #1 is the button
Seat 1: HubertusB ($4.70 in chips) 
Seat 2: YeCA!3 ($5.17 in chips) 
Seat 3: legudge ($5.62 in chips) 
Seat 4: dimi479 ($6.47 in chips) 
Seat 5: XXXiao ($5 in chips) 
Seat 6: Momigotnuts ($9.69 in chips) 
YeCA!3: posts small blind $0.02
legudge: posts big blind $0.05
*** HOLE CARDS ***
Dealt to HubertusB [3h Kd]
dimi479: folds 
XXXiao: folds 
Momigotnuts: folds 
HubertusB: folds 
YeCA!3: folds 
Uncalled bet ($0.03) returned to legudge
legudge collected $0.04 from pot
legudge: doesn't show hand 
*** SUMMARY ***
Total pot $0.04 | Rake $0 
Seat 1: HubertusB (button) folded before Flop (didn't bet)
Seat 2: YeCA!3 (small blind) folded before Flop
Seat 3: legudge (big blind) collected ($0.04)
Seat 4: dimi479 folded before Flop (didn't bet)
Seat 5: XXXiao folded before Flop (didn't bet)
Seat 6: Momigotnuts folded before Flop (didn't bet)



PokerStars Zoom Hand #186528557005:  Hold'em No Limit ($0.02/$0.05) - 2018/05/17 22:50:25 CCT [2018/05/17 10:50:25 ET]
Table 'Donati' 6-max Seat #1 is the button
Seat 1: Vinegar2 ($6.74 in chips) 
Seat 2: HubertusB ($4.68 in chips) 
Seat 3: polymorhp ($6.69 in chips) 
Seat 4: overbet666 ($6.57 in chips) 
Seat 5: SHMAG3L ($5.48 in chips) 
Seat 6: E(x)=np ($6.36 in chips) 
HubertusB: posts small blind $0.02
polymorhp: posts big blind $0.05
*** HOLE CARDS ***
Dealt to HubertusB [3c 6h]
overbet666: folds 
SHMAG3L: folds 
E(x)=np: raises $0.10 to $0.15
Vinegar2: folds 
HubertusB: folds 
polymorhp: folds 
Uncalled bet ($0.10) returned to E(x)=np
E(x)=np collected $0.12 from pot
E(x)=np: doesn't show hand 
*** SUMMARY ***
Total pot $0.12 | Rake $0 
Seat 1: Vinegar2 (button) folded before Flop (didn't bet)
Seat 2: HubertusB (small blind) folded before Flop
Seat 3: polymorhp (big blind) folded before Flop
Seat 4: overbet666 folded before Flop (didn't bet)
Seat 5: SHMAG3L folded before Flop (didn't bet)
Seat 6: E(x)=np collected ($0.12)



PokerStars Zoom Hand #186528564293:  Hold'em No Limit ($0.02/$0.05) - 2018/05/17 22:50:39 CCT [2018/05/17 10:50:39 ET]
Table 'Donati' 6-max Seat #1 is the button
Seat 1: Vaha379 ($4.55 in chips) 
Seat 2: BVB1909 ($8.46 in chips) 
Seat 3: 1990 evelin ($4.12 in chips) 
Seat 4: an113 ($5 in chips) 
Seat 5: UltraRunnerr ($6.97 in chips) 
Seat 6: HubertusB ($4.66 in chips) 
BVB1909: posts small blind $0.02
1990 evelin: posts big blind $0.05
*** HOLE CARDS ***
Dealt to HubertusB [5d 9h]
an113: raises $0.10 to $0.15
UltraRunnerr: folds 
HubertusB: folds 
Vaha379: folds 
BVB1909: folds 
1990 evelin: folds 
Uncalled bet ($0.10) returned to an113
an113 collected $0.12 from pot
an113: doesn't show hand 
*** SUMMARY ***
Total pot $0.12 | Rake $0 
Seat 1: Vaha379 (button) folded before Flop (didn't bet)
Seat 2: BVB1909 (small blind) folded before Flop
Seat 3: 1990 evelin (big blind) folded before Flop
Seat 4: an113 collected ($0.12)
Seat 5: UltraRunnerr folded before Flop (didn't bet)
Seat 6: HubertusB folded before Flop (didn't bet)



PokerStars Zoom Hand #186528561188:  Hold'em No Limit ($0.02/$0.05) - 2018/05/17 22:50:33 CCT [2018/05/17 10:50:33 ET]
Table 'Donati' 6-max Seat #1 is the button
Seat 1: an113 ($5.07 in chips) 
Seat 2: iJord ($6.33 in chips) 
Seat 3: UltraRunnerr ($6.27 in chips) 
Seat 4: HubertusB ($4.66 in chips) 
Seat 5: King_Berkas ($6.58 in chips) 
Seat 6: juligan111 ($11.04 in chips) 
iJord: posts small blind $0.02
UltraRunnerr: posts big blind $0.05
*** HOLE CARDS ***
Dealt to HubertusB [6h 5c]
HubertusB: folds 
King_Berkas: folds 
juligan111: folds 
an113: raises $0.10 to $0.15
iJord: folds 
UltraRunnerr: calls $0.10
*** FLOP *** [5h Tc Qc]
UltraRunnerr: checks 
an113: bets $0.15
UltraRunnerr: folds 
Uncalled bet ($0.15) returned to an113
an113 collected $0.31 from pot
an113: doesn't show hand 
*** SUMMARY ***
Total pot $0.32 | Rake $0.01 
Board [5h Tc Qc]
Seat 1: an113 (button) collected ($0.31)
Seat 2: iJord (small blind) folded before Flop
Seat 3: UltraRunnerr (big blind) folded on the Flop
Seat 4: HubertusB folded before Flop (didn't bet)
Seat 5: King_Berkas folded before Flop (didn't bet)
Seat 6: juligan111 folded before Flop (didn't bet)



PokerStars Zoom Hand #186528553412:  Hold'em No Limit ($0.02/$0.05) - 2018/05/17 22:50:18 CCT [2018/05/17 10:50:18 ET]
Table 'Donati' 6-max Seat #1 is the button
Seat 1: ThomaSs223 ($21.73 in chips) 
Seat 2: HubertusB ($4.70 in chips) 
Seat 3: Abramovic977 ($3.67 in chips) 
Seat 4: Yahan588 ($5.56 in chips) 
Seat 5: cipicu20 ($6.76 in chips) 
Seat 6: FelixXIII303 ($7.01 in chips) 
HubertusB: posts small blind $0.02
Abramovic977: posts big blind $0.05
*** HOLE CARDS ***
Dealt to HubertusB [Ks 6d]
Yahan588: folds 
cipicu20: folds 
FelixXIII303: raises $0.10 to $0.15
ThomaSs223: folds 
HubertusB: folds 
Abramovic977: calls $0.10
*** FLOP *** [Ts 4c 8d]
Abramovic977: checks 
FelixXIII303: bets $0.21
Abramovic977: calls $0.21
*** TURN *** [Ts 4c 8d] [4s]
Abramovic977: checks 
FelixXIII303: bets $0.57
Abramovic977: raises $0.78 to $1.35
FelixXIII303: calls $0.78
*** RIVER *** [Ts 4c 8d 4s] [2s]
Abramovic977: checks 
FelixXIII303: checks 
*** SHOW DOWN ***
Abramovic977: shows [Kh 4h] (three of a kind, Fours)
FelixXIII303: mucks hand 
Abramovic977 collected $3.30 from pot
*** SUMMARY ***
Total pot $3.44 | Rake $0.14 
Board [Ts 4c 8d 4s 2s]
Seat 1: ThomaSs223 (button) folded before Flop (didn't bet)
Seat 2: HubertusB (small blind) folded before Flop
Seat 3: Abramovic977 (big blind) showed [Kh 4h] and won ($3.30) with three of a kind, Fours
Seat 4: Yahan588 folded before Flop (didn't bet)
Seat 5: cipicu20 folded before Flop (didn't bet)
Seat 6: FelixXIII303 mucked [6s 4d]



PokerStars Zoom Hand #186528581699:  Hold'em No Limit ($0.02/$0.05) - 2018/05/17 22:51:12 CCT [2018/05/17 10:51:12 ET]
Table 'Donati' 6-max Seat #1 is the button
Seat 1: icebird33 ($5.06 in chips) 
Seat 2: ZegerS20 ($3.40 in chips) 
Seat 3: mojomike13 ($8.98 in chips) 
Seat 4: snxz0r ($4.49 in chips) 
Seat 5: athernu ($22.30 in chips) 
Seat 6: HubertusB ($4.61 in chips) 
ZegerS20: posts small blind $0.02
mojomike13: posts big blind $0.05
*** HOLE CARDS ***
Dealt to HubertusB [4d Jc]
snxz0r: folds 
athernu: folds 
HubertusB: folds 
icebird33: folds 
ZegerS20: folds 
Uncalled bet ($0.03) returned to mojomike13
mojomike13 collected $0.04 from pot
mojomike13: doesn't show hand 
*** SUMMARY ***
Total pot $0.04 | Rake $0 
Seat 1: icebird33 (button) folded before Flop (didn't bet)
Seat 2: ZegerS20 (small blind) folded before Flop
Seat 3: mojomike13 (big blind) collected ($0.04)
Seat 4: snxz0r folded before Flop (didn't bet)
Seat 5: athernu folded before Flop (didn't bet)
Seat 6: HubertusB folded before Flop (didn't bet)



PokerStars Zoom Hand #186528584788:  Hold'em No Limit ($0.02/$0.05) - 2018/05/17 22:51:18 CCT [2018/05/17 10:51:18 ET]
Table 'Donati' 6-max Seat #1 is the button
Seat 1: HubertusB ($4.61 in chips) 
Seat 2: kondzio93 ($2.95 in chips) 
Seat 3: zapzarap@patent ($5 in chips) 
Seat 4: BOLSER21 ($6.11 in chips) 
Seat 5: Sitela ($5.02 in chips) 
Seat 6: Alliee440 ($2.95 in chips) 
kondzio93: posts small blind $0.02
zapzarap@patent: posts big blind $0.05
*** HOLE CARDS ***
Dealt to HubertusB [4s Jh]
BOLSER21: folds 
Sitela: folds 
Alliee440: folds 
HubertusB: raises $0.05 to $0.10
kondzio93: folds 
zapzarap@patent: folds 
Uncalled bet ($0.05) returned to HubertusB
HubertusB collected $0.12 from pot
HubertusB: doesn't show hand 
*** SUMMARY ***
Total pot $0.12 | Rake $0 
Seat 1: HubertusB (button) collected ($0.12)
Seat 2: kondzio93 (small blind) folded before Flop
Seat 3: zapzarap@patent (big blind) folded before Flop
Seat 4: BOLSER21 folded before Flop (didn't bet)
Seat 5: Sitela folded before Flop (didn't bet)
Seat 6: Alliee440 folded before Flop (didn't bet)



PokerStars Zoom Hand #186528578498:  Hold'em No Limit ($0.02/$0.05) - 2018/05/17 22:51:06 CCT [2018/05/17 10:51:06 ET]
Table 'Donati' 6-max Seat #1 is the button
Seat 1: Reshalo.fish ($1.59 in chips) 
Seat 2: Yahan588 ($10.84 in chips) 
Seat 3: Siebren-K. ($8.98 in chips) 
Seat 4: larothe ($5.56 in chips) 
Seat 5: HubertusB ($4.61 in chips) 
Seat 6: dbr03001 ($9.84 in chips) 
Yahan588: posts small blind $0.02
Siebren-K.: posts big blind $0.05
*** HOLE CARDS ***
Dealt to HubertusB [As 6c]
larothe: folds 
HubertusB: folds 
dbr03001: raises $0.10 to $0.15
Reshalo.fish: folds 
Yahan588: raises $0.40 to $0.55
Siebren-K.: folds 
dbr03001: folds 
Uncalled bet ($0.40) returned to Yahan588
Yahan588 collected $0.35 from pot
Yahan588: doesn't show hand 
*** SUMMARY ***
Total pot $0.35 | Rake $0 
Seat 1: Reshalo.fish (button) folded before Flop (didn't bet)
Seat 2: Yahan588 (small blind) collected ($0.35)
Seat 3: Siebren-K. (big blind) folded before Flop
Seat 4: larothe folded before Flop (didn't bet)
Seat 5: HubertusB folded before Flop (didn't bet)
Seat 6: dbr03001 folded before Flop



PokerStars Zoom Hand #186528592126:  Hold'em No Limit ($0.02/$0.05) - 2018/05/17 22:51:32 CCT [2018/05/17 10:51:32 ET]
Table 'Donati' 6-max Seat #1 is the button
Seat 1: mariusghet12 ($3.54 in chips) 
Seat 2: 1990 evelin ($4.21 in chips) 
Seat 3: HubertusB ($4.68 in chips) 
Seat 4: athernu ($22.25 in chips) 
Seat 5: jorge1145 ($5 in chips) 
Seat 6: Groobasy ($5 in chips) 
1990 evelin: posts small blind $0.02
HubertusB: posts big blind $0.05
*** HOLE CARDS ***
Dealt to HubertusB [4d 4h]
athernu: folds 
jorge1145: raises $0.10 to $0.15
Groobasy: folds 
mariusghet12: folds 
1990 evelin: folds 
HubertusB: folds 
Uncalled bet ($0.10) returned to jorge1145
jorge1145 collected $0.12 from pot
jorge1145: doesn't show hand 
*** SUMMARY ***
Total pot $0.12 | Rake $0 
Seat 1: mariusghet12 (button) folded before Flop (didn't bet)
Seat 2: 1990 evelin (small blind) folded before Flop
Seat 3: HubertusB (big blind) folded before Flop
Seat 4: athernu folded before Flop (didn't bet)
Seat 5: jorge1145 collected ($0.12)
Seat 6: Groobasy folded before Flop (didn't bet)



PokerStars Zoom Hand #186528568529:  Hold'em No Limit ($0.02/$0.05) - 2018/05/17 22:50:47 CCT [2018/05/17 10:50:47 ET]
Table 'Donati' 6-max Seat #1 is the button
Seat 1: jorge1145 ($16.40 in chips) 
Seat 2: Mika1408 ($9.95 in chips) 
Seat 3: HubertusB ($4.66 in chips) 
Seat 4: arturs1996 ($1.38 in chips) 
Seat 5: manuk333 ($5 in chips) 
Seat 6: horhe60321 ($2.45 in chips) 
Mika1408: posts small blind $0.02
HubertusB: posts big blind $0.05
*** HOLE CARDS ***
Dealt to HubertusB [5d Ks]
arturs1996: raises $0.10 to $0.15
manuk333: calls $0.15
horhe60321: folds 
jorge1145: calls $0.15
Mika1408: calls $0.13
HubertusB: folds 
*** FLOP *** [7h 4s 7c]
Mika1408: checks 
arturs1996: checks 
manuk333: checks 
jorge1145: checks 
*** TURN *** [7h 4s 7c] [Kc]
Mika1408: checks 
arturs1996: checks 
manuk333: checks 
jorge1145: bets $0.41
Mika1408: calls $0.41
arturs1996: folds 
manuk333: folds 
*** RIVER *** [7h 4s 7c Kc] [Tc]
Mika1408: checks 
jorge1145: bets $0.94
Mika1408: calls $0.94
*** SHOW DOWN ***
jorge1145: shows [4h 4c] (a full house, Fours full of Sevens)
Mika1408: mucks hand 
jorge1145 collected $3.21 from pot
*** SUMMARY ***
Total pot $3.35 | Rake $0.14 
Board [7h 4s 7c Kc Tc]
Seat 1: jorge1145 (button) showed [4h 4c] and won ($3.21) with a full house, Fours full of Sevens
Seat 2: Mika1408 (small blind) mucked [Ac 6c]
Seat 3: HubertusB (big blind) folded before Flop
Seat 4: arturs1996 folded on the Turn
Seat 5: manuk333 folded on the Turn
Seat 6: horhe60321 folded before Flop (didn't bet)



PokerStars Zoom Hand #186528598839:  Hold'em No Limit ($0.02/$0.05) - 2018/05/17 22:51:45 CCT [2018/05/17 10:51:45 ET]
Table 'Donati' 6-max Seat #1 is the button
Seat 1: knullig ($2.35 in chips) 
Seat 2: HubertusB ($4.63 in chips) 
Seat 3: athernu ($22.23 in chips) 
Seat 4: gakimoney ($8.63 in chips) 
Seat 5: FelixZyl ($12.78 in chips) 
Seat 6: ali3nt0mmy ($5.17 in chips) 
HubertusB: posts small blind $0.02
athernu: posts big blind $0.05
*** HOLE CARDS ***
Dealt to HubertusB [Kc 2d]
gakimoney: folds 
FelixZyl: folds 
ali3nt0mmy: raises $0.07 to $0.12
knullig: folds 
HubertusB: folds 
athernu: folds 
Uncalled bet ($0.07) returned to ali3nt0mmy
ali3nt0mmy collected $0.12 from pot
ali3nt0mmy: doesn't show hand 
*** SUMMARY ***
Total pot $0.12 | Rake $0 
Seat 1: knullig (button) folded before Flop (didn't bet)
Seat 2: HubertusB (small blind) folded before Flop
Seat 3: athernu (big blind) folded before Flop
Seat 4: gakimoney folded before Flop (didn't bet)
Seat 5: FelixZyl folded before Flop (didn't bet)
Seat 6: ali3nt0mmy collected ($0.12)



PokerStars Zoom Hand #186528606075:  Hold'em No Limit ($0.02/$0.05) - 2018/05/17 22:51:59 CCT [2018/05/17 10:51:59 ET]
Table 'Donati' 6-max Seat #1 is the button
Seat 1: HubertusB ($4.61 in chips) 
Seat 2: mikirulez08 ($4.30 in chips) 
Seat 3: iJord ($20.13 in chips) 
Seat 4: rusich-vil ($5.02 in chips) 
Seat 5: mrDustBoy ($7.11 in chips) 
Seat 6: turbo*kg ($7.73 in chips) 
mikirulez08: posts small blind $0.02
iJord: posts big blind $0.05
*** HOLE CARDS ***
Dealt to HubertusB [Td 4s]
rusich-vil: folds 
mrDustBoy: folds 
turbo*kg: folds 
HubertusB: folds 
mikirulez08: folds 
Uncalled bet ($0.03) returned to iJord
iJord collected $0.04 from pot
iJord: doesn't show hand 
*** SUMMARY ***
Total pot $0.04 | Rake $0 
Seat 1: HubertusB (button) folded before Flop (didn't bet)
Seat 2: mikirulez08 (small blind) folded before Flop
Seat 3: iJord (big blind) collected ($0.04)
Seat 4: rusich-vil folded before Flop (didn't bet)
Seat 5: mrDustBoy folded before Flop (didn't bet)
Seat 6: turbo*kg folded before Flop (didn't bet)



PokerStars Zoom Hand #186528612830:  Hold'em No Limit ($0.02/$0.05) - 2018/05/17 22:52:12 CCT [2018/05/17 10:52:12 ET]
Table 'Donati' 6-max Seat #1 is the button
Seat 1: c_schuh ($3.59 in chips) 
Seat 2: zapzarap@patent ($5.09 in chips) 
Seat 3: 1990 evelin ($4.09 in chips) 
Seat 4: FooRawr ($17.28 in chips) 
Seat 5: elviesa ($6.97 in chips) 
Seat 6: HubertusB ($4.61 in chips) 
zapzarap@patent: posts small blind $0.02
1990 evelin: posts big blind $0.05
*** HOLE CARDS ***
Dealt to HubertusB [5d 2c]
FooRawr: raises $0.12 to $0.17
elviesa: folds 
HubertusB: folds 
c_schuh: folds 
zapzarap@patent: folds 
1990 evelin: folds 
Uncalled bet ($0.12) returned to FooRawr
FooRawr collected $0.12 from pot
FooRawr: doesn't show hand 
*** SUMMARY ***
Total pot $0.12 | Rake $0 
Seat 1: c_schuh (button) folded before Flop (didn't bet)
Seat 2: zapzarap@patent (small blind) folded before Flop
Seat 3: 1990 evelin (big blind) folded before Flop
Seat 4: FooRawr collected ($0.12)
Seat 5: elviesa folded before Flop (didn't bet)
Seat 6: HubertusB folded before Flop (didn't bet)



PokerStars Zoom Hand #186528615385:  Hold'em No Limit ($0.02/$0.05) - 2018/05/17 22:52:17 CCT [2018/05/17 10:52:17 ET]
Table 'Donati' 6-max Seat #1 is the button
Seat 1: mojomike13 ($8.69 in chips) 
Seat 2: PSqsd ($14.09 in chips) 
Seat 3: alyfish ($5.09 in chips) 
Seat 4: WiseYorsh ($8.67 in chips) 
Seat 5: HubertusB ($4.61 in chips) 
Seat 6: SuperleskVix ($7.05 in chips) 
PSqsd: posts small blind $0.02
alyfish: posts big blind $0.05
*** HOLE CARDS ***
Dealt to HubertusB [Ts 5s]
WiseYorsh: folds 
HubertusB: folds 
SuperleskVix: folds 
mojomike13: raises $0.07 to $0.12
PSqsd: raises $0.28 to $0.40
alyfish: folds 
mojomike13: folds 
Uncalled bet ($0.28) returned to PSqsd
PSqsd collected $0.29 from pot
PSqsd: doesn't show hand 
*** SUMMARY ***
Total pot $0.29 | Rake $0 
Seat 1: mojomike13 (button) folded before Flop
Seat 2: PSqsd (small blind) collected ($0.29)
Seat 3: alyfish (big blind) folded before Flop
Seat 4: WiseYorsh folded before Flop (didn't bet)
Seat 5: HubertusB folded before Flop (didn't bet)
Seat 6: SuperleskVix folded before Flop (didn't bet)



PokerStars Zoom Hand #186528619060:  Hold'em No Limit ($0.02/$0.05) - 2018/05/17 22:52:24 CCT [2018/05/17 10:52:24 ET]
Table 'Donati' 6-max Seat #1 is the button
Seat 1: BOLSER21 ($6.20 in chips) 
Seat 2: madmat73 ($4.16 in chips) 
Seat 3: Gevron ($5.67 in chips) 
Seat 4: HubertusB ($4.61 in chips) 
Seat 5: dimidruliya ($5.12 in chips) 
Seat 6: alesha566 ($5.25 in chips) 
madmat73: posts small blind $0.02
Gevron: posts big blind $0.05
*** HOLE CARDS ***
Dealt to HubertusB [7d Ad]
HubertusB: raises $0.05 to $0.10
dimidruliya: calls $0.10
alesha566: calls $0.10
BOLSER21: raises $0.60 to $0.70
madmat73: folds 
Gevron: folds 
HubertusB: raises $1 to $1.70
dimidruliya: folds 
alesha566: folds 
BOLSER21: folds 
Uncalled bet ($1) returned to HubertusB
HubertusB collected $1.67 from pot
HubertusB: doesn't show hand 
*** SUMMARY ***
Total pot $1.67 | Rake $0 
Seat 1: BOLSER21 (button) folded before Flop
Seat 2: madmat73 (small blind) folded before Flop
Seat 3: Gevron (big blind) folded before Flop
Seat 4: HubertusB collected ($1.67)
Seat 5: dimidruliya folded before Flop
Seat 6: alesha566 folded before Flop



PokerStars Zoom Hand #186528644821:  Hold'em No Limit ($0.02/$0.05) - 2018/05/17 22:53:13 CCT [2018/05/17 10:53:13 ET]
Table 'Donati' 6-max Seat #1 is the button
Seat 1: jiawen988 ($8.78 in chips) 
Seat 2: cipicu20 ($5 in chips) 
Seat 3: ThiagooPaiva ($5 in chips) 
Seat 4: shogi17 ($3.57 in chips) 
Seat 5: HubertusB ($5.58 in chips) 
Seat 6: JIucu4ka ($2.12 in chips) 
cipicu20: posts small blind $0.02
ThiagooPaiva: posts big blind $0.05
*** HOLE CARDS ***
Dealt to HubertusB [Ts Jc]
shogi17: folds 
HubertusB: raises $0.05 to $0.10
JIucu4ka: folds 
jiawen988: folds 
cipicu20: folds 
ThiagooPaiva: folds 
Uncalled bet ($0.05) returned to HubertusB
HubertusB collected $0.12 from pot
HubertusB: doesn't show hand 
*** SUMMARY ***
Total pot $0.12 | Rake $0 
Seat 1: jiawen988 (button) folded before Flop (didn't bet)
Seat 2: cipicu20 (small blind) folded before Flop
Seat 3: ThiagooPaiva (big blind) folded before Flop
Seat 4: shogi17 folded before Flop (didn't bet)
Seat 5: HubertusB collected ($0.12)
Seat 6: JIucu4ka folded before Flop (didn't bet)



PokerStars Zoom Hand #186528654679:  Hold'em No Limit ($0.02/$0.05) - 2018/05/17 22:53:32 CCT [2018/05/17 10:53:32 ET]
Table 'Donati' 6-max Seat #1 is the button
Seat 1: Mika1408 ($6.87 in chips) 
Seat 2: HubertusB ($5.65 in chips) 
Seat 3: qqzan ($5.53 in chips) 
Seat 4: an113 ($5.51 in chips) 
Seat 5: FakerOnPoker ($7.26 in chips) 
Seat 6: tty1214 ($14.97 in chips) 
HubertusB: posts small blind $0.02
qqzan: posts big blind $0.05
*** HOLE CARDS ***
Dealt to HubertusB [6c 2c]
an113: folds 
FakerOnPoker: folds 
tty1214: folds 
Mika1408: raises $0.05 to $0.10
HubertusB: folds 
qqzan: folds 
Uncalled bet ($0.05) returned to Mika1408
Mika1408 collected $0.12 from pot
Mika1408: doesn't show hand 
*** SUMMARY ***
Total pot $0.12 | Rake $0 
Seat 1: Mika1408 (button) collected ($0.12)
Seat 2: HubertusB (small blind) folded before Flop
Seat 3: qqzan (big blind) folded before Flop
Seat 4: an113 folded before Flop (didn't bet)
Seat 5: FakerOnPoker folded before Flop (didn't bet)
Seat 6: tty1214 folded before Flop (didn't bet)



PokerStars Zoom Hand #186528657875:  Hold'em No Limit ($0.02/$0.05) - 2018/05/17 22:53:38 CCT [2018/05/17 10:53:38 ET]
Table 'Donati' 6-max Seat #1 is the button
Seat 1: WhiteWolf459 ($9.33 in chips) 
Seat 2: iliyahopgot60 ($5.67 in chips) 
Seat 3: HubertusB ($5.63 in chips) 
Seat 4: andriasssse ($15.42 in chips) 
Seat 5: kalmyk ($10.02 in chips) 
Seat 6: Klemazov.JK ($2.67 in chips) 
iliyahopgot60: posts small blind $0.02
HubertusB: posts big blind $0.05
*** HOLE CARDS ***
Dealt to HubertusB [5c 3d]
andriasssse: folds 
kalmyk: folds 
Klemazov.JK: folds 
WhiteWolf459: raises $0.07 to $0.12
iliyahopgot60: folds 
HubertusB: folds 
Uncalled bet ($0.07) returned to WhiteWolf459
WhiteWolf459 collected $0.12 from pot
WhiteWolf459: doesn't show hand 
*** SUMMARY ***
Total pot $0.12 | Rake $0 
Seat 1: WhiteWolf459 (button) collected ($0.12)
Seat 2: iliyahopgot60 (small blind) folded before Flop
Seat 3: HubertusB (big blind) folded before Flop
Seat 4: andriasssse folded before Flop (didn't bet)
Seat 5: kalmyk folded before Flop (didn't bet)
Seat 6: Klemazov.JK folded before Flop (didn't bet)



PokerStars Zoom Hand #186528662554:  Hold'em No Limit ($0.02/$0.05) - 2018/05/17 22:53:47 CCT [2018/05/17 10:53:47 ET]
Table 'Donati' 6-max Seat #1 is the button
Seat 1: jorge1145 ($5.02 in chips) 
Seat 2: Michl1969 ($14.47 in chips) 
Seat 3: lemonylime ($4.17 in chips) 
Seat 4: HubertusB ($5.58 in chips) 
Seat 5: Cleantough ($10.61 in chips) 
Seat 6: Dracyus ($5.02 in chips) 
Michl1969: posts small blind $0.02
lemonylime: posts big blind $0.05
*** HOLE CARDS ***
Dealt to HubertusB [7c 5c]
HubertusB: raises $0.05 to $0.10
Cleantough: folds 
Dracyus: raises $0.25 to $0.35
jorge1145: calls $0.35
Michl1969: folds 
lemonylime: folds 
HubertusB: calls $0.25
*** FLOP *** [4d 6c 3d]
HubertusB: checks 
Dracyus: checks 
jorge1145: bets $0.60
HubertusB: raises $1.05 to $1.65
Dracyus: folds 
jorge1145: folds 
Uncalled bet ($1.05) returned to HubertusB
HubertusB collected $2.22 from pot
HubertusB: doesn't show hand 
*** SUMMARY ***
Total pot $2.32 | Rake $0.10 
Board [4d 6c 3d]
Seat 1: jorge1145 (button) folded on the Flop
Seat 2: Michl1969 (small blind) folded before Flop
Seat 3: lemonylime (big blind) folded before Flop
Seat 4: HubertusB collected ($2.22)
Seat 5: Cleantough folded before Flop (didn't bet)
Seat 6: Dracyus folded on the Flop



PokerStars Zoom Hand #186528704464:  Hold'em No Limit ($0.02/$0.05) - 2018/05/17 22:55:07 CCT [2018/05/17 10:55:07 ET]
Table 'Donati' 6-max Seat #1 is the button
Seat 1: Vamu The Great ($4.16 in chips) 
Seat 2: flyingwoodz ($5.15 in chips) 
Seat 3: LAVR_59_RUS ($1.06 in chips) 
Seat 4: zapzarap@patent ($8.40 in chips) 
Seat 5: kondzio93 ($1.39 in chips) 
Seat 6: HubertusB ($6.85 in chips) 
flyingwoodz: posts small blind $0.02
LAVR_59_RUS: posts big blind $0.05
*** HOLE CARDS ***
Dealt to HubertusB [Kh Ah]
zapzarap@patent: raises $0.10 to $0.15
kondzio93: folds 
HubertusB: raises $0.30 to $0.45
Vamu The Great: folds 
flyingwoodz: folds 
LAVR_59_RUS: folds 
zapzarap@patent: folds 
Uncalled bet ($0.30) returned to HubertusB
HubertusB collected $0.37 from pot
HubertusB: doesn't show hand 
*** SUMMARY ***
Total pot $0.37 | Rake $0 
Seat 1: Vamu The Great (button) folded before Flop (didn't bet)
Seat 2: flyingwoodz (small blind) folded before Flop
Seat 3: LAVR_59_RUS (big blind) folded before Flop
Seat 4: zapzarap@patent folded before Flop
Seat 5: kondzio93 folded before Flop (didn't bet)
Seat 6: HubertusB collected ($0.37)



PokerStars Zoom Hand #186528723060:  Hold'em No Limit ($0.02/$0.05) - 2018/05/17 22:55:49 CCT [2018/05/17 10:55:49 ET]
Table 'Donati' 6-max Seat #1 is the button
Seat 1: salamandryko ($5.50 in chips) 
Seat 2: Sadovskij_RV ($5.78 in chips) 
Seat 3: Cleantough ($10.63 in chips) 
Seat 4: HubertusB ($7.07 in chips) 
Seat 5: Waltermanni ($2.43 in chips) 
Seat 6: HenrySiu ($7.40 in chips) 
Sadovskij_RV: posts small blind $0.02
Cleantough: posts big blind $0.05
*** HOLE CARDS ***
Dealt to HubertusB [Jc 6s]
HubertusB: folds 
Waltermanni: folds 
HenrySiu: raises $0.10 to $0.15
salamandryko: folds 
Sadovskij_RV: folds 
Cleantough: folds 
Uncalled bet ($0.10) returned to HenrySiu
HenrySiu collected $0.12 from pot
HenrySiu: doesn't show hand 
*** SUMMARY ***
Total pot $0.12 | Rake $0 
Seat 1: salamandryko (button) folded before Flop (didn't bet)
Seat 2: Sadovskij_RV (small blind) folded before Flop
Seat 3: Cleantough (big blind) folded before Flop
Seat 4: HubertusB folded before Flop (didn't bet)
Seat 5: Waltermanni folded before Flop (didn't bet)
Seat 6: HenrySiu collected ($0.12)



PokerStars Zoom Hand #186528725207:  Hold'em No Limit ($0.02/$0.05) - 2018/05/17 22:55:54 CCT [2018/05/17 10:55:54 ET]
Table 'Donati' 6-max Seat #1 is the button
Seat 1: georgiodoc ($5 in chips) 
Seat 2: HubertusB ($7.07 in chips) 
Seat 3: mates.cv ($6.79 in chips) 
Seat 4: erik4o21 ($4.23 in chips) 
Seat 5: Sensey-nv ($7.60 in chips) 
Seat 6: JIucu4ka ($2.74 in chips) 
HubertusB: posts small blind $0.02
mates.cv: posts big blind $0.05
*** HOLE CARDS ***
Dealt to HubertusB [Tc Qc]
erik4o21: folds 
Sensey-nv: folds 
JIucu4ka: folds 
georgiodoc: folds 
HubertusB: raises $0.05 to $0.10
mates.cv: folds 
Uncalled bet ($0.05) returned to HubertusB
HubertusB collected $0.10 from pot
HubertusB: doesn't show hand 
*** SUMMARY ***
Total pot $0.10 | Rake $0 
Seat 1: georgiodoc (button) folded before Flop (didn't bet)
Seat 2: HubertusB (small blind) collected ($0.10)
Seat 3: mates.cv (big blind) folded before Flop
Seat 4: erik4o21 folded before Flop (didn't bet)
Seat 5: Sensey-nv folded before Flop (didn't bet)
Seat 6: JIucu4ka folded before Flop (didn't bet)



PokerStars Zoom Hand #186528736292:  Hold'em No Limit ($0.02/$0.05) - 2018/05/17 22:56:20 CCT [2018/05/17 10:56:20 ET]
Table 'Donati' 6-max Seat #1 is the button
Seat 1: BVB1909 ($5.13 in chips) 
Seat 2: pemo68cz ($6.56 in chips) 
Seat 3: anorectal ($5.82 in chips) 
Seat 4: Cabralvarez ($9.20 in chips) 
Seat 5: HubertusB ($7.07 in chips) 
Seat 6: iJord ($5.92 in chips) 
pemo68cz: posts small blind $0.02
anorectal: posts big blind $0.05
*** HOLE CARDS ***
Dealt to HubertusB [3d 9s]
Cabralvarez: folds 
HubertusB: folds 
iJord: folds 
BVB1909: folds 
pemo68cz: folds 
Uncalled bet ($0.03) returned to anorectal
anorectal collected $0.04 from pot
anorectal: doesn't show hand 
*** SUMMARY ***
Total pot $0.04 | Rake $0 
Seat 1: BVB1909 (button) folded before Flop (didn't bet)
Seat 2: pemo68cz (small blind) folded before Flop
Seat 3: anorectal (big blind) collected ($0.04)
Seat 4: Cabralvarez folded before Flop (didn't bet)
Seat 5: HubertusB folded before Flop (didn't bet)
Seat 6: iJord folded before Flop (didn't bet)



PokerStars Zoom Hand #186528720894:  Hold'em No Limit ($0.02/$0.05) - 2018/05/17 22:55:44 CCT [2018/05/17 10:55:44 ET]
Table 'Donati' 6-max Seat #1 is the button
Seat 1: HubertusB ($7.07 in chips) 
Seat 2: shogi17 ($3.87 in chips) 
Seat 3: Adlerro ($5.03 in chips) 
Seat 4: anorectal ($6.79 in chips) 
Seat 5: polymorhp ($7.99 in chips) 
Seat 6: legudge ($8.53 in chips) 
shogi17: posts small blind $0.02
Adlerro: posts big blind $0.05
*** HOLE CARDS ***
Dealt to HubertusB [5h Qs]
anorectal: folds 
polymorhp: raises $0.09 to $0.14
legudge: folds 
HubertusB: folds 
shogi17: folds 
Adlerro: calls $0.09
*** FLOP *** [8h Jd 3c]
Adlerro: checks 
polymorhp: checks 
*** TURN *** [8h Jd 3c] [8s]
Adlerro: bets $0.24
polymorhp: calls $0.24
*** RIVER *** [8h Jd 3c 8s] [Kc]
Adlerro: bets $0.56
polymorhp: calls $0.56
*** SHOW DOWN ***
Adlerro: shows [6d Ad] (a pair of Eights)
polymorhp: shows [9d 9c] (two pair, Nines and Eights)
polymorhp collected $1.82 from pot
*** SUMMARY ***
Total pot $1.90 | Rake $0.08 
Board [8h Jd 3c 8s Kc]
Seat 1: HubertusB (button) folded before Flop (didn't bet)
Seat 2: shogi17 (small blind) folded before Flop
Seat 3: Adlerro (big blind) showed [6d Ad] and lost with a pair of Eights
Seat 4: anorectal folded before Flop (didn't bet)
Seat 5: polymorhp showed [9d 9c] and won ($1.82) with two pair, Nines and Eights
Seat 6: legudge folded before Flop (didn't bet)



PokerStars Zoom Hand #186528739369:  Hold'em No Limit ($0.02/$0.05) - 2018/05/17 22:56:27 CCT [2018/05/17 10:56:27 ET]
Table 'Donati' 6-max Seat #1 is the button
Seat 1: HubertusB ($7.07 in chips) 
Seat 2: larothe ($14.09 in chips) 
Seat 3: GreenBir ($5.26 in chips) 
Seat 4: schurik55 ($5.90 in chips) 
Seat 5: dimonvdm ($7.14 in chips) 
Seat 6: zapzarap@patent ($10.66 in chips) 
larothe: posts small blind $0.02
GreenBir: posts big blind $0.05
*** HOLE CARDS ***
Dealt to HubertusB [3h 9c]
schurik55: folds 
dimonvdm: folds 
zapzarap@patent: folds 
HubertusB: folds 
larothe: folds 
Uncalled bet ($0.03) returned to GreenBir
GreenBir collected $0.04 from pot
GreenBir: doesn't show hand 
*** SUMMARY ***
Total pot $0.04 | Rake $0 
Seat 1: HubertusB (button) folded before Flop (didn't bet)
Seat 2: larothe (small blind) folded before Flop
Seat 3: GreenBir (big blind) collected ($0.04)
Seat 4: schurik55 folded before Flop (didn't bet)
Seat 5: dimonvdm folded before Flop (didn't bet)
Seat 6: zapzarap@patent folded before Flop (didn't bet)



PokerStars Zoom Hand #186528732905:  Hold'em No Limit ($0.02/$0.05) - 2018/05/17 22:56:12 CCT [2018/05/17 10:56:12 ET]
Table 'Donati' 6-max Seat #1 is the button
Seat 1: Mitusha666 ($5.17 in chips) 
Seat 2: BVB1909 ($5.15 in chips) 
Seat 3: HubertusB ($7.12 in chips) 
Seat 4: TheFibonachi ($12.31 in chips) 
Seat 5: GreenBir ($7.94 in chips) 
Seat 6: Sensey-nv ($4.18 in chips) 
BVB1909: posts small blind $0.02
HubertusB: posts big blind $0.05
*** HOLE CARDS ***
Dealt to HubertusB [Td Kh]
TheFibonachi: raises $0.07 to $0.12
GreenBir: calls $0.12
Sensey-nv: folds 
Mitusha666: calls $0.12
BVB1909: folds 
HubertusB: folds 
*** FLOP *** [2s Ah Jd]
TheFibonachi: bets $0.25
GreenBir: calls $0.25
Mitusha666: folds 
*** TURN *** [2s Ah Jd] [7s]
TheFibonachi: bets $0.44
GreenBir: raises $0.97 to $1.41
TheFibonachi: raises $10.53 to $11.94 and is all-in
GreenBir: folds 
Uncalled bet ($10.53) returned to TheFibonachi
TheFibonachi collected $3.59 from pot
TheFibonachi: doesn't show hand 
*** SUMMARY ***
Total pot $3.75 | Rake $0.16 
Board [2s Ah Jd 7s]
Seat 1: Mitusha666 (button) folded on the Flop
Seat 2: BVB1909 (small blind) folded before Flop
Seat 3: HubertusB (big blind) folded before Flop
Seat 4: TheFibonachi collected ($3.59)
Seat 5: GreenBir folded on the Turn
Seat 6: Sensey-nv folded before Flop (didn't bet)



PokerStars Zoom Hand #186528746277:  Hold'em No Limit ($0.02/$0.05) - 2018/05/17 22:56:43 CCT [2018/05/17 10:56:43 ET]
Table 'Donati' 6-max Seat #1 is the button
Seat 1: flyingwoodz ($6.95 in chips) 
Seat 2: xtddai ($4.74 in chips) 
Seat 3: Bupyc777 ($1.14 in chips) 
Seat 4: vikonda85 ($5.92 in chips) 
Seat 5: LCGreenwater ($2.55 in chips) 
Seat 6: HubertusB ($7.07 in chips) 
xtddai: posts small blind $0.02
Bupyc777: posts big blind $0.05
*** HOLE CARDS ***
Dealt to HubertusB [2d 5h]
vikonda85: folds 
LCGreenwater: folds 
HubertusB: folds 
flyingwoodz: folds 
xtddai: folds 
Uncalled bet ($0.03) returned to Bupyc777
Bupyc777 collected $0.04 from pot
Bupyc777: doesn't show hand 
*** SUMMARY ***
Total pot $0.04 | Rake $0 
Seat 1: flyingwoodz (button) folded before Flop (didn't bet)
Seat 2: xtddai (small blind) folded before Flop
Seat 3: Bupyc777 (big blind) collected ($0.04)
Seat 4: vikonda85 folded before Flop (didn't bet)
Seat 5: LCGreenwater folded before Flop (didn't bet)
Seat 6: HubertusB folded before Flop (didn't bet)



PokerStars Zoom Hand #186528753223:  Hold'em No Limit ($0.02/$0.05) - 2018/05/17 22:56:59 CCT [2018/05/17 10:56:59 ET]
Table 'Donati' 6-max Seat #1 is the button
Seat 1: ksusha667 ($1.94 in chips) 
Seat 2: HubertusB ($7.07 in chips) 
Seat 3: kalmyk ($9.35 in chips) 
Seat 4: Truth711 ($5.03 in chips) 
Seat 5: VVinner19 ($5 in chips) 
Seat 6: Wolveredo ($5.63 in chips) 
HubertusB: posts small blind $0.02
kalmyk: posts big blind $0.05
*** HOLE CARDS ***
Dealt to HubertusB [9d Ad]
Truth711: folds 
VVinner19: folds 
Wolveredo: folds 
ksusha667: folds 
HubertusB: raises $0.05 to $0.10
kalmyk: folds 
Uncalled bet ($0.05) returned to HubertusB
HubertusB collected $0.10 from pot
HubertusB: doesn't show hand 
*** SUMMARY ***
Total pot $0.10 | Rake $0 
Seat 1: ksusha667 (button) folded before Flop (didn't bet)
Seat 2: HubertusB (small blind) collected ($0.10)
Seat 3: kalmyk (big blind) folded before Flop
Seat 4: Truth711 folded before Flop (didn't bet)
Seat 5: VVinner19 folded before Flop (didn't bet)
Seat 6: Wolveredo folded before Flop (didn't bet)



PokerStars Zoom Hand #186528758474:  Hold'em No Limit ($0.02/$0.05) - 2018/05/17 22:57:11 CCT [2018/05/17 10:57:11 ET]
Table 'Donati' 6-max Seat #1 is the button
Seat 1: HubertusB ($7.12 in chips) 
Seat 2: mojomike13 ($9.22 in chips) 
Seat 3: 0GL0 ($5.52 in chips) 
Seat 4: curatore1 ($5.29 in chips) 
Seat 5: mastasef ($5 in chips) 
Seat 6: Dimba31 ($5.12 in chips) 
mojomike13: posts small blind $0.02
0GL0: posts big blind $0.05
*** HOLE CARDS ***
Dealt to HubertusB [Ks 3d]
curatore1: folds 
mastasef: folds 
Dimba31: raises $0.10 to $0.15
HubertusB: folds 
mojomike13: folds 
0GL0: folds 
Uncalled bet ($0.10) returned to Dimba31
Dimba31 collected $0.12 from pot
Dimba31: doesn't show hand 
*** SUMMARY ***
Total pot $0.12 | Rake $0 
Seat 1: HubertusB (button) folded before Flop (didn't bet)
Seat 2: mojomike13 (small blind) folded before Flop
Seat 3: 0GL0 (big blind) folded before Flop
Seat 4: curatore1 folded before Flop (didn't bet)
Seat 5: mastasef folded before Flop (didn't bet)
Seat 6: Dimba31 collected ($0.12)



PokerStars Zoom Hand #186528766325:  Hold'em No Limit ($0.02/$0.05) - 2018/05/17 22:57:29 CCT [2018/05/17 10:57:29 ET]
Table 'Donati' 6-max Seat #1 is the button
Seat 1: Omicron333 ($6.93 in chips) 
Seat 2: an113 ($11.48 in chips) 
Seat 3: HubertusB ($7.12 in chips) 
Seat 4: anorectal ($5.89 in chips) 
Seat 5: OgrsBora ($5.12 in chips) 
Seat 6: mkbftw ($7.37 in chips) 
an113: posts small blind $0.02
HubertusB: posts big blind $0.05
*** HOLE CARDS ***
Dealt to HubertusB [Th 9h]
anorectal: folds 
OgrsBora: folds 
mkbftw: folds 
Omicron333: folds 
an113: folds 
Uncalled bet ($0.03) returned to HubertusB
HubertusB collected $0.04 from pot
HubertusB: doesn't show hand 
*** SUMMARY ***
Total pot $0.04 | Rake $0 
Seat 1: Omicron333 (button) folded before Flop (didn't bet)
Seat 2: an113 (small blind) folded before Flop
Seat 3: HubertusB (big blind) collected ($0.04)
Seat 4: anorectal folded before Flop (didn't bet)
Seat 5: OgrsBora folded before Flop (didn't bet)
Seat 6: mkbftw folded before Flop (didn't bet)



PokerStars Zoom Hand #186528771026:  Hold'em No Limit ($0.02/$0.05) - 2018/05/17 22:57:40 CCT [2018/05/17 10:57:40 ET]
Table 'Donati' 6-max Seat #1 is the button
Seat 1: georgiodoc ($5 in chips) 
Seat 2: Siorassc ($8.61 in chips) 
Seat 3: Jord_173 ($11.95 in chips) 
Seat 4: FooRawr ($7.48 in chips) 
Seat 5: HubertusB ($7.14 in chips) 
Seat 6: Levison ($9.99 in chips) 
Siorassc: posts small blind $0.02
Jord_173: posts big blind $0.05
*** HOLE CARDS ***
Dealt to HubertusB [6d As]
FooRawr: folds 
HubertusB: folds 
Levison: raises $0.05 to $0.10
georgiodoc: folds 
Siorassc: folds 
Jord_173: folds 
Uncalled bet ($0.05) returned to Levison
Levison collected $0.12 from pot
Levison: doesn't show hand 
*** SUMMARY ***
Total pot $0.12 | Rake $0 
Seat 1: georgiodoc (button) folded before Flop (didn't bet)
Seat 2: Siorassc (small blind) folded before Flop
Seat 3: Jord_173 (big blind) folded before Flop
Seat 4: FooRawr folded before Flop (didn't bet)
Seat 5: HubertusB folded before Flop (didn't bet)
Seat 6: Levison collected ($0.12)



PokerStars Zoom Hand #186528773560:  Hold'em No Limit ($0.02/$0.05) - 2018/05/17 22:57:46 CCT [2018/05/17 10:57:46 ET]
Table 'Donati' 6-max Seat #1 is the button
Seat 1: icebird33 ($5 in chips) 
Seat 2: adyrnicc ($7.70 in chips) 
Seat 3: Siorassc ($5 in chips) 
Seat 4: DURO.RIVAL ($6.40 in chips) 
Seat 5: fribro ($4.32 in chips) 
Seat 6: HubertusB ($7.14 in chips) 
adyrnicc: posts small blind $0.02
Siorassc: posts big blind $0.05
*** HOLE CARDS ***
Dealt to HubertusB [Kh 8s]
DURO.RIVAL: folds 
fribro: folds 
HubertusB: raises $0.05 to $0.10
icebird33: folds 
adyrnicc: raises $0.24 to $0.34
Siorassc: folds 
HubertusB: folds 
Uncalled bet ($0.24) returned to adyrnicc
adyrnicc collected $0.25 from pot
adyrnicc: doesn't show hand 
*** SUMMARY ***
Total pot $0.25 | Rake $0 
Seat 1: icebird33 (button) folded before Flop (didn't bet)
Seat 2: adyrnicc (small blind) collected ($0.25)
Seat 3: Siorassc (big blind) folded before Flop
Seat 4: DURO.RIVAL folded before Flop (didn't bet)
Seat 5: fribro folded before Flop (didn't bet)
Seat 6: HubertusB folded before Flop



PokerStars Zoom Hand #186528784031:  Hold'em No Limit ($0.02/$0.05) - 2018/05/17 22:58:10 CCT [2018/05/17 10:58:10 ET]
Table 'Donati' 6-max Seat #1 is the button
Seat 1: @moromin ($14.18 in chips) 
Seat 2: knullig ($3.84 in chips) 
Seat 3: Papa_Prey ($5 in chips) 
Seat 4: HubertusB ($7.04 in chips) 
Seat 5: justhasl ($3.20 in chips) 
Seat 6: eliasfleitas ($5.99 in chips) 
knullig: posts small blind $0.02
Papa_Prey: posts big blind $0.05
*** HOLE CARDS ***
Dealt to HubertusB [5d Qh]
HubertusB: folds 
justhasl: folds 
eliasfleitas: folds 
@moromin: raises $0.10 to $0.15
knullig: folds 
Papa_Prey: folds 
Uncalled bet ($0.10) returned to @moromin
@moromin collected $0.12 from pot
@moromin: doesn't show hand 
*** SUMMARY ***
Total pot $0.12 | Rake $0 
Seat 1: @moromin (button) collected ($0.12)
Seat 2: knullig (small blind) folded before Flop
Seat 3: Papa_Prey (big blind) folded before Flop
Seat 4: HubertusB folded before Flop (didn't bet)
Seat 5: justhasl folded before Flop (didn't bet)
Seat 6: eliasfleitas folded before Flop (didn't bet)



PokerStars Zoom Hand #186528793580:  Hold'em No Limit ($0.02/$0.05) - 2018/05/17 22:58:32 CCT [2018/05/17 10:58:32 ET]
Table 'Donati' 6-max Seat #1 is the button
Seat 1: TehPokeHerer ($13.67 in chips) 
Seat 2: Ruabe ($5 in chips) 
Seat 3: yuu0914 ($5 in chips) 
Seat 4: Tanika33 ($10.60 in chips) 
Seat 5: Omicron333 ($11.22 in chips) 
Seat 6: HubertusB ($7.02 in chips) 
Ruabe: posts small blind $0.02
yuu0914: posts big blind $0.05
*** HOLE CARDS ***
Dealt to HubertusB [7d 9h]
Tanika33: folds 
Omicron333: folds 
HubertusB: folds 
TehPokeHerer: raises $0.05 to $0.10
Ruabe: folds 
yuu0914: folds 
Uncalled bet ($0.05) returned to TehPokeHerer
TehPokeHerer collected $0.12 from pot
TehPokeHerer: doesn't show hand 
*** SUMMARY ***
Total pot $0.12 | Rake $0 
Seat 1: TehPokeHerer (button) collected ($0.12)
Seat 2: Ruabe (small blind) folded before Flop
Seat 3: yuu0914 (big blind) folded before Flop
Seat 4: Tanika33 folded before Flop (didn't bet)
Seat 5: Omicron333 folded before Flop (didn't bet)
Seat 6: HubertusB folded before Flop (didn't bet)



PokerStars Zoom Hand #186528790525:  Hold'em No Limit ($0.02/$0.05) - 2018/05/17 22:58:25 CCT [2018/05/17 10:58:25 ET]
Table 'Donati' 6-max Seat #1 is the button
Seat 1: smasaken ($5.58 in chips) 
Seat 2: Bolnisi68 ($6.15 in chips) 
Seat 3: DarkShadow79 ($5 in chips) 
Seat 4: HubertusB ($7.02 in chips) 
Seat 5: diceman0909 ($4.08 in chips) 
Seat 6: DSJekov ($5.98 in chips) 
Bolnisi68: posts small blind $0.02
DarkShadow79: posts big blind $0.05
*** HOLE CARDS ***
Dealt to HubertusB [Tc Jd]
HubertusB: folds 
diceman0909: folds 
DSJekov: folds 
smasaken: raises $0.07 to $0.12
Bolnisi68: raises $0.29 to $0.41
DarkShadow79: folds 
smasaken: folds 
Uncalled bet ($0.29) returned to Bolnisi68
Bolnisi68 collected $0.29 from pot
Bolnisi68: doesn't show hand 
*** SUMMARY ***
Total pot $0.29 | Rake $0 
Seat 1: smasaken (button) folded before Flop
Seat 2: Bolnisi68 (small blind) collected ($0.29)
Seat 3: DarkShadow79 (big blind) folded before Flop
Seat 4: HubertusB folded before Flop (didn't bet)
Seat 5: diceman0909 folded before Flop (didn't bet)
Seat 6: DSJekov folded before Flop (didn't bet)



PokerStars Zoom Hand #186528786160:  Hold'em No Limit ($0.02/$0.05) - 2018/05/17 22:58:15 CCT [2018/05/17 10:58:15 ET]
Table 'Donati' 6-max Seat #1 is the button
Seat 1: vikonda85 ($7.54 in chips) 
Seat 2: HubertusB ($7.04 in chips) 
Seat 3: Araj Moon ($21.81 in chips) 
Seat 4: Allitalia23 ($2.86 in chips) 
Seat 5: XXXiao ($13.99 in chips) 
Seat 6: overbet666 ($6.33 in chips) 
HubertusB: posts small blind $0.02
Araj Moon: posts big blind $0.05
*** HOLE CARDS ***
Dealt to HubertusB [2h Qs]
Allitalia23: folds 
XXXiao: folds 
overbet666: folds 
vikonda85: raises $0.07 to $0.12
HubertusB: folds 
Araj Moon: raises $0.28 to $0.40
vikonda85: calls $0.28
*** FLOP *** [2c 8h 6s]
Araj Moon: bets $0.24
vikonda85: calls $0.24
*** TURN *** [2c 8h 6s] [3d]
Araj Moon: checks 
vikonda85: bets $0.83
Araj Moon: folds 
Uncalled bet ($0.83) returned to vikonda85
vikonda85 collected $1.25 from pot
vikonda85: doesn't show hand 
*** SUMMARY ***
Total pot $1.30 | Rake $0.05 
Board [2c 8h 6s 3d]
Seat 1: vikonda85 (button) collected ($1.25)
Seat 2: HubertusB (small blind) folded before Flop
Seat 3: Araj Moon (big blind) folded on the Turn
Seat 4: Allitalia23 folded before Flop (didn't bet)
Seat 5: XXXiao folded before Flop (didn't bet)
Seat 6: overbet666 folded before Flop (didn't bet)



PokerStars Zoom Hand #186528796242:  Hold'em No Limit ($0.02/$0.05) - 2018/05/17 22:58:38 CCT [2018/05/17 10:58:38 ET]
Table 'Donati' 6-max Seat #1 is the button
Seat 1: jjtaro ($5.07 in chips) 
Seat 2: engelen563 ($5 in chips) 
Seat 3: HubertusB ($7.02 in chips) 
Seat 4: Ka4ibuk@ ($5.08 in chips) 
Seat 5: CasperMulder ($6.17 in chips) 
Seat 6: AAKharitonov ($1.33 in chips) 
engelen563: posts small blind $0.02
HubertusB: posts big blind $0.05
*** HOLE CARDS ***
Dealt to HubertusB [6d Ac]
Ka4ibuk@: folds 
CasperMulder: folds 
AAKharitonov: folds 
jjtaro: raises $0.10 to $0.15
engelen563: raises $0.31 to $0.46
HubertusB: folds 
jjtaro: calls $0.31
*** FLOP *** [Tc Ks 7h]
engelen563: bets $0.47
jjtaro: folds 
Uncalled bet ($0.47) returned to engelen563
engelen563 collected $0.93 from pot
engelen563: doesn't show hand 
*** SUMMARY ***
Total pot $0.97 | Rake $0.04 
Board [Tc Ks 7h]
Seat 1: jjtaro (button) folded on the Flop
Seat 2: engelen563 (small blind) collected ($0.93)
Seat 3: HubertusB (big blind) folded before Flop
Seat 4: Ka4ibuk@ folded before Flop (didn't bet)
Seat 5: CasperMulder folded before Flop (didn't bet)
Seat 6: AAKharitonov folded before Flop (didn't bet)



PokerStars Zoom Hand #186528805416:  Hold'em No Limit ($0.02/$0.05) - 2018/05/17 22:58:59 CCT [2018/05/17 10:58:59 ET]
Table 'Donati' 6-max Seat #1 is the button
Seat 1: HubertusB ($6.97 in chips) 
Seat 2: Truth711 ($5 in chips) 
Seat 3: gakimoney ($5.18 in chips) 
Seat 4: BVB1909 ($5.24 in chips) 
Seat 5: 1Sania1 ($6.08 in chips) 
Seat 6: burianjpb ($8.08 in chips) 
Truth711: posts small blind $0.02
gakimoney: posts big blind $0.05
*** HOLE CARDS ***
Dealt to HubertusB [9d 3h]
BVB1909: folds 
1Sania1: folds 
burianjpb has timed out
burianjpb: folds 
HubertusB: folds 
Truth711: folds 
Uncalled bet ($0.03) returned to gakimoney
gakimoney collected $0.04 from pot
gakimoney: doesn't show hand 
*** SUMMARY ***
Total pot $0.04 | Rake $0 
Seat 1: HubertusB (button) folded before Flop (didn't bet)
Seat 2: Truth711 (small blind) folded before Flop
Seat 3: gakimoney (big blind) collected ($0.04)
Seat 4: BVB1909 folded before Flop (didn't bet)
Seat 5: 1Sania1 folded before Flop (didn't bet)
Seat 6: burianjpb folded before Flop (didn't bet)



PokerStars Zoom Hand #186528809771:  Hold'em No Limit ($0.02/$0.05) - 2018/05/17 22:59:09 CCT [2018/05/17 10:59:09 ET]
Table 'Donati' 6-max Seat #1 is the button
Seat 1: schurik55 ($5.87 in chips) 
Seat 2: Vakaris22 ($4.18 in chips) 
Seat 3: Yahan588 ($10.71 in chips) 
Seat 4: cristikiti ($5.02 in chips) 
Seat 5: HubertusB ($6.97 in chips) 
Seat 6: mojomike13 ($11.43 in chips) 
Vakaris22: posts small blind $0.02
Yahan588: posts big blind $0.05
*** HOLE CARDS ***
Dealt to HubertusB [5s 2s]
cristikiti: folds 
HubertusB: folds 
mojomike13: folds 
schurik55: folds 
Vakaris22: folds 
Uncalled bet ($0.03) returned to Yahan588
Yahan588 collected $0.04 from pot
Yahan588: doesn't show hand 
*** SUMMARY ***
Total pot $0.04 | Rake $0 
Seat 1: schurik55 (button) folded before Flop (didn't bet)
Seat 2: Vakaris22 (small blind) folded before Flop
Seat 3: Yahan588 (big blind) collected ($0.04)
Seat 4: cristikiti folded before Flop (didn't bet)
Seat 5: HubertusB folded before Flop (didn't bet)
Seat 6: mojomike13 folded before Flop (didn't bet)



PokerStars Zoom Hand #186528817097:  Hold'em No Limit ($0.02/$0.05) - 2018/05/17 22:59:26 CCT [2018/05/17 10:59:26 ET]
Table 'Donati' 6-max Seat #1 is the button
Seat 1: briany77d22 ($8.32 in chips) 
Seat 2: vikonda85 ($5.71 in chips) 
Seat 3: JIucu4ka ($1.80 in chips) 
Seat 4: HubertusB ($6.97 in chips) 
Seat 5: iJord ($6.09 in chips) 
Seat 6: trenerok ($6.34 in chips) 
vikonda85: posts small blind $0.02
JIucu4ka: posts big blind $0.05
*** HOLE CARDS ***
Dealt to HubertusB [6h 9s]
HubertusB: folds 
iJord: folds 
trenerok: folds 
briany77d22: folds 
vikonda85: folds 
Uncalled bet ($0.03) returned to JIucu4ka
JIucu4ka collected $0.04 from pot
JIucu4ka: doesn't show hand 
*** SUMMARY ***
Total pot $0.04 | Rake $0 
Seat 1: briany77d22 (button) folded before Flop (didn't bet)
Seat 2: vikonda85 (small blind) folded before Flop
Seat 3: JIucu4ka (big blind) collected ($0.04)
Seat 4: HubertusB folded before Flop (didn't bet)
Seat 5: iJord folded before Flop (didn't bet)
Seat 6: trenerok folded before Flop (didn't bet)



PokerStars Zoom Hand #186528820590:  Hold'em No Limit ($0.02/$0.05) - 2018/05/17 22:59:34 CCT [2018/05/17 10:59:34 ET]
Table 'Donati' 6-max Seat #1 is the button
Seat 1: Toni2Maroni ($3.11 in chips) 
Seat 2: HubertusB ($6.97 in chips) 
Seat 3: kondzio93 ($1.36 in chips) 
Seat 4: chesm ($8.04 in chips) 
Seat 5: OgrsBora ($5.46 in chips) 
Seat 6: andriasssse ($8.86 in chips) 
HubertusB: posts small blind $0.02
kondzio93: posts big blind $0.05
*** HOLE CARDS ***
Dealt to HubertusB [4c Qd]
chesm: folds 
OgrsBora: raises $0.10 to $0.15
andriasssse: folds 
Toni2Maroni: folds 
HubertusB: folds 
kondzio93: folds 
Uncalled bet ($0.10) returned to OgrsBora
OgrsBora collected $0.12 from pot
OgrsBora: doesn't show hand 
*** SUMMARY ***
Total pot $0.12 | Rake $0 
Seat 1: Toni2Maroni (button) folded before Flop (didn't bet)
Seat 2: HubertusB (small blind) folded before Flop
Seat 3: kondzio93 (big blind) folded before Flop
Seat 4: chesm folded before Flop (didn't bet)
Seat 5: OgrsBora collected ($0.12)
Seat 6: andriasssse folded before Flop (didn't bet)



PokerStars Zoom Hand #186528802726:  Hold'em No Limit ($0.02/$0.05) - 2018/05/17 22:58:53 CCT [2018/05/17 10:58:53 ET]
Table 'Donati' 6-max Seat #1 is the button
Seat 1: Ruabe ($5 in chips) 
Seat 2: Wolveredo ($5.74 in chips) 
Seat 3: Shamaxxx ($8.50 in chips) 
Seat 4: Yahan588 ($5 in chips) 
Seat 5: HubertusB ($6.97 in chips) 
Seat 6: loser27s ($5.87 in chips) 
Wolveredo: posts small blind $0.02
Shamaxxx: posts big blind $0.05
*** HOLE CARDS ***
Dealt to HubertusB [8h Js]
Yahan588: folds 
HubertusB: folds 
loser27s: folds 
Ruabe: raises $0.05 to $0.10
Wolveredo: folds 
Shamaxxx: raises $0.30 to $0.40
Ruabe: calls $0.30
*** FLOP *** [5s 8c 8d]
Shamaxxx: bets $0.59
Ruabe: calls $0.59
*** TURN *** [5s 8c 8d] [Ad]
Shamaxxx: bets $1.32
Ruabe: calls $1.32
*** RIVER *** [5s 8c 8d Ad] [2c]
Shamaxxx: bets $3.34
Ruabe: folds 
Uncalled bet ($3.34) returned to Shamaxxx
Shamaxxx collected $4.45 from pot
Shamaxxx: doesn't show hand 
*** SUMMARY ***
Total pot $4.64 | Rake $0.19 
Board [5s 8c 8d Ad 2c]
Seat 1: Ruabe (button) folded on the River
Seat 2: Wolveredo (small blind) folded before Flop
Seat 3: Shamaxxx (big blind) collected ($4.45)
Seat 4: Yahan588 folded before Flop (didn't bet)
Seat 5: HubertusB folded before Flop (didn't bet)
Seat 6: loser27s folded before Flop (didn't bet)



PokerStars Zoom Hand #186528824075:  Hold'em No Limit ($0.02/$0.05) - 2018/05/17 22:59:42 CCT [2018/05/17 10:59:42 ET]
Table 'Donati' 6-max Seat #1 is the button
Seat 1: loser27s ($6.66 in chips) 
Seat 2: Tqlkkk-_- ($5.39 in chips) 
Seat 3: HubertusB ($6.95 in chips) 
Seat 4: jerry0917 ($9.20 in chips) 
Seat 5: Ruabe ($5 in chips) 
Seat 6: flyingwoodz ($5.06 in chips) 
Tqlkkk-_-: posts small blind $0.02
HubertusB: posts big blind $0.05
*** HOLE CARDS ***
Dealt to HubertusB [8d 4d]
jerry0917: folds 
Ruabe: folds 
flyingwoodz: folds 
loser27s: raises $0.07 to $0.12
Tqlkkk-_-: folds 
HubertusB: folds 
Uncalled bet ($0.07) returned to loser27s
loser27s collected $0.12 from pot
loser27s: doesn't show hand 
*** SUMMARY ***
Total pot $0.12 | Rake $0 
Seat 1: loser27s (button) collected ($0.12)
Seat 2: Tqlkkk-_- (small blind) folded before Flop
Seat 3: HubertusB (big blind) folded before Flop
Seat 4: jerry0917 folded before Flop (didn't bet)
Seat 5: Ruabe folded before Flop (didn't bet)
Seat 6: flyingwoodz folded before Flop (didn't bet)



PokerStars Zoom Hand #186528834468:  Hold'em No Limit ($0.02/$0.05) - 2018/05/17 23:00:06 CCT [2018/05/17 11:00:06 ET]
Table 'Donati' 6-max Seat #1 is the button
Seat 1: HubertusB ($6.90 in chips) 
Seat 2: lasuking ($6.08 in chips) 
Seat 3: Molodoi3000 ($5.28 in chips) 
Seat 4: mastasef ($5.01 in chips) 
Seat 5: @moromin ($17.72 in chips) 
Seat 6: retocigler ($4.56 in chips) 
lasuking: posts small blind $0.02
Molodoi3000: posts big blind $0.05
*** HOLE CARDS ***
Dealt to HubertusB [Jc Qd]
mastasef: raises $0.10 to $0.15
@moromin: folds 
retocigler: folds 
HubertusB: raises $0.30 to $0.45
lasuking: folds 
Molodoi3000: folds 
mastasef: raises $0.80 to $1.25
HubertusB: folds 
Uncalled bet ($0.80) returned to mastasef
mastasef collected $0.97 from pot
mastasef: doesn't show hand 
*** SUMMARY ***
Total pot $0.97 | Rake $0 
Seat 1: HubertusB (button) folded before Flop
Seat 2: lasuking (small blind) folded before Flop
Seat 3: Molodoi3000 (big blind) folded before Flop
Seat 4: mastasef collected ($0.97)
Seat 5: @moromin folded before Flop (didn't bet)
Seat 6: retocigler folded before Flop (didn't bet)



PokerStars Zoom Hand #186528852707:  Hold'em No Limit ($0.02/$0.05) - 2018/05/17 23:00:47 CCT [2018/05/17 11:00:47 ET]
Table 'Donati' 6-max Seat #1 is the button
Seat 1: Yahan588 ($5.07 in chips) 
Seat 2: HubertusB ($6.45 in chips) 
Seat 3: china389 ($3.25 in chips) 
Seat 4: Shamaxxx ($10.99 in chips) 
Seat 5: BIBIGON123 ($5.07 in chips) 
Seat 6: @moromin ($5.97 in chips) 
HubertusB: posts small blind $0.02
china389: posts big blind $0.05
*** HOLE CARDS ***
Dealt to HubertusB [Ah Td]
Shamaxxx: raises $0.10 to $0.15
BIBIGON123: folds 
@moromin: folds 
Yahan588: calls $0.15
HubertusB: folds 
china389: folds 
*** FLOP *** [5h Th 3s]
Shamaxxx: checks 
Yahan588: checks 
*** TURN *** [5h Th 3s] [Ac]
Shamaxxx: bets $0.26
Yahan588: folds 
Uncalled bet ($0.26) returned to Shamaxxx
Shamaxxx collected $0.35 from pot
Shamaxxx: doesn't show hand 
*** SUMMARY ***
Total pot $0.37 | Rake $0.02 
Board [5h Th 3s Ac]
Seat 1: Yahan588 (button) folded on the Turn
Seat 2: HubertusB (small blind) folded before Flop
Seat 3: china389 (big blind) folded before Flop
Seat 4: Shamaxxx collected ($0.35)
Seat 5: BIBIGON123 folded before Flop (didn't bet)
Seat 6: @moromin folded before Flop (didn't bet)



PokerStars Zoom Hand #186528861559:  Hold'em No Limit ($0.02/$0.05) - 2018/05/17 23:01:06 CCT [2018/05/17 11:01:06 ET]
Table 'Donati' 6-max Seat #1 is the button
Seat 1: loser27s ($5 in chips) 
Seat 2: Shamaxxx ($7.45 in chips) 
Seat 3: larothe ($5.16 in chips) 
Seat 4: HubertusB ($6.43 in chips) 
Seat 5: Sadovskij_RV ($6.76 in chips) 
Seat 6: *AlPl*998 ($5.67 in chips) 
Shamaxxx: posts small blind $0.02
larothe: posts big blind $0.05
*** HOLE CARDS ***
Dealt to HubertusB [9h 7c]
HubertusB: folds 
Sadovskij_RV: raises $0.11 to $0.16
*AlPl*998: folds 
loser27s: raises $0.39 to $0.55
Shamaxxx: folds 
larothe: folds 
Sadovskij_RV: folds 
Uncalled bet ($0.39) returned to loser27s
loser27s collected $0.39 from pot
loser27s: doesn't show hand 
*** SUMMARY ***
Total pot $0.39 | Rake $0 
Seat 1: loser27s (button) collected ($0.39)
Seat 2: Shamaxxx (small blind) folded before Flop
Seat 3: larothe (big blind) folded before Flop
Seat 4: HubertusB folded before Flop (didn't bet)
Seat 5: Sadovskij_RV folded before Flop
Seat 6: *AlPl*998 folded before Flop (didn't bet)



PokerStars Zoom Hand #186528864401:  Hold'em No Limit ($0.02/$0.05) - 2018/05/17 23:01:12 CCT [2018/05/17 11:01:12 ET]
Table 'Donati' 6-max Seat #1 is the button
Seat 1: burianjpb ($11.13 in chips) 
Seat 2: petroff1959 ($2.39 in chips) 
Seat 3: efimem ($4.36 in chips) 
Seat 4: trenerok ($5.19 in chips) 
Seat 5: Mitusha666 ($5.09 in chips) 
Seat 6: HubertusB ($6.43 in chips) 
petroff1959: posts small blind $0.02
efimem: posts big blind $0.05
*** HOLE CARDS ***
Dealt to HubertusB [Jd 6d]
trenerok: folds 
Mitusha666: folds 
HubertusB: raises $0.05 to $0.10
burianjpb: folds 
petroff1959: folds 
efimem: folds 
Uncalled bet ($0.05) returned to HubertusB
HubertusB collected $0.12 from pot
HubertusB: doesn't show hand 
*** SUMMARY ***
Total pot $0.12 | Rake $0 
Seat 1: burianjpb (button) folded before Flop (didn't bet)
Seat 2: petroff1959 (small blind) folded before Flop
Seat 3: efimem (big blind) folded before Flop
Seat 4: trenerok folded before Flop (didn't bet)
Seat 5: Mitusha666 folded before Flop (didn't bet)
Seat 6: HubertusB collected ($0.12)



PokerStars Zoom Hand #186528875604:  Hold'em No Limit ($0.02/$0.05) - 2018/05/17 23:01:35 CCT [2018/05/17 11:01:35 ET]
Table 'Donati' 6-max Seat #1 is the button
Seat 1: HubertusB ($6.50 in chips) 
Seat 2: Mika1408 ($11.12 in chips) 
Seat 3: andriasssse ($5 in chips) 
Seat 4: ptaQ_79 ($5.50 in chips) 
Seat 5: SHMAG3L ($5.05 in chips) 
Seat 6: Farad84 ($17.39 in chips) 
Mika1408: posts small blind $0.02
andriasssse: posts big blind $0.05
*** HOLE CARDS ***
Dealt to HubertusB [Tc Js]
ptaQ_79: folds 
SHMAG3L: folds 
Farad84: raises $0.05 to $0.10
HubertusB: raises $0.20 to $0.30
Mika1408: folds 
andriasssse: folds 
Farad84: folds 
Uncalled bet ($0.20) returned to HubertusB
HubertusB collected $0.27 from pot
HubertusB: doesn't show hand 
*** SUMMARY ***
Total pot $0.27 | Rake $0 
Seat 1: HubertusB (button) collected ($0.27)
Seat 2: Mika1408 (small blind) folded before Flop
Seat 3: andriasssse (big blind) folded before Flop
Seat 4: ptaQ_79 folded before Flop (didn't bet)
Seat 5: SHMAG3L folded before Flop (didn't bet)
Seat 6: Farad84 folded before Flop



PokerStars Zoom Hand #186528886083:  Hold'em No Limit ($0.02/$0.05) - 2018/05/17 23:01:57 CCT [2018/05/17 11:01:57 ET]
Table 'Donati' 6-max Seat #1 is the button
Seat 1: Immunion ($11.10 in chips) 
Seat 2: RustemAnna ($9.46 in chips) 
Seat 3: HubertusB ($6.67 in chips) 
Seat 4: Levison ($11.57 in chips) 
Seat 5: Mitusha666 ($5.69 in chips) 
Seat 6: FooRawr ($7.62 in chips) 
RustemAnna: posts small blind $0.02
HubertusB: posts big blind $0.05
*** HOLE CARDS ***
Dealt to HubertusB [Qh 9d]
Levison: folds 
Mitusha666: folds 
FooRawr: folds 
Immunion: folds 
RustemAnna: folds 
Uncalled bet ($0.03) returned to HubertusB
HubertusB collected $0.04 from pot
HubertusB: doesn't show hand 
*** SUMMARY ***
Total pot $0.04 | Rake $0 
Seat 1: Immunion (button) folded before Flop (didn't bet)
Seat 2: RustemAnna (small blind) folded before Flop
Seat 3: HubertusB (big blind) collected ($0.04)
Seat 4: Levison folded before Flop (didn't bet)
Seat 5: Mitusha666 folded before Flop (didn't bet)
Seat 6: FooRawr folded before Flop (didn't bet)



PokerStars Zoom Hand #186528900348:  Hold'em No Limit ($0.02/$0.05) - 2018/05/17 23:02:23 CCT [2018/05/17 11:02:23 ET]
Table 'Donati' 6-max Seat #1 is the button
Seat 1: XXXiao ($5.87 in chips) 
Seat 2: juligan111 ($5 in chips) 
Seat 3: engelen563 ($5.13 in chips) 
Seat 4: WiseYorsh ($5.65 in chips) 
Seat 5: HubertusB ($6.69 in chips) 
Seat 6: kchomo111 ($11.58 in chips) 
juligan111: posts small blind $0.02
engelen563: posts big blind $0.05
*** HOLE CARDS ***
Dealt to HubertusB [2s 3c]
WiseYorsh: raises $0.07 to $0.12
HubertusB: folds 
kchomo111: folds 
XXXiao: folds 
juligan111: folds 
engelen563: folds 
Uncalled bet ($0.07) returned to WiseYorsh
WiseYorsh collected $0.12 from pot
WiseYorsh: doesn't show hand 
*** SUMMARY ***
Total pot $0.12 | Rake $0 
Seat 1: XXXiao (button) folded before Flop (didn't bet)
Seat 2: juligan111 (small blind) folded before Flop
Seat 3: engelen563 (big blind) folded before Flop
Seat 4: WiseYorsh collected ($0.12)
Seat 5: HubertusB folded before Flop (didn't bet)
Seat 6: kchomo111 folded before Flop (didn't bet)



PokerStars Zoom Hand #186528903451:  Hold'em No Limit ($0.02/$0.05) - 2018/05/17 23:02:29 CCT [2018/05/17 11:02:29 ET]
Table 'Donati' 6-max Seat #1 is the button
Seat 1: djarvils ($8.87 in chips) 
Seat 2: Wolveredo ($6.40 in chips) 
Seat 3: BIGIGOR320 ($5.48 in chips) 
Seat 4: HubertusB ($6.69 in chips) 
Seat 5: ying9966 ($11.02 in chips) 
Seat 6: GreenBir ($19.44 in chips) 
Wolveredo: posts small blind $0.02
BIGIGOR320: posts big blind $0.05
*** HOLE CARDS ***
Dealt to HubertusB [9s 2d]
HubertusB: folds 
ying9966: folds 
GreenBir: folds 
djarvils: folds 
Wolveredo: raises $0.07 to $0.12
BIGIGOR320: folds 
Uncalled bet ($0.07) returned to Wolveredo
Wolveredo collected $0.10 from pot
Wolveredo: doesn't show hand 
*** SUMMARY ***
Total pot $0.10 | Rake $0 
Seat 1: djarvils (button) folded before Flop (didn't bet)
Seat 2: Wolveredo (small blind) collected ($0.10)
Seat 3: BIGIGOR320 (big blind) folded before Flop
Seat 4: HubertusB folded before Flop (didn't bet)
Seat 5: ying9966 folded before Flop (didn't bet)
Seat 6: GreenBir folded before Flop (didn't bet)



PokerStars Zoom Hand #186528905998:  Hold'em No Limit ($0.02/$0.05) - 2018/05/17 23:02:34 CCT [2018/05/17 11:02:34 ET]
Table 'Donati' 6-max Seat #1 is the button
Seat 1: Tqlkkk-_- ($5.05 in chips) 
Seat 2: an113 ($9.71 in chips) 
Seat 3: TiihHhh ($5.18 in chips) 
Seat 4: Bit13i ($9.48 in chips) 
Seat 5: HubertusB ($6.69 in chips) 
Seat 6: kchomo111 ($20.55 in chips) 
an113: posts small blind $0.02
TiihHhh: posts big blind $0.05
*** HOLE CARDS ***
Dealt to HubertusB [6s 6h]
Bit13i: folds 
HubertusB: raises $0.05 to $0.10
kchomo111: folds 
Tqlkkk-_-: calls $0.10
an113: folds 
TiihHhh: folds 
*** FLOP *** [Kd Ac Qh]
HubertusB: checks 
Tqlkkk-_-: checks 
*** TURN *** [Kd Ac Qh] [Kc]
HubertusB: checks 
Tqlkkk-_-: bets $0.13
HubertusB: folds 
Uncalled bet ($0.13) returned to Tqlkkk-_-
Tqlkkk-_- collected $0.26 from pot
Tqlkkk-_-: doesn't show hand 
*** SUMMARY ***
Total pot $0.27 | Rake $0.01 
Board [Kd Ac Qh Kc]
Seat 1: Tqlkkk-_- (button) collected ($0.26)
Seat 2: an113 (small blind) folded before Flop
Seat 3: TiihHhh (big blind) folded before Flop
Seat 4: Bit13i folded before Flop (didn't bet)
Seat 5: HubertusB folded on the Turn
Seat 6: kchomo111 folded before Flop (didn't bet)



PokerStars Zoom Hand #186528897410:  Hold'em No Limit ($0.02/$0.05) - 2018/05/17 23:02:17 CCT [2018/05/17 11:02:17 ET]
Table 'Donati' 6-max Seat #1 is the button
Seat 1: svbmwjwj ($5 in chips) 
Seat 2: mikirulez08 ($6.41 in chips) 
Seat 3: flyingwoodz ($4.17 in chips) 
Seat 4: curatore1 ($6.41 in chips) 
Seat 5: Omicron333 ($5 in chips) 
Seat 6: HubertusB ($6.69 in chips) 
mikirulez08: posts small blind $0.02
flyingwoodz: posts big blind $0.05
*** HOLE CARDS ***
Dealt to HubertusB [5c 7d]
curatore1: folds 
Omicron333: folds 
HubertusB: folds 
svbmwjwj: folds 
mikirulez08: raises $0.07 to $0.12
flyingwoodz: calls $0.07
*** FLOP *** [Qs Qd 2c]
mikirulez08: bets $0.10
flyingwoodz: calls $0.10
*** TURN *** [Qs Qd 2c] [3s]
mikirulez08: checks 
flyingwoodz: bets $0.27
mikirulez08: folds 
Uncalled bet ($0.27) returned to flyingwoodz
flyingwoodz collected $0.42 from pot
flyingwoodz: doesn't show hand 
*** SUMMARY ***
Total pot $0.44 | Rake $0.02 
Board [Qs Qd 2c 3s]
Seat 1: svbmwjwj (button) folded before Flop (didn't bet)
Seat 2: mikirulez08 (small blind) folded on the Turn
Seat 3: flyingwoodz (big blind) collected ($0.42)
Seat 4: curatore1 folded before Flop (didn't bet)
Seat 5: Omicron333 folded before Flop (didn't bet)
Seat 6: HubertusB folded before Flop (didn't bet)



PokerStars Zoom Hand #186528919630:  Hold'em No Limit ($0.02/$0.05) - 2018/05/17 23:03:00 CCT [2018/05/17 11:03:00 ET]
Table 'Donati' 6-max Seat #1 is the button
Seat 1: Adlerro ($10.41 in chips) 
Seat 2: HubertusB ($6.59 in chips) 
Seat 3: burianjpb ($5.12 in chips) 
Seat 4: ptaQ_79 ($6.06 in chips) 
Seat 5: ab260414 ($5 in chips) 
Seat 6: 0GL0 ($5.36 in chips) 
HubertusB: posts small blind $0.02
burianjpb: posts big blind $0.05
*** HOLE CARDS ***
Dealt to HubertusB [7h 2c]
ptaQ_79: folds 
ab260414: folds 
0GL0: folds 
Adlerro: raises $0.09 to $0.14
HubertusB: folds 
burianjpb: calls $0.09
*** FLOP *** [9h Kc Ks]
burianjpb: checks 
Adlerro: bets $0.24
burianjpb: folds 
Uncalled bet ($0.24) returned to Adlerro
Adlerro collected $0.29 from pot
Adlerro: doesn't show hand 
*** SUMMARY ***
Total pot $0.30 | Rake $0.01 
Board [9h Kc Ks]
Seat 1: Adlerro (button) collected ($0.29)
Seat 2: HubertusB (small blind) folded before Flop
Seat 3: burianjpb (big blind) folded on the Flop
Seat 4: ptaQ_79 folded before Flop (didn't bet)
Seat 5: ab260414 folded before Flop (didn't bet)
Seat 6: 0GL0 folded before Flop (didn't bet)



PokerStars Zoom Hand #186528923784:  Hold'em No Limit ($0.02/$0.05) - 2018/05/17 23:03:08 CCT [2018/05/17 11:03:08 ET]
Table 'Donati' 6-max Seat #1 is the button
Seat 1: OgrsBora ($7.53 in chips) 
Seat 2: Truth711 ($5 in chips) 
Seat 3: HubertusB ($6.57 in chips) 
Seat 4: pontinho1 ($6.99 in chips) 
Seat 5: ab260414 ($5.71 in chips) 
Seat 6: Jovani_Silva ($5.59 in chips) 
Truth711: posts small blind $0.02
HubertusB: posts big blind $0.05
*** HOLE CARDS ***
Dealt to HubertusB [Jh Ks]
pontinho1: folds 
ab260414: folds 
Jovani_Silva: folds 
OgrsBora: folds 
Truth711: raises $0.10 to $0.15
HubertusB: raises $0.30 to $0.45
Truth711: folds 
Uncalled bet ($0.30) returned to HubertusB
HubertusB collected $0.30 from pot
HubertusB: doesn't show hand 
*** SUMMARY ***
Total pot $0.30 | Rake $0 
Seat 1: OgrsBora (button) folded before Flop (didn't bet)
Seat 2: Truth711 (small blind) folded before Flop
Seat 3: HubertusB (big blind) collected ($0.30)
Seat 4: pontinho1 folded before Flop (didn't bet)
Seat 5: ab260414 folded before Flop (didn't bet)
Seat 6: Jovani_Silva folded before Flop (didn't bet)



PokerStars Zoom Hand #186528940188:  Hold'em No Limit ($0.02/$0.05) - 2018/05/17 23:03:39 CCT [2018/05/17 11:03:39 ET]
Table 'Donati' 6-max Seat #1 is the button
Seat 1: loser27s ($5.03 in chips) 
Seat 2: Farad84 ($17.07 in chips) 
Seat 3: andriasssse ($7.43 in chips) 
Seat 4: HubertusB ($6.72 in chips) 
Seat 5: SHMAG3L ($5.36 in chips) 
Seat 6: mrDustBoy ($6.93 in chips) 
Farad84: posts small blind $0.02
andriasssse: posts big blind $0.05
*** HOLE CARDS ***
Dealt to HubertusB [3h Ts]
HubertusB: folds 
SHMAG3L: folds 
mrDustBoy: raises $0.07 to $0.12
loser27s: raises $0.31 to $0.43
Farad84: folds 
andriasssse: folds 
mrDustBoy: raises $0.77 to $1.20
loser27s: raises $3.83 to $5.03 and is all-in
mrDustBoy: folds 
Uncalled bet ($3.83) returned to loser27s
loser27s collected $2.47 from pot
loser27s: doesn't show hand 
*** SUMMARY ***
Total pot $2.47 | Rake $0 
Seat 1: loser27s (button) collected ($2.47)
Seat 2: Farad84 (small blind) folded before Flop
Seat 3: andriasssse (big blind) folded before Flop
Seat 4: HubertusB folded before Flop (didn't bet)
Seat 5: SHMAG3L folded before Flop (didn't bet)
Seat 6: mrDustBoy folded before Flop



PokerStars Zoom Hand #186528943916:  Hold'em No Limit ($0.02/$0.05) - 2018/05/17 23:03:46 CCT [2018/05/17 11:03:46 ET]
Table 'Donati' 6-max Seat #1 is the button
Seat 1: HubertusB ($6.72 in chips) 
Seat 2: odn1501 ($4.91 in chips) 
Seat 3: phillatelist ($5.08 in chips) 
Seat 4: BVB1909 ($5 in chips) 
Seat 5: Vamu The Great ($5 in chips) 
Seat 6: dbr03001 ($5 in chips) 
odn1501: posts small blind $0.02
phillatelist: posts big blind $0.05
*** HOLE CARDS ***
Dealt to HubertusB [Qd Kd]
BVB1909: folds 
Vamu The Great: raises $0.07 to $0.12
dbr03001: folds 
HubertusB: raises $0.23 to $0.35
odn1501: folds 
phillatelist: calls $0.30
Vamu The Great: calls $0.23
*** FLOP *** [Ks 9s Js]
phillatelist: checks 
Vamu The Great: checks 
HubertusB: bets $0.40
phillatelist: calls $0.40
Vamu The Great: folds 
*** TURN *** [Ks 9s Js] [Jh]
phillatelist: bets $4.33 and is all-in
HubertusB: folds 
Uncalled bet ($4.33) returned to phillatelist
phillatelist collected $1.79 from pot
phillatelist: doesn't show hand 
*** SUMMARY ***
Total pot $1.87 | Rake $0.08 
Board [Ks 9s Js Jh]
Seat 1: HubertusB (button) folded on the Turn
Seat 2: odn1501 (small blind) folded before Flop
Seat 3: phillatelist (big blind) collected ($1.79)
Seat 4: BVB1909 folded before Flop (didn't bet)
Seat 5: Vamu The Great folded on the Flop
Seat 6: dbr03001 folded before Flop (didn't bet)



PokerStars Zoom Hand #186528976931:  Hold'em No Limit ($0.02/$0.05) - 2018/05/17 23:04:48 CCT [2018/05/17 11:04:48 ET]
Table 'Donati' 6-max Seat #1 is the button
Seat 1: drk55 ($12.75 in chips) 
Seat 2: HubertusB ($5.97 in chips) 
Seat 3: rising1993 ($5 in chips) 
Seat 4: st_john888 ($8.98 in chips) 
Seat 5: yuu0914 ($5.14 in chips) 
Seat 6: TooNice26 ($5.63 in chips) 
HubertusB: posts small blind $0.02
rising1993: posts big blind $0.05
*** HOLE CARDS ***
Dealt to HubertusB [7s Js]
st_john888: folds 
yuu0914: folds 
TooNice26: folds 
drk55: raises $0.07 to $0.12
HubertusB: raises $0.23 to $0.35
rising1993: folds 
drk55: calls $0.23
*** FLOP *** [6s 6h Ks]
HubertusB: bets $0.35
drk55: calls $0.35
*** TURN *** [6s 6h Ks] [8h]
HubertusB: bets $0.85
drk55: calls $0.85
*** RIVER *** [6s 6h Ks 8h] [4d]
HubertusB: bets $1.30
drk55: folds 
Uncalled bet ($1.30) returned to HubertusB
HubertusB collected $3.02 from pot
HubertusB: doesn't show hand 
*** SUMMARY ***
Total pot $3.15 | Rake $0.13 
Board [6s 6h Ks 8h 4d]
Seat 1: drk55 (button) folded on the River
Seat 2: HubertusB (small blind) collected ($3.02)
Seat 3: rising1993 (big blind) folded before Flop
Seat 4: st_john888 folded before Flop (didn't bet)
Seat 5: yuu0914 folded before Flop (didn't bet)
Seat 6: TooNice26 folded before Flop (didn't bet)



PokerStars Zoom Hand #186529031255:  Hold'em No Limit ($0.02/$0.05) - 2018/05/17 23:06:29 CCT [2018/05/17 11:06:29 ET]
Table 'Donati' 6-max Seat #1 is the button
Seat 1: saha555 ($5 in chips) 
Seat 2: FooRawr ($7.51 in chips) 
Seat 3: HubertusB ($7.44 in chips) 
Seat 4: ali3nt0mmy ($9.68 in chips) 
Seat 5: GRizlik14 ($5 in chips) 
Seat 6: andriasssse ($13.27 in chips) 
FooRawr: posts small blind $0.02
HubertusB: posts big blind $0.05
*** HOLE CARDS ***
Dealt to HubertusB [Th 5s]
ali3nt0mmy: folds 
GRizlik14: raises $0.09 to $0.14
andriasssse: folds 
saha555: folds 
FooRawr: folds 
HubertusB: folds 
Uncalled bet ($0.09) returned to GRizlik14
GRizlik14 collected $0.12 from pot
GRizlik14: doesn't show hand 
*** SUMMARY ***
Total pot $0.12 | Rake $0 
Seat 1: saha555 (button) folded before Flop (didn't bet)
Seat 2: FooRawr (small blind) folded before Flop
Seat 3: HubertusB (big blind) folded before Flop
Seat 4: ali3nt0mmy folded before Flop (didn't bet)
Seat 5: GRizlik14 collected ($0.12)
Seat 6: andriasssse folded before Flop (didn't bet)



PokerStars Zoom Hand #186529037721:  Hold'em No Limit ($0.02/$0.05) - 2018/05/17 23:06:41 CCT [2018/05/17 11:06:41 ET]
Table 'Donati' 6-max Seat #1 is the button
Seat 1: pontinho1 ($6.86 in chips) 
Seat 2: XXXiao ($5.19 in chips) 
Seat 3: Fr3dST ($5 in chips) 
Seat 4: HubertusB ($7.39 in chips) 
Seat 5: smoot21 ($19.04 in chips) 
Seat 6: Ivan*Wolf*04 ($6.34 in chips) 
XXXiao: posts small blind $0.02
Fr3dST: posts big blind $0.05
*** HOLE CARDS ***
Dealt to HubertusB [3c 3d]
HubertusB: raises $0.05 to $0.10
smoot21: folds 
Ivan*Wolf*04: folds 
pontinho1: folds 
XXXiao: folds 
Fr3dST: folds 
Uncalled bet ($0.05) returned to HubertusB
HubertusB collected $0.12 from pot
HubertusB: doesn't show hand 
*** SUMMARY ***
Total pot $0.12 | Rake $0 
Seat 1: pontinho1 (button) folded before Flop (didn't bet)
Seat 2: XXXiao (small blind) folded before Flop
Seat 3: Fr3dST (big blind) folded before Flop
Seat 4: HubertusB collected ($0.12)
Seat 5: smoot21 folded before Flop (didn't bet)
Seat 6: Ivan*Wolf*04 folded before Flop (didn't bet)



PokerStars Zoom Hand #186529034517:  Hold'em No Limit ($0.02/$0.05) - 2018/05/17 23:06:35 CCT [2018/05/17 11:06:35 ET]
Table 'Donati' 6-max Seat #1 is the button
Seat 1: lois br ($5.79 in chips) 
Seat 2: kingmj_rss ($5.22 in chips) 
Seat 3: skystaruk ($4.32 in chips) 
Seat 4: fribro ($12.31 in chips) 
Seat 5: HubertusB ($7.39 in chips) 
Seat 6: Nxt1pls ($6.40 in chips) 
kingmj_rss: posts small blind $0.02
skystaruk: posts big blind $0.05
*** HOLE CARDS ***
Dealt to HubertusB [5h 3h]
fribro: folds 
HubertusB: folds 
Nxt1pls: folds 
lois br: folds 
kingmj_rss: raises $0.07 to $0.12
skystaruk: folds 
Uncalled bet ($0.07) returned to kingmj_rss
kingmj_rss collected $0.10 from pot
kingmj_rss: doesn't show hand 
*** SUMMARY ***
Total pot $0.10 | Rake $0 
Seat 1: lois br (button) folded before Flop (didn't bet)
Seat 2: kingmj_rss (small blind) collected ($0.10)
Seat 3: skystaruk (big blind) folded before Flop
Seat 4: fribro folded before Flop (didn't bet)
Seat 5: HubertusB folded before Flop (didn't bet)
Seat 6: Nxt1pls folded before Flop (didn't bet)



PokerStars Zoom Hand #186529028005:  Hold'em No Limit ($0.02/$0.05) - 2018/05/17 23:06:23 CCT [2018/05/17 11:06:23 ET]
Table 'Donati' 6-max Seat #1 is the button
Seat 1: Verwolf Max ($4.93 in chips) 
Seat 2: Momigotnuts ($25.43 in chips) 
Seat 3: Omicron333 ($5.33 in chips) 
Seat 4: sergio626 ($5.56 in chips) 
Seat 5: negrutsenior ($15.38 in chips) 
Seat 6: HubertusB ($7.44 in chips) 
Momigotnuts: posts small blind $0.02
Omicron333: posts big blind $0.05
*** HOLE CARDS ***
Dealt to HubertusB [8s Qd]
sergio626: folds 
negrutsenior: folds 
HubertusB: folds 
Verwolf Max: folds 
Momigotnuts: raises $0.10 to $0.15
Omicron333: calls $0.10
*** FLOP *** [Qh Kh Th]
Momigotnuts: bets $0.17
Omicron333: calls $0.17
*** TURN *** [Qh Kh Th] [Ks]
Momigotnuts: bets $0.45
Omicron333: calls $0.45
*** RIVER *** [Qh Kh Th Ks] [2h]
Momigotnuts: checks 
Omicron333: checks 
*** SHOW DOWN ***
Momigotnuts: shows [7d Td] (two pair, Kings and Tens)
Omicron333: shows [8c Kd] (three of a kind, Kings)
Omicron333 collected $1.48 from pot
*** SUMMARY ***
Total pot $1.54 | Rake $0.06 
Board [Qh Kh Th Ks 2h]
Seat 1: Verwolf Max (button) folded before Flop (didn't bet)
Seat 2: Momigotnuts (small blind) showed [7d Td] and lost with two pair, Kings and Tens
Seat 3: Omicron333 (big blind) showed [8c Kd] and won ($1.48) with three of a kind, Kings
Seat 4: sergio626 folded before Flop (didn't bet)
Seat 5: negrutsenior folded before Flop (didn't bet)
Seat 6: HubertusB folded before Flop (didn't bet)



PokerStars Zoom Hand #186529050243:  Hold'em No Limit ($0.02/$0.05) - 2018/05/17 23:06:55 CCT [2018/05/17 11:06:55 ET]
Table 'Donati' 6-max Seat #1 is the button
Seat 1: HubertusB ($7.46 in chips) 
Seat 2: dimonvdm ($8.66 in chips) 
Seat 3: qrati_gringo ($5.07 in chips) 
Seat 4: drk55 ($11.15 in chips) 
Seat 5: Miseky ($5.07 in chips) 
Seat 6: aby100 ($5.83 in chips) 
dimonvdm: posts small blind $0.02
qrati_gringo: posts big blind $0.05
*** HOLE CARDS ***
Dealt to HubertusB [3h Kc]
drk55: folds 
Miseky: folds 
aby100: raises $0.10 to $0.15
HubertusB: folds 
dimonvdm: folds 
qrati_gringo: folds 
Uncalled bet ($0.10) returned to aby100
aby100 collected $0.12 from pot
aby100: doesn't show hand 
*** SUMMARY ***
Total pot $0.12 | Rake $0 
Seat 1: HubertusB (button) folded before Flop (didn't bet)
Seat 2: dimonvdm (small blind) folded before Flop
Seat 3: qrati_gringo (big blind) folded before Flop
Seat 4: drk55 folded before Flop (didn't bet)
Seat 5: Miseky folded before Flop (didn't bet)
Seat 6: aby100 collected ($0.12)



PokerStars Zoom Hand #186529060486:  Hold'em No Limit ($0.02/$0.05) - 2018/05/17 23:07:14 CCT [2018/05/17 11:07:14 ET]
Table 'Donati' 6-max Seat #1 is the button
Seat 1: WhiteWolf459 ($5 in chips) 
Seat 2: richbum69 ($10.57 in chips) 
Seat 3: HubertusB ($7.44 in chips) 
Seat 4: djarvils ($7.90 in chips) 
Seat 5: mikirulez08 ($6.78 in chips) 
Seat 6: 0GL0 ($5 in chips) 
richbum69: posts small blind $0.02
HubertusB: posts big blind $0.05
*** HOLE CARDS ***
Dealt to HubertusB [Js 2s]
djarvils: raises $0.10 to $0.15
mikirulez08: folds 
0GL0: folds 
WhiteWolf459: folds 
richbum69: folds 
HubertusB: folds 
Uncalled bet ($0.10) returned to djarvils
djarvils collected $0.12 from pot
djarvils: doesn't show hand 
*** SUMMARY ***
Total pot $0.12 | Rake $0 
Seat 1: WhiteWolf459 (button) folded before Flop (didn't bet)
Seat 2: richbum69 (small blind) folded before Flop
Seat 3: HubertusB (big blind) folded before Flop
Seat 4: djarvils collected ($0.12)
Seat 5: mikirulez08 folded before Flop (didn't bet)
Seat 6: 0GL0 folded before Flop (didn't bet)



PokerStars Zoom Hand #186529053509:  Hold'em No Limit ($0.02/$0.05) - 2018/05/17 23:07:01 CCT [2018/05/17 11:07:01 ET]
Table 'Donati' 6-max Seat #1 is the button
Seat 1: 1Sania1 ($5.43 in chips) 
Seat 2: HubertusB ($7.46 in chips) 
Seat 3: kchomo111 ($11.28 in chips) 
Seat 4: FilipMa$ter ($7.13 in chips) 
Seat 5: engelen563 ($5 in chips) 
Seat 6: Alliee440 ($5.98 in chips) 
HubertusB: posts small blind $0.02
kchomo111: posts big blind $0.05
*** HOLE CARDS ***
Dealt to HubertusB [3d 8d]
FilipMa$ter: folds 
engelen563: folds 
Alliee440: raises $0.10 to $0.15
1Sania1: folds 
HubertusB: folds 
kchomo111: raises $0.45 to $0.60
Alliee440: calls $0.45
*** FLOP *** [3c Jh 4d]
kchomo111: bets $0.41
Alliee440: folds 
Uncalled bet ($0.41) returned to kchomo111
kchomo111 collected $1.17 from pot
kchomo111: doesn't show hand 
*** SUMMARY ***
Total pot $1.22 | Rake $0.05 
Board [3c Jh 4d]
Seat 1: 1Sania1 (button) folded before Flop (didn't bet)
Seat 2: HubertusB (small blind) folded before Flop
Seat 3: kchomo111 (big blind) collected ($1.17)
Seat 4: FilipMa$ter folded before Flop (didn't bet)
Seat 5: engelen563 folded before Flop (didn't bet)
Seat 6: Alliee440 folded on the Flop



PokerStars Zoom Hand #186529066994:  Hold'em No Limit ($0.02/$0.05) - 2018/05/17 23:07:26 CCT [2018/05/17 11:07:26 ET]
Table 'Donati' 6-max Seat #1 is the button
Seat 1: HubertusB ($7.39 in chips) 
Seat 2: aveirik ($5.18 in chips) 
Seat 3: mikirulez08 ($6.78 in chips) 
Seat 4: SHMAG3L ($6.58 in chips) 
Seat 5: burianjpb ($5.28 in chips) 
Seat 6: an113 ($12.40 in chips) 
aveirik: posts small blind $0.02
mikirulez08: posts big blind $0.05
*** HOLE CARDS ***
Dealt to HubertusB [5h Jh]
SHMAG3L: folds 
burianjpb: folds 
an113: raises $0.10 to $0.15
HubertusB: raises $0.30 to $0.45
aveirik: folds 
mikirulez08: calls $0.40
an113: calls $0.30
*** FLOP *** [2d Ts Jc]
mikirulez08: checks 
an113: checks 
HubertusB: checks 
*** TURN *** [2d Ts Jc] [Td]
mikirulez08: bets $0.50
an113: folds 
HubertusB: calls $0.50
*** RIVER *** [2d Ts Jc Td] [3c]
mikirulez08: bets $0.75
HubertusB: calls $0.75
*** SHOW DOWN ***
mikirulez08: shows [Qc Qh] (two pair, Queens and Tens)
HubertusB: mucks hand 
mikirulez08 collected $3.71 from pot
*** SUMMARY ***
Total pot $3.87 | Rake $0.16 
Board [2d Ts Jc Td 3c]
Seat 1: HubertusB (button) mucked [5h Jh]
Seat 2: aveirik (small blind) folded before Flop
Seat 3: mikirulez08 (big blind) showed [Qc Qh] and won ($3.71) with two pair, Queens and Tens
Seat 4: SHMAG3L folded before Flop (didn't bet)
Seat 5: burianjpb folded before Flop (didn't bet)
Seat 6: an113 folded on the Turn



PokerStars Zoom Hand #186529102586:  Hold'em No Limit ($0.02/$0.05) - 2018/05/17 23:08:32 CCT [2018/05/17 11:08:32 ET]
Table 'Donati' 6-max Seat #1 is the button
Seat 1: FakerOnPoker ($5 in chips) 
Seat 2: mikirulez08 ($8.79 in chips) 
Seat 3: LCGreenwater ($2.50 in chips) 
Seat 4: lasuking ($8.07 in chips) 
Seat 5: tty1214 ($9.33 in chips) 
Seat 6: HubertusB ($5.69 in chips) 
mikirulez08: posts small blind $0.02
LCGreenwater: posts big blind $0.05
*** HOLE CARDS ***
Dealt to HubertusB [9h 7s]
lasuking: folds 
tty1214: folds 
HubertusB: raises $0.05 to $0.10
FakerOnPoker: folds 
mikirulez08: folds 
LCGreenwater: folds 
Uncalled bet ($0.05) returned to HubertusB
HubertusB collected $0.12 from pot
HubertusB: doesn't show hand 
*** SUMMARY ***
Total pot $0.12 | Rake $0 
Seat 1: FakerOnPoker (button) folded before Flop (didn't bet)
Seat 2: mikirulez08 (small blind) folded before Flop
Seat 3: LCGreenwater (big blind) folded before Flop
Seat 4: lasuking folded before Flop (didn't bet)
Seat 5: tty1214 folded before Flop (didn't bet)
Seat 6: HubertusB collected ($0.12)



PokerStars Zoom Hand #186529116073:  Hold'em No Limit ($0.02/$0.05) - 2018/05/17 23:08:57 CCT [2018/05/17 11:08:57 ET]
Table 'Donati' 6-max Seat #1 is the button
Seat 1: schurik55 ($5.09 in chips) 
Seat 2: Vaha379 ($5.52 in chips) 
Seat 3: dimonvdm ($7.34 in chips) 
Seat 4: mrDustBoy ($4.86 in chips) 
Seat 5: HubertusB ($5.76 in chips) 
Seat 6: Nxt1pls ($5.68 in chips) 
Vaha379: posts small blind $0.02
dimonvdm: posts big blind $0.05
*** HOLE CARDS ***
Dealt to HubertusB [7c 9d]
mrDustBoy: folds 
HubertusB: folds 
Nxt1pls: folds 
schurik55: folds 
Vaha379: raises $0.10 to $0.15
dimonvdm: calls $0.10
*** FLOP *** [8c Th Qh]
Vaha379: checks 
dimonvdm: checks 
*** TURN *** [8c Th Qh] [2d]
Vaha379: checks 
dimonvdm: bets $0.19
Vaha379: folds 
Uncalled bet ($0.19) returned to dimonvdm
dimonvdm collected $0.29 from pot
dimonvdm: doesn't show hand 
*** SUMMARY ***
Total pot $0.30 | Rake $0.01 
Board [8c Th Qh 2d]
Seat 1: schurik55 (button) folded before Flop (didn't bet)
Seat 2: Vaha379 (small blind) folded on the Turn
Seat 3: dimonvdm (big blind) collected ($0.29)
Seat 4: mrDustBoy folded before Flop (didn't bet)
Seat 5: HubertusB folded before Flop (didn't bet)
Seat 6: Nxt1pls folded before Flop (didn't bet)



PokerStars Zoom Hand #186529118824:  Hold'em No Limit ($0.02/$0.05) - 2018/05/17 23:09:02 CCT [2018/05/17 11:09:02 ET]
Table 'Donati' 6-max Seat #1 is the button
Seat 1: aveirik ($5 in chips) 
Seat 2: HubertusB ($5.76 in chips) 
Seat 3: arturs1996 ($2.50 in chips) 
Seat 4: lemonylime ($9.07 in chips) 
Seat 5: Levison ($9.54 in chips) 
Seat 6: Carik12rus ($4.59 in chips) 
HubertusB: posts small blind $0.02
arturs1996: posts big blind $0.05
*** HOLE CARDS ***
Dealt to HubertusB [Ts 9s]
lemonylime: folds 
Levison: folds 
Carik12rus has timed out
Carik12rus: folds 
aveirik: raises $0.10 to $0.15
HubertusB: raises $0.30 to $0.45
arturs1996: folds 
aveirik: folds 
Uncalled bet ($0.30) returned to HubertusB
HubertusB collected $0.35 from pot
HubertusB: doesn't show hand 
*** SUMMARY ***
Total pot $0.35 | Rake $0 
Seat 1: aveirik (button) folded before Flop
Seat 2: HubertusB (small blind) collected ($0.35)
Seat 3: arturs1996 (big blind) folded before Flop
Seat 4: lemonylime folded before Flop (didn't bet)
Seat 5: Levison folded before Flop (didn't bet)
Seat 6: Carik12rus folded before Flop (didn't bet)



PokerStars Zoom Hand #186529139047:  Hold'em No Limit ($0.02/$0.05) - 2018/05/17 23:09:39 CCT [2018/05/17 11:09:39 ET]
Table 'Donati' 6-max Seat #1 is the button
Seat 1: WhiteWolf459 ($5.35 in chips) 
Seat 2: Cleantough ($8.15 in chips) 
Seat 3: FakerOnPoker ($5 in chips) 
Seat 4: mojomike13 ($9.20 in chips) 
Seat 5: HubertusB ($5.96 in chips) 
Seat 6: juligan111 ($9.56 in chips) 
Cleantough: posts small blind $0.02
FakerOnPoker: posts big blind $0.05
*** HOLE CARDS ***
Dealt to HubertusB [8c 7s]
mojomike13: folds 
HubertusB: folds 
juligan111: folds 
WhiteWolf459: folds 
Cleantough: folds 
Uncalled bet ($0.03) returned to FakerOnPoker
FakerOnPoker collected $0.04 from pot
FakerOnPoker: doesn't show hand 
*** SUMMARY ***
Total pot $0.04 | Rake $0 
Seat 1: WhiteWolf459 (button) folded before Flop (didn't bet)
Seat 2: Cleantough (small blind) folded before Flop
Seat 3: FakerOnPoker (big blind) collected ($0.04)
Seat 4: mojomike13 folded before Flop (didn't bet)
Seat 5: HubertusB folded before Flop (didn't bet)
Seat 6: juligan111 folded before Flop (didn't bet)



PokerStars Zoom Hand #186529109568:  Hold'em No Limit ($0.02/$0.05) - 2018/05/17 23:08:45 CCT [2018/05/17 11:08:45 ET]
Table 'Donati' 6-max Seat #1 is the button
Seat 1: Gevron ($5.27 in chips) 
Seat 2: Mitusha666 ($5.99 in chips) 
Seat 3: 1Sania1 ($4.85 in chips) 
Seat 4: peepiceek ($5.91 in chips) 
Seat 5: jamnek99 ($5.82 in chips) 
Seat 6: HubertusB ($5.76 in chips) 
Mitusha666: posts small blind $0.02
1Sania1: posts big blind $0.05
*** HOLE CARDS ***
Dealt to HubertusB [2s Ac]
peepiceek: raises $0.10 to $0.15
jamnek99: calls $0.15
HubertusB: folds 
Gevron: folds 
Mitusha666: folds 
1Sania1: folds 
*** FLOP *** [Jc Ah 4h]
peepiceek: checks 
jamnek99: bets $0.15
peepiceek: calls $0.15
*** TURN *** [Jc Ah 4h] [Ad]
peepiceek: checks 
jamnek99: checks 
*** RIVER *** [Jc Ah 4h Ad] [7s]
peepiceek: bets $0.25
jamnek99: calls $0.25
*** SHOW DOWN ***
peepiceek: shows [Qd Qs] (two pair, Aces and Queens)
jamnek99: mucks hand 
peepiceek collected $1.12 from pot
*** SUMMARY ***
Total pot $1.17 | Rake $0.05 
Board [Jc Ah 4h Ad 7s]
Seat 1: Gevron (button) folded before Flop (didn't bet)
Seat 2: Mitusha666 (small blind) folded before Flop
Seat 3: 1Sania1 (big blind) folded before Flop
Seat 4: peepiceek showed [Qd Qs] and won ($1.12) with two pair, Aces and Queens
Seat 5: jamnek99 mucked [6h 6c]
Seat 6: HubertusB folded before Flop (didn't bet)



PokerStars Zoom Hand #186529142802:  Hold'em No Limit ($0.02/$0.05) - 2018/05/17 23:09:46 CCT [2018/05/17 11:09:46 ET]
Table 'Donati' 6-max Seat #1 is the button
Seat 1: HubertusB ($5.96 in chips) 
Seat 2: zates1 ($10.78 in chips) 
Seat 3: curatore1 ($6.01 in chips) 
Seat 4: NIKOZIXD ($11.64 in chips) 
Seat 5: dbr03001 ($5.55 in chips) 
Seat 6: ProjetRed ($7.58 in chips) 
zates1: posts small blind $0.02
curatore1: posts big blind $0.05
*** HOLE CARDS ***
Dealt to HubertusB [Js Tc]
NIKOZIXD: raises $0.10 to $0.15
dbr03001: folds 
ProjetRed: folds 
HubertusB: raises $0.30 to $0.45
zates1: folds 
curatore1: folds 
NIKOZIXD: calls $0.30
*** FLOP *** [7c 7s Jc]
NIKOZIXD: bets $0.30
HubertusB: calls $0.30
*** TURN *** [7c 7s Jc] [Jd]
NIKOZIXD: bets $0.50
HubertusB: calls $0.50
*** RIVER *** [7c 7s Jc Jd] [3c]
NIKOZIXD: bets $0.65
HubertusB: raises $0.95 to $1.60
NIKOZIXD: calls $0.95
*** SHOW DOWN ***
HubertusB: shows [Js Tc] (a full house, Jacks full of Sevens)
NIKOZIXD: mucks hand 
HubertusB collected $5.53 from pot
*** SUMMARY ***
Total pot $5.77 | Rake $0.24 
Board [7c 7s Jc Jd 3c]
Seat 1: HubertusB (button) showed [Js Tc] and won ($5.53) with a full house, Jacks full of Sevens
Seat 2: zates1 (small blind) folded before Flop
Seat 3: curatore1 (big blind) folded before Flop
Seat 4: NIKOZIXD mucked [Td Ts]
Seat 5: dbr03001 folded before Flop (didn't bet)
Seat 6: ProjetRed folded before Flop (didn't bet)



PokerStars Zoom Hand #186529178347:  Hold'em No Limit ($0.02/$0.05) - 2018/05/17 23:10:51 CCT [2018/05/17 11:10:51 ET]
Table 'Donati' 6-max Seat #1 is the button
Seat 1: 0GL0 ($5 in chips) 
Seat 2: loser27s ($8.86 in chips) 
Seat 3: HubertusB ($8.64 in chips) 
Seat 4: kchomo111 ($19.99 in chips) 
Seat 5: Fr3dST ($10.25 in chips) 
Seat 6: edger4013 ($5.32 in chips) 
loser27s: posts small blind $0.02
HubertusB: posts big blind $0.05
*** HOLE CARDS ***
Dealt to HubertusB [Jd 4s]
kchomo111: raises $0.10 to $0.15
Fr3dST: folds 
edger4013: folds 
0GL0: folds 
loser27s: folds 
HubertusB: folds 
Uncalled bet ($0.10) returned to kchomo111
kchomo111 collected $0.12 from pot
kchomo111: doesn't show hand 
*** SUMMARY ***
Total pot $0.12 | Rake $0 
Seat 1: 0GL0 (button) folded before Flop (didn't bet)
Seat 2: loser27s (small blind) folded before Flop
Seat 3: HubertusB (big blind) folded before Flop
Seat 4: kchomo111 collected ($0.12)
Seat 5: Fr3dST folded before Flop (didn't bet)
Seat 6: edger4013 folded before Flop (didn't bet)



PokerStars Zoom Hand #186529188781:  Hold'em No Limit ($0.02/$0.05) - 2018/05/17 23:11:10 CCT [2018/05/17 11:11:10 ET]
Table 'Donati' 6-max Seat #1 is the button
Seat 1: gixxer6007 ($4.07 in chips) 
Seat 2: I Ba$im I ($9.64 in chips) 
Seat 3: CVBA85 ($5.56 in chips) 
Seat 4: ganja0187 ($6.35 in chips) 
Seat 5: HubertusB ($8.59 in chips) 
Seat 6: franwagner ($5.82 in chips) 
I Ba$im I: posts small blind $0.02
CVBA85: posts big blind $0.05
*** HOLE CARDS ***
Dealt to HubertusB [Qc 7c]
ganja0187: raises $0.10 to $0.15
HubertusB: folds 
franwagner: folds 
gixxer6007: folds 
I Ba$im I: folds 
CVBA85: calls $0.10
*** FLOP *** [Th 2d 7s]
CVBA85: checks 
ganja0187: bets $0.20
CVBA85: folds 
Uncalled bet ($0.20) returned to ganja0187
ganja0187 collected $0.31 from pot
ganja0187: doesn't show hand 
*** SUMMARY ***
Total pot $0.32 | Rake $0.01 
Board [Th 2d 7s]
Seat 1: gixxer6007 (button) folded before Flop (didn't bet)
Seat 2: I Ba$im I (small blind) folded before Flop
Seat 3: CVBA85 (big blind) folded on the Flop
Seat 4: ganja0187 collected ($0.31)
Seat 5: HubertusB folded before Flop (didn't bet)
Seat 6: franwagner folded before Flop (didn't bet)



PokerStars Zoom Hand #186529193124:  Hold'em No Limit ($0.02/$0.05) - 2018/05/17 23:11:18 CCT [2018/05/17 11:11:18 ET]
Table 'Donati' 6-max Seat #1 is the button
Seat 1: SHMAG3L ($5.02 in chips) 
Seat 2: Nachrichterh ($5.78 in chips) 
Seat 3: superRODRI ($5 in chips) 
Seat 4: HubertusB ($8.59 in chips) 
Seat 5: edger4013 ($5 in chips) 
Seat 6: kchomo111 ($20.06 in chips) 
Nachrichterh: posts small blind $0.02
superRODRI: posts big blind $0.05
*** HOLE CARDS ***
Dealt to HubertusB [4h 4s]
HubertusB: raises $0.05 to $0.10
edger4013: folds 
kchomo111: folds 
SHMAG3L: folds 
Nachrichterh: folds 
superRODRI: folds 
Uncalled bet ($0.05) returned to HubertusB
HubertusB collected $0.12 from pot
HubertusB: doesn't show hand 
*** SUMMARY ***
Total pot $0.12 | Rake $0 
Seat 1: SHMAG3L (button) folded before Flop (didn't bet)
Seat 2: Nachrichterh (small blind) folded before Flop
Seat 3: superRODRI (big blind) folded before Flop
Seat 4: HubertusB collected ($0.12)
Seat 5: edger4013 folded before Flop (didn't bet)
Seat 6: kchomo111 folded before Flop (didn't bet)



PokerStars Zoom Hand #186529222702:  Hold'em No Limit ($0.02/$0.05) - 2018/05/17 23:12:12 CCT [2018/05/17 11:12:12 ET]
Table 'Donati' 6-max Seat #1 is the button
Seat 1: 0GL0 ($5.13 in chips) 
Seat 2: iJord ($5 in chips) 
Seat 3: HubertusB ($8.56 in chips) 
Seat 4: taiszi ($6.44 in chips) 
Seat 5: SHMAG3L ($7.63 in chips) 
Seat 6: 1Sania1 ($5.66 in chips) 
iJord: posts small blind $0.02
HubertusB: posts big blind $0.05
*** HOLE CARDS ***
Dealt to HubertusB [Ah 8s]
taiszi: folds 
SHMAG3L: folds 
1Sania1: folds 
0GL0: folds 
iJord: raises $0.10 to $0.15
HubertusB: folds 
Uncalled bet ($0.10) returned to iJord
iJord collected $0.10 from pot
iJord: doesn't show hand 
*** SUMMARY ***
Total pot $0.10 | Rake $0 
Seat 1: 0GL0 (button) folded before Flop (didn't bet)
Seat 2: iJord (small blind) collected ($0.10)
Seat 3: HubertusB (big blind) folded before Flop
Seat 4: taiszi folded before Flop (didn't bet)
Seat 5: SHMAG3L folded before Flop (didn't bet)
Seat 6: 1Sania1 folded before Flop (didn't bet)



PokerStars Zoom Hand #186529215611:  Hold'em No Limit ($0.02/$0.05) - 2018/05/17 23:11:59 CCT [2018/05/17 11:11:59 ET]
Table 'Donati' 6-max Seat #1 is the button
Seat 1: King_Berkas ($11.90 in chips) 
Seat 2: POzilist18 ($5.50 in chips) 
Seat 3: falcao991 ($5.46 in chips) 
Seat 4: rosugabriel1990 ($6.67 in chips) 
Seat 5: TheFibonachi ($4.71 in chips) 
Seat 6: HubertusB ($8.66 in chips) 
POzilist18: posts small blind $0.02
falcao991: posts big blind $0.05
*** HOLE CARDS ***
Dealt to HubertusB [Ac 7d]
rosugabriel1990: calls $0.05
TheFibonachi: folds 
HubertusB: raises $0.05 to $0.10
King_Berkas: raises $0.25 to $0.35
POzilist18: calls $0.33
falcao991: folds 
rosugabriel1990: folds 
HubertusB: folds 
*** FLOP *** [4c Ah 3s]
POzilist18: checks 
King_Berkas: checks 
*** TURN *** [4c Ah 3s] [Kc]
POzilist18: bets $0.35
King_Berkas: folds 
Uncalled bet ($0.35) returned to POzilist18
POzilist18 collected $0.86 from pot
POzilist18: doesn't show hand 
*** SUMMARY ***
Total pot $0.90 | Rake $0.04 
Board [4c Ah 3s Kc]
Seat 1: King_Berkas (button) folded on the Turn
Seat 2: POzilist18 (small blind) collected ($0.86)
Seat 3: falcao991 (big blind) folded before Flop
Seat 4: rosugabriel1990 folded before Flop
Seat 5: TheFibonachi folded before Flop (didn't bet)
Seat 6: HubertusB folded before Flop



PokerStars Zoom Hand #186529229701:  Hold'em No Limit ($0.02/$0.05) - 2018/05/17 23:12:25 CCT [2018/05/17 11:12:25 ET]
Table 'Donati' 6-max Seat #1 is the button
Seat 1: jiawen988 ($9.97 in chips) 
Seat 2: HubertusB ($8.51 in chips) 
Seat 3: mojomike13 ($12.30 in chips) 
Seat 4: Nxt1pls ($5.49 in chips) 
Seat 5: richbum69 ($6.12 in chips) 
Seat 6: pechtax ($6.66 in chips) 
HubertusB: posts small blind $0.02
mojomike13: posts big blind $0.05
*** HOLE CARDS ***
Dealt to HubertusB [8s Tc]
Nxt1pls: folds 
richbum69: folds 
pechtax: folds 
jiawen988: folds 
HubertusB: folds 
Uncalled bet ($0.03) returned to mojomike13
mojomike13 collected $0.04 from pot
mojomike13: doesn't show hand 
*** SUMMARY ***
Total pot $0.04 | Rake $0 
Seat 1: jiawen988 (button) folded before Flop (didn't bet)
Seat 2: HubertusB (small blind) folded before Flop
Seat 3: mojomike13 (big blind) collected ($0.04)
Seat 4: Nxt1pls folded before Flop (didn't bet)
Seat 5: richbum69 folded before Flop (didn't bet)
Seat 6: pechtax folded before Flop (didn't bet)



PokerStars Zoom Hand #186529234183:  Hold'em No Limit ($0.02/$0.05) - 2018/05/17 23:12:33 CCT [2018/05/17 11:12:33 ET]
Table 'Donati' 6-max Seat #1 is the button
Seat 1: nat_118 ($4.69 in chips) 
Seat 2: CasperMulder ($7.38 in chips) 
Seat 3: Dallaway 19 ($9.95 in chips) 
Seat 4: HubertusB ($8.49 in chips) 
Seat 5: Papa_Prey ($5.49 in chips) 
Seat 6: juligan111 ($5 in chips) 
CasperMulder: posts small blind $0.02
Dallaway 19: posts big blind $0.05
*** HOLE CARDS ***
Dealt to HubertusB [Qh 3d]
HubertusB: folds 
Papa_Prey: folds 
juligan111: folds 
nat_118: folds 
CasperMulder: folds 
Uncalled bet ($0.03) returned to Dallaway 19
Dallaway 19 collected $0.04 from pot
Dallaway 19: doesn't show hand 
*** SUMMARY ***
Total pot $0.04 | Rake $0 
Seat 1: nat_118 (button) folded before Flop (didn't bet)
Seat 2: CasperMulder (small blind) folded before Flop
Seat 3: Dallaway 19 (big blind) collected ($0.04)
Seat 4: HubertusB folded before Flop (didn't bet)
Seat 5: Papa_Prey folded before Flop (didn't bet)
Seat 6: juligan111 folded before Flop (didn't bet)



PokerStars Zoom Hand #186529237492:  Hold'em No Limit ($0.02/$0.05) - 2018/05/17 23:12:39 CCT [2018/05/17 11:12:39 ET]
Table 'Donati' 6-max Seat #1 is the button
Seat 1: HubertusB ($8.49 in chips) 
Seat 2: adyrnicc ($7.16 in chips) 
Seat 3: kingmj_rss ($5.05 in chips) 
Seat 4: funnyworld001 ($4.23 in chips) 
Seat 5: Alexanfr ($5 in chips) 
Seat 6: FooRawr ($24.21 in chips) 
adyrnicc: posts small blind $0.02
kingmj_rss: posts big blind $0.05
*** HOLE CARDS ***
Dealt to HubertusB [7d 6s]
funnyworld001: folds 
Alexanfr: folds 
FooRawr: folds 
HubertusB: raises $0.05 to $0.10
adyrnicc: folds 
kingmj_rss: calls $0.05
*** FLOP *** [2s Jd Ac]
kingmj_rss: checks 
HubertusB: bets $0.10
kingmj_rss: calls $0.10
*** TURN *** [2s Jd Ac] [3d]
kingmj_rss: checks 
HubertusB: checks 
*** RIVER *** [2s Jd Ac 3d] [3s]
kingmj_rss: bets $0.20
HubertusB: folds 
Uncalled bet ($0.20) returned to kingmj_rss
kingmj_rss collected $0.40 from pot
kingmj_rss: doesn't show hand 
*** SUMMARY ***
Total pot $0.42 | Rake $0.02 
Board [2s Jd Ac 3d 3s]
Seat 1: HubertusB (button) folded on the River
Seat 2: adyrnicc (small blind) folded before Flop
Seat 3: kingmj_rss (big blind) collected ($0.40)
Seat 4: funnyworld001 folded before Flop (didn't bet)
Seat 5: Alexanfr folded before Flop (didn't bet)
Seat 6: FooRawr folded before Flop (didn't bet)



PokerStars Zoom Hand #186529258345:  Hold'em No Limit ($0.02/$0.05) - 2018/05/17 23:13:17 CCT [2018/05/17 11:13:17 ET]
Table 'Donati' 6-max Seat #1 is the button
Seat 1: andriasssse ($15.49 in chips) 
Seat 2: adyrnicc ($8.66 in chips) 
Seat 3: kakoytotip ($3 in chips) 
Seat 4: HubertusB ($8.29 in chips) 
Seat 5: RustemAnna ($8.82 in chips) 
Seat 6: WiseYorsh ($5 in chips) 
adyrnicc: posts small blind $0.02
kakoytotip: posts big blind $0.05
*** HOLE CARDS ***
Dealt to HubertusB [Ah Qh]
HubertusB: raises $0.05 to $0.10
RustemAnna: folds 
WiseYorsh: raises $0.35 to $0.45
andriasssse: folds 
adyrnicc: folds 
kakoytotip: folds 
HubertusB: calls $0.35
*** FLOP *** [Qs 2s Ac]
HubertusB: checks 
WiseYorsh: bets $0.62
HubertusB: calls $0.62
*** TURN *** [Qs 2s Ac] [As]
HubertusB: checks 
WiseYorsh: checks 
*** RIVER *** [Qs 2s Ac As] [Ad]
HubertusB: checks 
WiseYorsh: checks 
*** SHOW DOWN ***
HubertusB: shows [Ah Qh] (four of a kind, Aces)
WiseYorsh: mucks hand 
HubertusB collected $2.12 from pot
*** SUMMARY ***
Total pot $2.21 | Rake $0.09 
Board [Qs 2s Ac As Ad]
Seat 1: andriasssse (button) folded before Flop (didn't bet)
Seat 2: adyrnicc (small blind) folded before Flop
Seat 3: kakoytotip (big blind) folded before Flop
Seat 4: HubertusB showed [Ah Qh] and won ($2.12) with four of a kind, Aces
Seat 5: RustemAnna folded before Flop (didn't bet)
Seat 6: WiseYorsh mucked [Jc Qc]



PokerStars Zoom Hand #186529283416:  Hold'em No Limit ($0.02/$0.05) - 2018/05/17 23:14:03 CCT [2018/05/17 11:14:03 ET]
Table 'Donati' 6-max Seat #1 is the button
Seat 1: Immunion ($7.20 in chips) 
Seat 2: rznUnique ($3.58 in chips) 
Seat 3: trenerok ($6.37 in chips) 
Seat 4: eranvital ($2.79 in chips) 
Seat 5: Wolveredo ($5.18 in chips) 
Seat 6: HubertusB ($9.34 in chips) 
rznUnique: posts small blind $0.02
trenerok: posts big blind $0.05
*** HOLE CARDS ***
Dealt to HubertusB [4s 3h]
eranvital: folds 
Wolveredo: folds 
HubertusB: folds 
Immunion: raises $0.07 to $0.12
rznUnique: folds 
trenerok: raises $0.30 to $0.42
Immunion: calls $0.30
*** FLOP *** [8d Th 6d]
trenerok: checks 
Immunion: bets $0.55
trenerok: folds 
Uncalled bet ($0.55) returned to Immunion
Immunion collected $0.82 from pot
Immunion: doesn't show hand 
*** SUMMARY ***
Total pot $0.86 | Rake $0.04 
Board [8d Th 6d]
Seat 1: Immunion (button) collected ($0.82)
Seat 2: rznUnique (small blind) folded before Flop
Seat 3: trenerok (big blind) folded on the Flop
Seat 4: eranvital folded before Flop (didn't bet)
Seat 5: Wolveredo folded before Flop (didn't bet)
Seat 6: HubertusB folded before Flop (didn't bet)



PokerStars Zoom Hand #186529287771:  Hold'em No Limit ($0.02/$0.05) - 2018/05/17 23:14:11 CCT [2018/05/17 11:14:11 ET]
Table 'Donati' 6-max Seat #1 is the button
Seat 1: Levison ($10.25 in chips) 
Seat 2: HubertusB ($9.34 in chips) 
Seat 3: Jovani_Silva ($5.10 in chips) 
Seat 4: nanoroma ($10.22 in chips) 
Seat 5: kakoytotip ($2.86 in chips) 
Seat 6: VNikSer ($5.61 in chips) 
HubertusB: posts small blind $0.02
Jovani_Silva: posts big blind $0.05
*** HOLE CARDS ***
Dealt to HubertusB [6d 6s]
nanoroma: folds 
kakoytotip: folds 
VNikSer: folds 
Levison: raises $0.10 to $0.15
HubertusB: raises $0.30 to $0.45
Jovani_Silva: folds 
Levison: calls $0.30
*** FLOP *** [Ad 7d 3c]
HubertusB: bets $0.46
Levison: raises $0.46 to $0.92
HubertusB: folds 
Uncalled bet ($0.46) returned to Levison
Levison collected $1.79 from pot
Levison: doesn't show hand 
*** SUMMARY ***
Total pot $1.87 | Rake $0.08 
Board [Ad 7d 3c]
Seat 1: Levison (button) collected ($1.79)
Seat 2: HubertusB (small blind) folded on the Flop
Seat 3: Jovani_Silva (big blind) folded before Flop
Seat 4: nanoroma folded before Flop (didn't bet)
Seat 5: kakoytotip folded before Flop (didn't bet)
Seat 6: VNikSer folded before Flop (didn't bet)



