PokerStars Zoom Hand #186524476688:  Hold'em No Limit ($0.01/$0.02) - 2018/05/17 20:21:59 CCT [2018/05/17 8:21:59 ET]
Table 'Halley' 6-max Seat #1 is the button
Seat 1: PyKuKpaHoM ($2.57 in chips) 
Seat 2: champ8812 ($2.05 in chips) 
Seat 3: HubertusB ($2 in chips) 
Seat 4: Loverboyhaha ($1.46 in chips) 
Seat 5: leonidsss ($5.03 in chips) 
Seat 6: Hayoterkinovich ($4.88 in chips) 
champ8812: posts small blind $0.01
HubertusB: posts big blind $0.02
*** HOLE CARDS ***
Dealt to HubertusB [9c Th]
Loverboyhaha: folds 
leonidsss: folds 
Hayoterkinovich: folds 
PyKuKpaHoM: folds 
champ8812: folds 
Uncalled bet ($0.01) returned to HubertusB
HubertusB collected $0.02 from pot
HubertusB: doesn't show hand 
*** SUMMARY ***
Total pot $0.02 | Rake $0 
Seat 1: PyKuKpaHoM (button) folded before Flop (didn't bet)
Seat 2: champ8812 (small blind) folded before Flop
Seat 3: HubertusB (big blind) collected ($0.02)
Seat 4: Loverboyhaha folded before Flop (didn't bet)
Seat 5: leonidsss folded before Flop (didn't bet)
Seat 6: Hayoterkinovich folded before Flop (didn't bet)



PokerStars Zoom Hand #186524480787:  Hold'em No Limit ($0.01/$0.02) - 2018/05/17 20:22:09 CCT [2018/05/17 8:22:09 ET]
Table 'Halley' 6-max Seat #1 is the button
Seat 1: underdog218 ($1.51 in chips) 
Seat 2: HubertusB ($2.01 in chips) 
Seat 3: Irbit513 ($2.59 in chips) 
Seat 4: Saratushtra ($5.08 in chips) 
Seat 5: PyKuKpaHoM ($2.06 in chips) 
Seat 6: vsk-17 ($2.14 in chips) 
HubertusB: posts small blind $0.01
Irbit513: posts big blind $0.02
*** HOLE CARDS ***
Dealt to HubertusB [4c 3d]
Saratushtra: folds 
PyKuKpaHoM: folds 
vsk-17: folds 
underdog218: folds 
HubertusB: folds 
Uncalled bet ($0.01) returned to Irbit513
Irbit513 collected $0.02 from pot
Irbit513: doesn't show hand 
*** SUMMARY ***
Total pot $0.02 | Rake $0 
Seat 1: underdog218 (button) folded before Flop (didn't bet)
Seat 2: HubertusB (small blind) folded before Flop
Seat 3: Irbit513 (big blind) collected ($0.02)
Seat 4: Saratushtra folded before Flop (didn't bet)
Seat 5: PyKuKpaHoM folded before Flop (didn't bet)
Seat 6: vsk-17 folded before Flop (didn't bet)



PokerStars Zoom Hand #186524497262:  Hold'em No Limit ($0.01/$0.02) - 2018/05/17 20:22:49 CCT [2018/05/17 8:22:49 ET]
Table 'Halley' 6-max Seat #1 is the button
Seat 1: ivan show276 ($2 in chips) 
Seat 2: KULAEV STAR ($1.73 in chips) 
Seat 3: markos8366 ($2.12 in chips) 
Seat 4: unimat 1 ($2.90 in chips) 
Seat 5: Protas-Pan ($5.36 in chips) 
Seat 6: HubertusB ($2 in chips) 
KULAEV STAR: posts small blind $0.01
markos8366: posts big blind $0.02
*** HOLE CARDS ***
Dealt to HubertusB [Ad 4s]
unimat 1: folds 
Protas-Pan: folds 
HubertusB: folds 
ivan show276: raises $0.02 to $0.04
KULAEV STAR: folds 
markos8366: folds 
Uncalled bet ($0.02) returned to ivan show276
ivan show276 collected $0.05 from pot
ivan show276: doesn't show hand 
*** SUMMARY ***
Total pot $0.05 | Rake $0 
Seat 1: ivan show276 (button) collected ($0.05)
Seat 2: KULAEV STAR (small blind) folded before Flop
Seat 3: markos8366 (big blind) folded before Flop
Seat 4: unimat 1 folded before Flop (didn't bet)
Seat 5: Protas-Pan folded before Flop (didn't bet)
Seat 6: HubertusB folded before Flop (didn't bet)



PokerStars Zoom Hand #186524504298:  Hold'em No Limit ($0.01/$0.02) - 2018/05/17 20:23:06 CCT [2018/05/17 8:23:06 ET]
Table 'Halley' 6-max Seat #1 is the button
Seat 1: bratishka74 ($4.27 in chips) 
Seat 2: HubertusB ($1.98 in chips) 
Seat 3: Montimoonx ($0.10 in chips) 
Seat 4: champ8812 ($1.55 in chips) 
Seat 5: hsienko ($2 in chips) 
Seat 6: vitalgl74 ($3.55 in chips) 
HubertusB: posts small blind $0.01
Montimoonx: posts big blind $0.02
*** HOLE CARDS ***
Dealt to HubertusB [2h 8s]
champ8812: folds 
hsienko: folds 
vitalgl74: folds 
bratishka74: folds 
HubertusB: folds 
Uncalled bet ($0.01) returned to Montimoonx
Montimoonx collected $0.02 from pot
Montimoonx: doesn't show hand 
*** SUMMARY ***
Total pot $0.02 | Rake $0 
Seat 1: bratishka74 (button) folded before Flop (didn't bet)
Seat 2: HubertusB (small blind) folded before Flop
Seat 3: Montimoonx (big blind) collected ($0.02)
Seat 4: champ8812 folded before Flop (didn't bet)
Seat 5: hsienko folded before Flop (didn't bet)
Seat 6: vitalgl74 folded before Flop (didn't bet)



PokerStars Zoom Hand #186524495134:  Hold'em No Limit ($0.01/$0.02) - 2018/05/17 20:22:44 CCT [2018/05/17 8:22:44 ET]
Table 'Halley' 6-max Seat #1 is the button
Seat 1: dziad1985 ($5.51 in chips) 
Seat 2: Gevron ($4.85 in chips) 
Seat 3: Unstoppabble ($2.26 in chips) 
Seat 4: ykos14 ($2.37 in chips) 
Seat 5: HubertusB ($2 in chips) 
Seat 6: Machairodont ($4.52 in chips) 
Gevron: posts small blind $0.01
Unstoppabble: posts big blind $0.02
*** HOLE CARDS ***
Dealt to HubertusB [5h Th]
ykos14: folds 
HubertusB: folds 
Machairodont: folds 
dziad1985: folds 
Gevron: raises $0.04 to $0.06
Unstoppabble: folds 
Uncalled bet ($0.04) returned to Gevron
Gevron collected $0.04 from pot
Gevron: doesn't show hand 
*** SUMMARY ***
Total pot $0.04 | Rake $0 
Seat 1: dziad1985 (button) folded before Flop (didn't bet)
Seat 2: Gevron (small blind) collected ($0.04)
Seat 3: Unstoppabble (big blind) folded before Flop
Seat 4: ykos14 folded before Flop (didn't bet)
Seat 5: HubertusB folded before Flop (didn't bet)
Seat 6: Machairodont folded before Flop (didn't bet)



PokerStars Zoom Hand #186524491869:  Hold'em No Limit ($0.01/$0.02) - 2018/05/17 20:22:36 CCT [2018/05/17 8:22:36 ET]
Table 'Halley' 6-max Seat #1 is the button
Seat 1: piterstone ($2.87 in chips) 
Seat 2: dsibirin ($2 in chips) 
Seat 3: Draw_Warrior ($2.39 in chips) 
Seat 4: Wkite ($2 in chips) 
Seat 5: TortureGG1 ($4.18 in chips) 
Seat 6: HubertusB ($2 in chips) 
dsibirin: posts small blind $0.01
Draw_Warrior: posts big blind $0.02
*** HOLE CARDS ***
Dealt to HubertusB [Qh 8d]
Wkite: folds 
TortureGG1: raises $0.04 to $0.06
HubertusB: folds 
piterstone: folds 
dsibirin: folds 
Draw_Warrior: calls $0.04
*** FLOP *** [5d 9s Jc]
Draw_Warrior: checks 
TortureGG1: checks 
*** TURN *** [5d 9s Jc] [Kd]
Draw_Warrior: bets $0.07
TortureGG1: calls $0.07
*** RIVER *** [5d 9s Jc Kd] [4c]
Draw_Warrior: bets $0.16
TortureGG1: calls $0.16
*** SHOW DOWN ***
Draw_Warrior: shows [5c 5s] (three of a kind, Fives)
TortureGG1: mucks hand 
Draw_Warrior collected $0.57 from pot
*** SUMMARY ***
Total pot $0.59 | Rake $0.02 
Board [5d 9s Jc Kd 4c]
Seat 1: piterstone (button) folded before Flop (didn't bet)
Seat 2: dsibirin (small blind) folded before Flop
Seat 3: Draw_Warrior (big blind) showed [5c 5s] and won ($0.57) with three of a kind, Fives
Seat 4: Wkite folded before Flop (didn't bet)
Seat 5: TortureGG1 mucked [Kc As]
Seat 6: HubertusB folded before Flop (didn't bet)



PokerStars Zoom Hand #186524486546:  Hold'em No Limit ($0.01/$0.02) - 2018/05/17 20:22:23 CCT [2018/05/17 8:22:23 ET]
Table 'Halley' 6-max Seat #1 is the button
Seat 1: HubertusB ($2 in chips) 
Seat 2: SUMRAK558 ($3.85 in chips) 
Seat 3: SAHA3746 ($2 in chips) 
Seat 4: Gostina ($2.09 in chips) 
Seat 5: Wkite ($2.11 in chips) 
Seat 6: JecK [24RUS] ($0.37 in chips) 
SUMRAK558: posts small blind $0.01
SAHA3746: posts big blind $0.02
*** HOLE CARDS ***
Dealt to HubertusB [5h Ac]
Gostina: folds 
Wkite: raises $0.03 to $0.05
JecK [24RUS]: folds 
HubertusB: folds 
SUMRAK558: raises $0.05 to $0.10
SAHA3746: folds 
Wkite: calls $0.05
*** FLOP *** [7c Kc 6c]
SUMRAK558: checks 
Wkite: checks 
*** TURN *** [7c Kc 6c] [5d]
SUMRAK558: checks 
Wkite: checks 
*** RIVER *** [7c Kc 6c 5d] [3h]
SUMRAK558: checks 
Wkite: bets $0.11
SUMRAK558: folds 
Uncalled bet ($0.11) returned to Wkite
Wkite collected $0.21 from pot
Wkite: doesn't show hand 
*** SUMMARY ***
Total pot $0.22 | Rake $0.01 
Board [7c Kc 6c 5d 3h]
Seat 1: HubertusB (button) folded before Flop (didn't bet)
Seat 2: SUMRAK558 (small blind) folded on the River
Seat 3: SAHA3746 (big blind) folded before Flop
Seat 4: Gostina folded before Flop (didn't bet)
Seat 5: Wkite collected ($0.21)
Seat 6: JecK [24RUS] folded before Flop (didn't bet)



PokerStars Zoom Hand #186524499312:  Hold'em No Limit ($0.01/$0.02) - 2018/05/17 20:22:54 CCT [2018/05/17 8:22:54 ET]
Table 'Halley' 6-max Seat #1 is the button
Seat 1: igkrug ($1.82 in chips) 
Seat 2: SPivasom ($2.27 in chips) 
Seat 3: HubertusB ($2 in chips) 
Seat 4: aleksa550 ($15.33 in chips) 
Seat 5: Theosoti ($0.78 in chips) 
Seat 6: Gostina ($2.27 in chips) 
SPivasom: posts small blind $0.01
HubertusB: posts big blind $0.02
*** HOLE CARDS ***
Dealt to HubertusB [Td 6h]
aleksa550: raises $0.02 to $0.04
Theosoti: calls $0.04
Gostina: folds 
igkrug: folds 
SPivasom: folds 
HubertusB: folds 
*** FLOP *** [Ad Tc 5d]
aleksa550: checks 
Theosoti: bets $0.06
aleksa550: calls $0.06
*** TURN *** [Ad Tc 5d] [6c]
aleksa550: checks 
Theosoti: bets $0.22
aleksa550: folds 
Uncalled bet ($0.22) returned to Theosoti
Theosoti collected $0.22 from pot
Theosoti: doesn't show hand 
*** SUMMARY ***
Total pot $0.23 | Rake $0.01 
Board [Ad Tc 5d 6c]
Seat 1: igkrug (button) folded before Flop (didn't bet)
Seat 2: SPivasom (small blind) folded before Flop
Seat 3: HubertusB (big blind) folded before Flop
Seat 4: aleksa550 folded on the Turn
Seat 5: Theosoti collected ($0.22)
Seat 6: Gostina folded before Flop (didn't bet)



PokerStars Zoom Hand #186524507156:  Hold'em No Limit ($0.01/$0.02) - 2018/05/17 20:23:13 CCT [2018/05/17 8:23:13 ET]
Table 'Halley' 6-max Seat #1 is the button
Seat 1: HubertusB ($1.97 in chips) 
Seat 2: 3ta2wki ($3.07 in chips) 
Seat 3: maflux ($3.88 in chips) 
Seat 4: JeanHavoc ($3.59 in chips) 
Seat 5: Johneik ($2.07 in chips) 
Seat 6: aferist1212 ($1.93 in chips) 
3ta2wki: posts small blind $0.01
maflux: posts big blind $0.02
*** HOLE CARDS ***
Dealt to HubertusB [Jh Kc]
JeanHavoc: folds 
Johneik: folds 
aferist1212: folds 
HubertusB: raises $0.02 to $0.04
3ta2wki: folds 
maflux: calls $0.02
*** FLOP *** [2s 9c 8c]
maflux: checks 
HubertusB: checks 
*** TURN *** [2s 9c 8c] [3h]
maflux: bets $0.05
HubertusB: folds 
Uncalled bet ($0.05) returned to maflux
maflux collected $0.09 from pot
maflux: doesn't show hand 
*** SUMMARY ***
Total pot $0.09 | Rake $0 
Board [2s 9c 8c 3h]
Seat 1: HubertusB (button) folded on the Turn
Seat 2: 3ta2wki (small blind) folded before Flop
Seat 3: maflux (big blind) collected ($0.09)
Seat 4: JeanHavoc folded before Flop (didn't bet)
Seat 5: Johneik folded before Flop (didn't bet)
Seat 6: aferist1212 folded before Flop (didn't bet)



PokerStars Zoom Hand #186524501408:  Hold'em No Limit ($0.01/$0.02) - 2018/05/17 20:22:59 CCT [2018/05/17 8:22:59 ET]
Table 'Halley' 6-max Seat #1 is the button
Seat 1: Unstoppabble ($2 in chips) 
Seat 2: George031988 ($2 in chips) 
Seat 3: scream.tm ($1 in chips) 
Seat 4: HubertusB ($1.98 in chips) 
Seat 5: PISAK1989 ($2.95 in chips) 
Seat 6: MrPokerProAA ($4.07 in chips) 
George031988: posts small blind $0.01
scream.tm: posts big blind $0.02
*** HOLE CARDS ***
Dealt to HubertusB [4c Tc]
HubertusB: folds 
PISAK1989: folds 
MrPokerProAA: raises $0.06 to $0.08
Unstoppabble: folds 
George031988: folds 
scream.tm: calls $0.06
*** FLOP *** [Ts 2h 9s]
scream.tm: bets $0.08
MrPokerProAA: calls $0.08
*** TURN *** [Ts 2h 9s] [5s]
scream.tm: bets $0.16
MrPokerProAA: folds 
Uncalled bet ($0.16) returned to scream.tm
scream.tm collected $0.32 from pot
scream.tm: doesn't show hand 
*** SUMMARY ***
Total pot $0.33 | Rake $0.01 
Board [Ts 2h 9s 5s]
Seat 1: Unstoppabble (button) folded before Flop (didn't bet)
Seat 2: George031988 (small blind) folded before Flop
Seat 3: scream.tm (big blind) collected ($0.32)
Seat 4: HubertusB folded before Flop (didn't bet)
Seat 5: PISAK1989 folded before Flop (didn't bet)
Seat 6: MrPokerProAA folded on the Turn



PokerStars Zoom Hand #186524522256:  Hold'em No Limit ($0.01/$0.02) - 2018/05/17 20:23:50 CCT [2018/05/17 8:23:50 ET]
Table 'Halley' 6-max Seat #1 is the button
Seat 1: Garychu014 ($6.36 in chips) 
Seat 2: Eugeniy437 ($7.71 in chips) 
Seat 3: gogodeaco ($1.54 in chips) 
Seat 4: justina1990 ($5.59 in chips) 
Seat 5: Savavlad97 ($4.99 in chips) 
Seat 6: HubertusB ($1.93 in chips) 
Eugeniy437: posts small blind $0.01
gogodeaco: posts big blind $0.02
*** HOLE CARDS ***
Dealt to HubertusB [6s Js]
justina1990: folds 
Savavlad97: folds 
HubertusB: folds 
Garychu014: folds 
Eugeniy437: folds 
Uncalled bet ($0.01) returned to gogodeaco
gogodeaco collected $0.02 from pot
gogodeaco: doesn't show hand 
*** SUMMARY ***
Total pot $0.02 | Rake $0 
Seat 1: Garychu014 (button) folded before Flop (didn't bet)
Seat 2: Eugeniy437 (small blind) folded before Flop
Seat 3: gogodeaco (big blind) collected ($0.02)
Seat 4: justina1990 folded before Flop (didn't bet)
Seat 5: Savavlad97 folded before Flop (didn't bet)
Seat 6: HubertusB folded before Flop (didn't bet)



PokerStars Zoom Hand #186524520198:  Hold'em No Limit ($0.01/$0.02) - 2018/05/17 20:23:45 CCT [2018/05/17 8:23:45 ET]
Table 'Halley' 6-max Seat #1 is the button
Seat 1: armor4085 ($6.19 in chips) 
Seat 2: Andrito1985 ($3.03 in chips) 
Seat 3: PandaPower12 ($2 in chips) 
Seat 4: Woohoei ($2 in chips) 
Seat 5: HubertusB ($1.93 in chips) 
Seat 6: funnyworld001 ($2 in chips) 
Andrito1985: posts small blind $0.01
PandaPower12: posts big blind $0.02
*** HOLE CARDS ***
Dealt to HubertusB [7c 2h]
Woohoei: folds 
HubertusB: folds 
funnyworld001: raises $0.04 to $0.06
armor4085: raises $0.12 to $0.18
Andrito1985: folds 
PandaPower12: folds 
funnyworld001: folds 
Uncalled bet ($0.12) returned to armor4085
armor4085 collected $0.15 from pot
armor4085: doesn't show hand 
*** SUMMARY ***
Total pot $0.15 | Rake $0 
Seat 1: armor4085 (button) collected ($0.15)
Seat 2: Andrito1985 (small blind) folded before Flop
Seat 3: PandaPower12 (big blind) folded before Flop
Seat 4: Woohoei folded before Flop (didn't bet)
Seat 5: HubertusB folded before Flop (didn't bet)
Seat 6: funnyworld001 folded before Flop



PokerStars Zoom Hand #186524525981:  Hold'em No Limit ($0.01/$0.02) - 2018/05/17 20:23:59 CCT [2018/05/17 8:23:59 ET]
Table 'Halley' 6-max Seat #1 is the button
Seat 1: semirami2 ($2.28 in chips) 
Seat 2: Saratushtra ($2.27 in chips) 
Seat 3: HubertusB ($1.93 in chips) 
Seat 4: viigrivau ($2.29 in chips) 
Seat 5: ImThaShark ($2 in chips) 
Seat 6: mariadelac ($1.17 in chips) 
Saratushtra: posts small blind $0.01
HubertusB: posts big blind $0.02
*** HOLE CARDS ***
Dealt to HubertusB [3c Jh]
viigrivau: folds 
ImThaShark: folds 
mariadelac: folds 
semirami2: raises $0.03 to $0.05
Saratushtra: raises $0.11 to $0.16
HubertusB: folds 
semirami2: folds 
Uncalled bet ($0.11) returned to Saratushtra
Saratushtra collected $0.12 from pot
Saratushtra: doesn't show hand 
*** SUMMARY ***
Total pot $0.12 | Rake $0 
Seat 1: semirami2 (button) folded before Flop
Seat 2: Saratushtra (small blind) collected ($0.12)
Seat 3: HubertusB (big blind) folded before Flop
Seat 4: viigrivau folded before Flop (didn't bet)
Seat 5: ImThaShark folded before Flop (didn't bet)
Seat 6: mariadelac folded before Flop (didn't bet)



PokerStars Zoom Hand #186524529690:  Hold'em No Limit ($0.01/$0.02) - 2018/05/17 20:24:08 CCT [2018/05/17 8:24:08 ET]
Table 'Halley' 6-max Seat #1 is the button
Seat 1: HubertusB ($1.91 in chips) 
Seat 2: ghisbug ($7.44 in chips) 
Seat 3: lll MAXV lll ($2.31 in chips) 
Seat 4: sunao1983 ($2.08 in chips) 
Seat 5: GameCraft ($16.04 in chips) 
Seat 6: Ed Frost ($2.06 in chips) 
ghisbug: posts small blind $0.01
lll MAXV lll: posts big blind $0.02
*** HOLE CARDS ***
Dealt to HubertusB [As Jc]
sunao1983: folds 
GameCraft: folds 
Ed Frost: raises $0.04 to $0.06
HubertusB: calls $0.06
ghisbug: folds 
lll MAXV lll: folds 
*** FLOP *** [Js Kd 2c]
Ed Frost: bets $0.10
HubertusB: calls $0.10
*** TURN *** [Js Kd 2c] [Qd]
Ed Frost: bets $0.20
HubertusB: folds 
Uncalled bet ($0.20) returned to Ed Frost
Ed Frost collected $0.34 from pot
Ed Frost: doesn't show hand 
*** SUMMARY ***
Total pot $0.35 | Rake $0.01 
Board [Js Kd 2c Qd]
Seat 1: HubertusB (button) folded on the Turn
Seat 2: ghisbug (small blind) folded before Flop
Seat 3: lll MAXV lll (big blind) folded before Flop
Seat 4: sunao1983 folded before Flop (didn't bet)
Seat 5: GameCraft folded before Flop (didn't bet)
Seat 6: Ed Frost collected ($0.34)



PokerStars Zoom Hand #186524549534:  Hold'em No Limit ($0.01/$0.02) - 2018/05/17 20:24:56 CCT [2018/05/17 8:24:56 ET]
Table 'Halley' 6-max Seat #1 is the button
Seat 1: bndt123 ($2 in chips) 
Seat 2: HubertusB ($1.75 in chips) 
Seat 3: venek73 ($2.14 in chips) 
Seat 4: maxm198 ($2.48 in chips) 
Seat 5: aloneinnoise ($3.91 in chips) 
Seat 6: ZedwayUA ($3.71 in chips) 
HubertusB: posts small blind $0.01
venek73: posts big blind $0.02
*** HOLE CARDS ***
Dealt to HubertusB [As Td]
maxm198: folds 
aloneinnoise: folds 
ZedwayUA: folds 
bndt123: folds 
HubertusB: raises $0.03 to $0.05
venek73: folds 
Uncalled bet ($0.03) returned to HubertusB
HubertusB collected $0.04 from pot
HubertusB: doesn't show hand 
*** SUMMARY ***
Total pot $0.04 | Rake $0 
Seat 1: bndt123 (button) folded before Flop (didn't bet)
Seat 2: HubertusB (small blind) collected ($0.04)
Seat 3: venek73 (big blind) folded before Flop
Seat 4: maxm198 folded before Flop (didn't bet)
Seat 5: aloneinnoise folded before Flop (didn't bet)
Seat 6: ZedwayUA folded before Flop (didn't bet)



PokerStars Zoom Hand #186524556532:  Hold'em No Limit ($0.01/$0.02) - 2018/05/17 20:25:13 CCT [2018/05/17 8:25:13 ET]
Table 'Halley' 6-max Seat #1 is the button
Seat 1: Franxia II ($1.97 in chips) 
Seat 2: wanekkk ($2.43 in chips) 
Seat 3: Saukra ($1.99 in chips) 
Seat 4: HubertusB ($1.77 in chips) 
Seat 5: buttonlife ($2 in chips) 
Seat 6: Siodemka7 ($0.84 in chips) 
wanekkk: posts small blind $0.01
Saukra: posts big blind $0.02
*** HOLE CARDS ***
Dealt to HubertusB [6c Kd]
HubertusB: folds 
buttonlife: raises $0.04 to $0.06
Siodemka7: folds 
Franxia II: folds 
wanekkk: folds 
Saukra: folds 
Uncalled bet ($0.04) returned to buttonlife
buttonlife collected $0.05 from pot
buttonlife: doesn't show hand 
*** SUMMARY ***
Total pot $0.05 | Rake $0 
Seat 1: Franxia II (button) folded before Flop (didn't bet)
Seat 2: wanekkk (small blind) folded before Flop
Seat 3: Saukra (big blind) folded before Flop
Seat 4: HubertusB folded before Flop (didn't bet)
Seat 5: buttonlife collected ($0.05)
Seat 6: Siodemka7 folded before Flop (didn't bet)



PokerStars Zoom Hand #186524558655:  Hold'em No Limit ($0.01/$0.02) - 2018/05/17 20:25:18 CCT [2018/05/17 8:25:18 ET]
Table 'Halley' 6-max Seat #1 is the button
Seat 1: Dorth Mammu ($2 in chips) 
Seat 2: David.C.M.R ($2.22 in chips) 
Seat 3: mamaMarilyn ($2 in chips) 
Seat 4: betninja928 ($2.34 in chips) 
Seat 5: HubertusB ($1.77 in chips) 
Seat 6: Rep_Nothing ($5.57 in chips) 
David.C.M.R: posts small blind $0.01
mamaMarilyn: posts big blind $0.02
*** HOLE CARDS ***
Dealt to HubertusB [9d Jc]
betninja928: folds 
HubertusB: folds 
Rep_Nothing: folds 
Dorth Mammu: folds 
David.C.M.R: folds 
Uncalled bet ($0.01) returned to mamaMarilyn
mamaMarilyn collected $0.02 from pot
mamaMarilyn: doesn't show hand 
*** SUMMARY ***
Total pot $0.02 | Rake $0 
Seat 1: Dorth Mammu (button) folded before Flop (didn't bet)
Seat 2: David.C.M.R (small blind) folded before Flop
Seat 3: mamaMarilyn (big blind) collected ($0.02)
Seat 4: betninja928 folded before Flop (didn't bet)
Seat 5: HubertusB folded before Flop (didn't bet)
Seat 6: Rep_Nothing folded before Flop (didn't bet)



PokerStars Zoom Hand #186524560306:  Hold'em No Limit ($0.01/$0.02) - 2018/05/17 20:25:22 CCT [2018/05/17 8:25:22 ET]
Table 'Halley' 6-max Seat #1 is the button
Seat 1: utahhih ($1.49 in chips) 
Seat 2: Zatoch ($1.91 in chips) 
Seat 3: HubertusB ($1.77 in chips) 
Seat 4: Wkite ($2.72 in chips) 
Seat 5: Kucher2 ($1.28 in chips) 
Seat 6: Lada3030 ($0.97 in chips) 
Zatoch: posts small blind $0.01
HubertusB: posts big blind $0.02
*** HOLE CARDS ***
Dealt to HubertusB [8h 3c]
Wkite: folds 
Kucher2: folds 
Lada3030: folds 
utahhih: raises $0.03 to $0.05
Zatoch: folds 
HubertusB: folds 
Uncalled bet ($0.03) returned to utahhih
utahhih collected $0.05 from pot
utahhih: doesn't show hand 
*** SUMMARY ***
Total pot $0.05 | Rake $0 
Seat 1: utahhih (button) collected ($0.05)
Seat 2: Zatoch (small blind) folded before Flop
Seat 3: HubertusB (big blind) folded before Flop
Seat 4: Wkite folded before Flop (didn't bet)
Seat 5: Kucher2 folded before Flop (didn't bet)
Seat 6: Lada3030 folded before Flop (didn't bet)



PokerStars Zoom Hand #186524565211:  Hold'em No Limit ($0.01/$0.02) - 2018/05/17 20:25:34 CCT [2018/05/17 8:25:34 ET]
Table 'Halley' 6-max Seat #1 is the button
Seat 1: HubertusB ($1.75 in chips) 
Seat 2: Saratushtra ($2.35 in chips) 
Seat 3: Machairodont ($9.34 in chips) 
Seat 4: duvallwbb ($2.05 in chips) 
Seat 5: Astraptov ($0.56 in chips) 
Seat 6: kaza4ok1979 ($2.08 in chips) 
Saratushtra: posts small blind $0.01
Machairodont: posts big blind $0.02
*** HOLE CARDS ***
Dealt to HubertusB [4d Qc]
duvallwbb: folds 
Astraptov: folds 
kaza4ok1979: folds 
HubertusB: folds 
Saratushtra: raises $0.05 to $0.07
Machairodont: calls $0.05
*** FLOP *** [Kc Qs 9c]
Saratushtra: bets $0.07
Machairodont: folds 
Uncalled bet ($0.07) returned to Saratushtra
Saratushtra collected $0.14 from pot
Saratushtra: doesn't show hand 
*** SUMMARY ***
Total pot $0.14 | Rake $0 
Board [Kc Qs 9c]
Seat 1: HubertusB (button) folded before Flop (didn't bet)
Seat 2: Saratushtra (small blind) collected ($0.14)
Seat 3: Machairodont (big blind) folded on the Flop
Seat 4: duvallwbb folded before Flop (didn't bet)
Seat 5: Astraptov folded before Flop (didn't bet)
Seat 6: kaza4ok1979 folded before Flop (didn't bet)



PokerStars Zoom Hand #186524567656:  Hold'em No Limit ($0.01/$0.02) - 2018/05/17 20:25:40 CCT [2018/05/17 8:25:40 ET]
Table 'Halley' 6-max Seat #1 is the button
Seat 1: alexrain600 ($3.25 in chips) 
Seat 2: klon2311 ($2.17 in chips) 
Seat 3: Kastor25 ($2 in chips) 
Seat 4: aloneinnoise ($3.88 in chips) 
Seat 5: Neptune27 ($2.03 in chips) 
Seat 6: HubertusB ($1.75 in chips) 
klon2311: posts small blind $0.01
Kastor25: posts big blind $0.02
*** HOLE CARDS ***
Dealt to HubertusB [4d Kc]
aloneinnoise: raises $0.02 to $0.04
Neptune27: folds 
HubertusB: folds 
alexrain600: folds 
klon2311: folds 
Kastor25: calls $0.02
*** FLOP *** [9d 5h Ah]
Kastor25: bets $0.04
aloneinnoise: folds 
Uncalled bet ($0.04) returned to Kastor25
Kastor25 collected $0.09 from pot
Kastor25: doesn't show hand 
*** SUMMARY ***
Total pot $0.09 | Rake $0 
Board [9d 5h Ah]
Seat 1: alexrain600 (button) folded before Flop (didn't bet)
Seat 2: klon2311 (small blind) folded before Flop
Seat 3: Kastor25 (big blind) collected ($0.09)
Seat 4: aloneinnoise folded on the Flop
Seat 5: Neptune27 folded before Flop (didn't bet)
Seat 6: HubertusB folded before Flop (didn't bet)



PokerStars Zoom Hand #186524570014:  Hold'em No Limit ($0.01/$0.02) - 2018/05/17 20:25:46 CCT [2018/05/17 8:25:46 ET]
Table 'Halley' 6-max Seat #1 is the button
Seat 1: MON3YMONK3Y ($1.42 in chips) 
Seat 2: HubertusB ($1.75 in chips) 
Seat 3: Johneik ($2 in chips) 
Seat 4: Vladislav_i2 ($3.66 in chips) 
Seat 5: nekitosikk ($2.27 in chips) 
Seat 6: JohnyeliteM ($2.89 in chips) 
HubertusB: posts small blind $0.01
Johneik: posts big blind $0.02
*** HOLE CARDS ***
Dealt to HubertusB [5h 5d]
Vladislav_i2: raises $0.04 to $0.06
nekitosikk: folds 
JohnyeliteM: folds 
MON3YMONK3Y: folds 
HubertusB: calls $0.05
Johneik: folds 
*** FLOP *** [3h Td 8c]
HubertusB: checks 
Vladislav_i2: bets $0.09
HubertusB: calls $0.09
*** TURN *** [3h Td 8c] [9s]
HubertusB: bets $0.21
Vladislav_i2: calls $0.21
*** RIVER *** [3h Td 8c 9s] [8d]
HubertusB: checks 
Vladislav_i2: checks 
*** SHOW DOWN ***
HubertusB: shows [5h 5d] (two pair, Eights and Fives)
Vladislav_i2: shows [6c 9d] (two pair, Nines and Eights)
Vladislav_i2 collected $0.71 from pot
*** SUMMARY ***
Total pot $0.74 | Rake $0.03 
Board [3h Td 8c 9s 8d]
Seat 1: MON3YMONK3Y (button) folded before Flop (didn't bet)
Seat 2: HubertusB (small blind) showed [5h 5d] and lost with two pair, Eights and Fives
Seat 3: Johneik (big blind) folded before Flop
Seat 4: Vladislav_i2 showed [6c 9d] and won ($0.71) with two pair, Nines and Eights
Seat 5: nekitosikk folded before Flop (didn't bet)
Seat 6: JohnyeliteM folded before Flop (didn't bet)



PokerStars Zoom Hand #186524597863:  Hold'em No Limit ($0.01/$0.02) - 2018/05/17 20:26:54 CCT [2018/05/17 8:26:54 ET]
Table 'Halley' 6-max Seat #1 is the button
Seat 1: HubertusB ($1.39 in chips) 
Seat 2: ADyak ($2.26 in chips) 
Seat 3: vsk-17 ($2 in chips) 
Seat 4: Gostina ($2.06 in chips) 
Seat 5: Klochok ($2.05 in chips) 
Seat 6: mohandes81 ($12.29 in chips) 
ADyak: posts small blind $0.01
vsk-17: posts big blind $0.02
*** HOLE CARDS ***
Dealt to HubertusB [8s Ts]
Gostina: folds 
Klochok: folds 
mohandes81: folds 
HubertusB: raises $0.02 to $0.04
ADyak: folds 
vsk-17: calls $0.02
*** FLOP *** [Qh 4c 8d]
vsk-17: checks 
HubertusB: checks 
*** TURN *** [Qh 4c 8d] [Ad]
vsk-17: bets $0.04
HubertusB: raises $0.12 to $0.16
vsk-17: folds 
Uncalled bet ($0.12) returned to HubertusB
HubertusB collected $0.16 from pot
HubertusB: doesn't show hand 
*** SUMMARY ***
Total pot $0.17 | Rake $0.01 
Board [Qh 4c 8d Ad]
Seat 1: HubertusB (button) collected ($0.16)
Seat 2: ADyak (small blind) folded before Flop
Seat 3: vsk-17 (big blind) folded on the Turn
Seat 4: Gostina folded before Flop (didn't bet)
Seat 5: Klochok folded before Flop (didn't bet)
Seat 6: mohandes81 folded before Flop (didn't bet)



PokerStars Zoom Hand #186524623963:  Hold'em No Limit ($0.01/$0.02) - 2018/05/17 20:27:57 CCT [2018/05/17 8:27:57 ET]
Table 'Halley' 6-max Seat #1 is the button
Seat 1: koufodinas32 ($2 in chips) 
Seat 2: salis87 ($8.34 in chips) 
Seat 3: aachenjuli ($1 in chips) 
Seat 4: AVyiO ($1.87 in chips) 
Seat 5: HubertusB ($1.47 in chips) 
Seat 6: champ8812 ($1.55 in chips) 
salis87: posts small blind $0.01
aachenjuli: posts big blind $0.02
*** HOLE CARDS ***
Dealt to HubertusB [Jc Kc]
AVyiO: folds 
HubertusB: raises $0.03 to $0.05
champ8812: folds 
koufodinas32: folds 
salis87: folds 
aachenjuli: folds 
Uncalled bet ($0.03) returned to HubertusB
HubertusB collected $0.05 from pot
HubertusB: doesn't show hand 
*** SUMMARY ***
Total pot $0.05 | Rake $0 
Seat 1: koufodinas32 (button) folded before Flop (didn't bet)
Seat 2: salis87 (small blind) folded before Flop
Seat 3: aachenjuli (big blind) folded before Flop
Seat 4: AVyiO folded before Flop (didn't bet)
Seat 5: HubertusB collected ($0.05)
Seat 6: champ8812 folded before Flop (didn't bet)



PokerStars Zoom Hand #186524629405:  Hold'em No Limit ($0.01/$0.02) - 2018/05/17 20:28:10 CCT [2018/05/17 8:28:10 ET]
Table 'Halley' 6-max Seat #1 is the button
Seat 1: pastyr777 ($2.30 in chips) 
Seat 2: Teclis767 ($3.58 in chips) 
Seat 3: HubertusB ($1.50 in chips) 
Seat 4: Rasmus333333 ($2.20 in chips) 
Seat 5: buttonlife ($2.08 in chips) 
Seat 6: viigrivau ($2.47 in chips) 
Teclis767: posts small blind $0.01
HubertusB: posts big blind $0.02
*** HOLE CARDS ***
Dealt to HubertusB [3s 5s]
Rasmus333333: raises $0.04 to $0.06
buttonlife: folds 
viigrivau: folds 
pastyr777: folds 
Teclis767: folds 
HubertusB: folds 
Uncalled bet ($0.04) returned to Rasmus333333
Rasmus333333 collected $0.05 from pot
Rasmus333333: doesn't show hand 
*** SUMMARY ***
Total pot $0.05 | Rake $0 
Seat 1: pastyr777 (button) folded before Flop (didn't bet)
Seat 2: Teclis767 (small blind) folded before Flop
Seat 3: HubertusB (big blind) folded before Flop
Seat 4: Rasmus333333 collected ($0.05)
Seat 5: buttonlife folded before Flop (didn't bet)
Seat 6: viigrivau folded before Flop (didn't bet)



PokerStars Zoom Hand #186524641504:  Hold'em No Limit ($0.01/$0.02) - 2018/05/17 20:28:39 CCT [2018/05/17 8:28:39 ET]
Table 'Halley' 6-max Seat #1 is the button
Seat 1: 777fufufu ($1.55 in chips) 
Seat 2: kolacar ($2.86 in chips) 
Seat 3: ziaki0000 ($4.04 in chips) 
Seat 4: booktable ($2.20 in chips) 
Seat 5: semirami2 ($3.49 in chips) 
Seat 6: HubertusB ($1.48 in chips) 
kolacar: posts small blind $0.01
ziaki0000: posts big blind $0.02
*** HOLE CARDS ***
Dealt to HubertusB [Td 9h]
booktable: folds 
semirami2: folds 
HubertusB: folds 
777fufufu: raises $0.04 to $0.06
kolacar: folds 
ziaki0000: folds 
Uncalled bet ($0.04) returned to 777fufufu
777fufufu collected $0.05 from pot
777fufufu: doesn't show hand 
*** SUMMARY ***
Total pot $0.05 | Rake $0 
Seat 1: 777fufufu (button) collected ($0.05)
Seat 2: kolacar (small blind) folded before Flop
Seat 3: ziaki0000 (big blind) folded before Flop
Seat 4: booktable folded before Flop (didn't bet)
Seat 5: semirami2 folded before Flop (didn't bet)
Seat 6: HubertusB folded before Flop (didn't bet)



PokerStars Zoom Hand #186524645300:  Hold'em No Limit ($0.01/$0.02) - 2018/05/17 20:28:48 CCT [2018/05/17 8:28:48 ET]
Table 'Halley' 6-max Seat #1 is the button
Seat 1: Middl3Fing3r ($2.46 in chips) 
Seat 2: pellion ($1.94 in chips) 
Seat 3: PavGur77 ($2.05 in chips) 
Seat 4: aferist1212 ($1.54 in chips) 
Seat 5: HubertusB ($1.48 in chips) 
Seat 6: Donatelis ($2 in chips) 
pellion: posts small blind $0.01
PavGur77: posts big blind $0.02
*** HOLE CARDS ***
Dealt to HubertusB [8s Ks]
aferist1212: folds 
HubertusB: folds 
Donatelis: raises $0.04 to $0.06
Middl3Fing3r: folds 
pellion: folds 
PavGur77: folds 
Uncalled bet ($0.04) returned to Donatelis
Donatelis collected $0.05 from pot
Donatelis: doesn't show hand 
*** SUMMARY ***
Total pot $0.05 | Rake $0 
Seat 1: Middl3Fing3r (button) folded before Flop (didn't bet)
Seat 2: pellion (small blind) folded before Flop
Seat 3: PavGur77 (big blind) folded before Flop
Seat 4: aferist1212 folded before Flop (didn't bet)
Seat 5: HubertusB folded before Flop (didn't bet)
Seat 6: Donatelis collected ($0.05)



PokerStars Zoom Hand #186524651805:  Hold'em No Limit ($0.01/$0.02) - 2018/05/17 20:29:03 CCT [2018/05/17 8:29:03 ET]
Table 'Halley' 6-max Seat #1 is the button
Seat 1: Wkite ($2.15 in chips) 
Seat 2: champ8812 ($3.64 in chips) 
Seat 3: MrPokerProAA ($4.19 in chips) 
Seat 4: HubertusB ($1.47 in chips) 
Seat 5: buttonlife ($2.05 in chips) 
Seat 6: SUMRAK558 ($3.21 in chips) 
champ8812: posts small blind $0.01
MrPokerProAA: posts big blind $0.02
*** HOLE CARDS ***
Dealt to HubertusB [2h Ks]
HubertusB: folds 
buttonlife: folds 
SUMRAK558: folds 
Wkite: folds 
champ8812: raises $0.04 to $0.06
MrPokerProAA: folds 
Uncalled bet ($0.04) returned to champ8812
champ8812 collected $0.04 from pot
champ8812: doesn't show hand 
*** SUMMARY ***
Total pot $0.04 | Rake $0 
Seat 1: Wkite (button) folded before Flop (didn't bet)
Seat 2: champ8812 (small blind) collected ($0.04)
Seat 3: MrPokerProAA (big blind) folded before Flop
Seat 4: HubertusB folded before Flop (didn't bet)
Seat 5: buttonlife folded before Flop (didn't bet)
Seat 6: SUMRAK558 folded before Flop (didn't bet)



PokerStars Zoom Hand #186524656838:  Hold'em No Limit ($0.01/$0.02) - 2018/05/17 20:29:15 CCT [2018/05/17 8:29:15 ET]
Table 'Halley' 6-max Seat #1 is the button
Seat 1: leomax100 ($2.21 in chips) 
Seat 2: dsibirin ($2.54 in chips) 
Seat 3: Vladimir.ch3 ($2.02 in chips) 
Seat 4: HubertusB ($1.47 in chips) 
Seat 5: maxm198 ($2.95 in chips) 
Seat 6: nakam024 ($2.02 in chips) 
dsibirin: posts small blind $0.01
Vladimir.ch3: posts big blind $0.02
*** HOLE CARDS ***
Dealt to HubertusB [6s Ac]
HubertusB: folds 
maxm198: folds 
nakam024: raises $0.02 to $0.04
leomax100: folds 
dsibirin: folds 
Vladimir.ch3: folds 
Uncalled bet ($0.02) returned to nakam024
nakam024 collected $0.05 from pot
nakam024: doesn't show hand 
*** SUMMARY ***
Total pot $0.05 | Rake $0 
Seat 1: leomax100 (button) folded before Flop (didn't bet)
Seat 2: dsibirin (small blind) folded before Flop
Seat 3: Vladimir.ch3 (big blind) folded before Flop
Seat 4: HubertusB folded before Flop (didn't bet)
Seat 5: maxm198 folded before Flop (didn't bet)
Seat 6: nakam024 collected ($0.05)



PokerStars Zoom Hand #186524653894:  Hold'em No Limit ($0.01/$0.02) - 2018/05/17 20:29:08 CCT [2018/05/17 8:29:08 ET]
Table 'Halley' 6-max Seat #1 is the button
Seat 1: aachenjuli ($1.18 in chips) 
Seat 2: 888lifeIS ($2.17 in chips) 
Seat 3: Losimas(LT) ($2 in chips) 
Seat 4: ILpo_777 ($1 in chips) 
Seat 5: HubertusB ($1.47 in chips) 
Seat 6: gds2003 ($1.46 in chips) 
888lifeIS: posts small blind $0.01
Losimas(LT): posts big blind $0.02
*** HOLE CARDS ***
Dealt to HubertusB [Kc 5h]
ILpo_777: raises $0.02 to $0.04
HubertusB: folds 
gds2003: folds 
aachenjuli: folds 
888lifeIS: folds 
Losimas(LT): calls $0.02
*** FLOP *** [5c 8d Kd]
Losimas(LT): checks 
ILpo_777: bets $0.02
Losimas(LT): folds 
Uncalled bet ($0.02) returned to ILpo_777
ILpo_777 collected $0.09 from pot
ILpo_777: doesn't show hand 
*** SUMMARY ***
Total pot $0.09 | Rake $0 
Board [5c 8d Kd]
Seat 1: aachenjuli (button) folded before Flop (didn't bet)
Seat 2: 888lifeIS (small blind) folded before Flop
Seat 3: Losimas(LT) (big blind) folded on the Flop
Seat 4: ILpo_777 collected ($0.09)
Seat 5: HubertusB folded before Flop (didn't bet)
Seat 6: gds2003 folded before Flop (didn't bet)



PokerStars Zoom Hand #186524648351:  Hold'em No Limit ($0.01/$0.02) - 2018/05/17 20:28:55 CCT [2018/05/17 8:28:55 ET]
Table 'Halley' 6-max Seat #1 is the button
Seat 1: Kowgan ($2 in chips) 
Seat 2: HubertusB ($1.48 in chips) 
Seat 3: [NNS28] ($2.02 in chips) 
Seat 4: klon2311 ($1.74 in chips) 
Seat 5: PyKuKpaHoM ($2.09 in chips) 
Seat 6: Honochin ($1.75 in chips) 
HubertusB: posts small blind $0.01
[NNS28]: posts big blind $0.02
*** HOLE CARDS ***
Dealt to HubertusB [Qc 7h]
klon2311: raises $0.04 to $0.06
PyKuKpaHoM: calls $0.06
Honochin: folds 
Kowgan: folds 
HubertusB: folds 
[NNS28]: calls $0.04
*** FLOP *** [9s 7s Ad]
[NNS28]: checks 
klon2311: bets $0.10
PyKuKpaHoM: calls $0.10
[NNS28]: folds 
*** TURN *** [9s 7s Ad] [2s]
klon2311: checks 
PyKuKpaHoM: bets $0.16
klon2311: folds 
Uncalled bet ($0.16) returned to PyKuKpaHoM
PyKuKpaHoM collected $0.38 from pot
PyKuKpaHoM: doesn't show hand 
*** SUMMARY ***
Total pot $0.39 | Rake $0.01 
Board [9s 7s Ad 2s]
Seat 1: Kowgan (button) folded before Flop (didn't bet)
Seat 2: HubertusB (small blind) folded before Flop
Seat 3: [NNS28] (big blind) folded on the Flop
Seat 4: klon2311 folded on the Turn
Seat 5: PyKuKpaHoM collected ($0.38)
Seat 6: Honochin folded before Flop (didn't bet)



PokerStars Zoom Hand #186524659316:  Hold'em No Limit ($0.01/$0.02) - 2018/05/17 20:29:21 CCT [2018/05/17 8:29:21 ET]
Table 'Halley' 6-max Seat #1 is the button
Seat 1: Vila1n ($1.95 in chips) 
Seat 2: viigrivau ($1.60 in chips) 
Seat 3: HubertusB ($1.47 in chips) 
Seat 4: Holmes1824 ($4.46 in chips) 
Seat 5: salomone29 ($1.87 in chips) 
Seat 6: funnyworld001 ($3.27 in chips) 
viigrivau: posts small blind $0.01
HubertusB: posts big blind $0.02
*** HOLE CARDS ***
Dealt to HubertusB [7c Ac]
Holmes1824: folds 
salomone29: folds 
funnyworld001: folds 
Vila1n: folds 
viigrivau: calls $0.01
HubertusB: checks 
*** FLOP *** [5d 3s 4h]
viigrivau: bets $0.04
HubertusB: calls $0.04
*** TURN *** [5d 3s 4h] [9c]
viigrivau: bets $0.10
HubertusB: folds 
Uncalled bet ($0.10) returned to viigrivau
viigrivau collected $0.12 from pot
viigrivau: doesn't show hand 
*** SUMMARY ***
Total pot $0.12 | Rake $0 
Board [5d 3s 4h 9c]
Seat 1: Vila1n (button) folded before Flop (didn't bet)
Seat 2: viigrivau (small blind) collected ($0.12)
Seat 3: HubertusB (big blind) folded on the Turn
Seat 4: Holmes1824 folded before Flop (didn't bet)
Seat 5: salomone29 folded before Flop (didn't bet)
Seat 6: funnyworld001 folded before Flop (didn't bet)



PokerStars Zoom Hand #186524678531:  Hold'em No Limit ($0.01/$0.02) - 2018/05/17 20:30:07 CCT [2018/05/17 8:30:07 ET]
Table 'Halley' 6-max Seat #1 is the button
Seat 1: PNL710 ($2.63 in chips) 
Seat 2: moussadf ($1.93 in chips) 
Seat 3: vitalgl74 ($2.63 in chips) 
Seat 4: hsienko ($2.11 in chips) 
Seat 5: SellYourBody ($2.34 in chips) 
Seat 6: HubertusB ($1.41 in chips) 
moussadf: posts small blind $0.01
vitalgl74: posts big blind $0.02
*** HOLE CARDS ***
Dealt to HubertusB [Kh 9s]
hsienko: folds 
SellYourBody: folds 
HubertusB: folds 
PNL710: folds 
moussadf: raises $0.04 to $0.06
vitalgl74: folds 
Uncalled bet ($0.04) returned to moussadf
moussadf collected $0.04 from pot
moussadf: doesn't show hand 
*** SUMMARY ***
Total pot $0.04 | Rake $0 
Seat 1: PNL710 (button) folded before Flop (didn't bet)
Seat 2: moussadf (small blind) collected ($0.04)
Seat 3: vitalgl74 (big blind) folded before Flop
Seat 4: hsienko folded before Flop (didn't bet)
Seat 5: SellYourBody folded before Flop (didn't bet)
Seat 6: HubertusB folded before Flop (didn't bet)



PokerStars Zoom Hand #186524686701:  Hold'em No Limit ($0.01/$0.02) - 2018/05/17 20:30:26 CCT [2018/05/17 8:30:26 ET]
Table 'Halley' 6-max Seat #1 is the button
Seat 1: hsienko ($4.62 in chips) 
Seat 2: HubertusB ($1.41 in chips) 
Seat 3: Dani288 ($2.20 in chips) 
Seat 4: tedo1969 ($0.53 in chips) 
Seat 5: medicalskunk ($2.06 in chips) 
Seat 6: aleks_ply ($2 in chips) 
HubertusB: posts small blind $0.01
Dani288: posts big blind $0.02
*** HOLE CARDS ***
Dealt to HubertusB [Ts Js]
tedo1969: folds 
medicalskunk: folds 
aleks_ply: folds 
hsienko: folds 
HubertusB: raises $0.03 to $0.05
Dani288: folds 
Uncalled bet ($0.03) returned to HubertusB
HubertusB collected $0.04 from pot
HubertusB: doesn't show hand 
*** SUMMARY ***
Total pot $0.04 | Rake $0 
Seat 1: hsienko (button) folded before Flop (didn't bet)
Seat 2: HubertusB (small blind) collected ($0.04)
Seat 3: Dani288 (big blind) folded before Flop
Seat 4: tedo1969 folded before Flop (didn't bet)
Seat 5: medicalskunk folded before Flop (didn't bet)
Seat 6: aleks_ply folded before Flop (didn't bet)



PokerStars Zoom Hand #186524676007:  Hold'em No Limit ($0.01/$0.02) - 2018/05/17 20:30:01 CCT [2018/05/17 8:30:01 ET]
Table 'Halley' 6-max Seat #1 is the button
Seat 1: HubertusB ($1.41 in chips) 
Seat 2: VOLLE28 ($2.56 in chips) 
Seat 3: Garychu014 ($5.85 in chips) 
Seat 4: mystromark ($2.11 in chips) 
Seat 5: Fallen1989 ($4.82 in chips) 
Seat 6: slayers2012 ($2.75 in chips) 
VOLLE28: posts small blind $0.01
Garychu014: posts big blind $0.02
*** HOLE CARDS ***
Dealt to HubertusB [Jh 4d]
mystromark: folds 
Fallen1989: folds 
slayers2012: raises $0.04 to $0.06
HubertusB: folds 
VOLLE28: folds 
Garychu014: calls $0.04
*** FLOP *** [5s 3d 7s]
Garychu014: checks 
slayers2012: bets $0.07
Garychu014: calls $0.07
*** TURN *** [5s 3d 7s] [Th]
Garychu014: checks 
slayers2012: bets $0.13
Garychu014: folds 
Uncalled bet ($0.13) returned to slayers2012
slayers2012 collected $0.26 from pot
slayers2012: doesn't show hand 
*** SUMMARY ***
Total pot $0.27 | Rake $0.01 
Board [5s 3d 7s Th]
Seat 1: HubertusB (button) folded before Flop (didn't bet)
Seat 2: VOLLE28 (small blind) folded before Flop
Seat 3: Garychu014 (big blind) folded on the Turn
Seat 4: mystromark folded before Flop (didn't bet)
Seat 5: Fallen1989 folded before Flop (didn't bet)
Seat 6: slayers2012 collected ($0.26)



PokerStars Zoom Hand #186524694768:  Hold'em No Limit ($0.01/$0.02) - 2018/05/17 20:30:45 CCT [2018/05/17 8:30:45 ET]
Table 'Halley' 6-max Seat #1 is the button
Seat 1: Novikov_PM ($2.65 in chips) 
Seat 2: SellYourBody ($2.40 in chips) 
Seat 3: Woohoei ($2.63 in chips) 
Seat 4: belmain.by ($2.55 in chips) 
Seat 5: HubertusB ($1.43 in chips) 
Seat 6: SAHA3746 ($2.33 in chips) 
SellYourBody: posts small blind $0.01
Woohoei: posts big blind $0.02
*** HOLE CARDS ***
Dealt to HubertusB [Js 9d]
belmain.by: folds 
HubertusB: folds 
SAHA3746: folds 
Novikov_PM: folds 
SellYourBody: raises $0.04 to $0.06
Woohoei: raises $0.12 to $0.18
SellYourBody: calls $0.12
*** FLOP *** [8d Ts 4c]
SellYourBody: checks 
Woohoei: bets $0.19
SellYourBody: folds 
Uncalled bet ($0.19) returned to Woohoei
Woohoei collected $0.35 from pot
Woohoei: doesn't show hand 
*** SUMMARY ***
Total pot $0.36 | Rake $0.01 
Board [8d Ts 4c]
Seat 1: Novikov_PM (button) folded before Flop (didn't bet)
Seat 2: SellYourBody (small blind) folded on the Flop
Seat 3: Woohoei (big blind) collected ($0.35)
Seat 4: belmain.by folded before Flop (didn't bet)
Seat 5: HubertusB folded before Flop (didn't bet)
Seat 6: SAHA3746 folded before Flop (didn't bet)



PokerStars Zoom Hand #186524697655:  Hold'em No Limit ($0.01/$0.02) - 2018/05/17 20:30:52 CCT [2018/05/17 8:30:52 ET]
Table 'Halley' 6-max Seat #1 is the button
Seat 1: bratishka74 ($3.40 in chips) 
Seat 2: Shockrates101 ($2.46 in chips) 
Seat 3: mufan7777 ($1.96 in chips) 
Seat 4: TsaturianAA ($2 in chips) 
Seat 5: 22307070 ($2.96 in chips) 
Seat 6: HubertusB ($1.43 in chips) 
Shockrates101: posts small blind $0.01
mufan7777: posts big blind $0.02
*** HOLE CARDS ***
Dealt to HubertusB [9d 2d]
TsaturianAA: folds 
22307070: folds 
HubertusB: folds 
bratishka74: raises $0.04 to $0.06
Shockrates101: folds 
mufan7777: raises $0.12 to $0.18
bratishka74: folds 
Uncalled bet ($0.12) returned to mufan7777
mufan7777 collected $0.13 from pot
mufan7777: doesn't show hand 
*** SUMMARY ***
Total pot $0.13 | Rake $0 
Seat 1: bratishka74 (button) folded before Flop
Seat 2: Shockrates101 (small blind) folded before Flop
Seat 3: mufan7777 (big blind) collected ($0.13)
Seat 4: TsaturianAA folded before Flop (didn't bet)
Seat 5: 22307070 folded before Flop (didn't bet)
Seat 6: HubertusB folded before Flop (didn't bet)



PokerStars Zoom Hand #186524701084:  Hold'em No Limit ($0.01/$0.02) - 2018/05/17 20:31:00 CCT [2018/05/17 8:31:00 ET]
Table 'Halley' 6-max Seat #1 is the button
Seat 1: HubertusB ($1.43 in chips) 
Seat 2: Mike180380 ($5.62 in chips) 
Seat 3: pellion ($1.91 in chips) 
Seat 4: naccrath ($3.68 in chips) 
Seat 5: kilechka ($1 in chips) 
Seat 6: mufan7777 ($2.01 in chips) 
Mike180380: posts small blind $0.01
pellion: posts big blind $0.02
*** HOLE CARDS ***
Dealt to HubertusB [5s 4d]
naccrath: folds 
kilechka: folds 
mufan7777: raises $0.04 to $0.06
HubertusB: folds 
Mike180380: calls $0.05
pellion: folds 
*** FLOP *** [6h 8d Ts]
Mike180380: bets $0.14
mufan7777: folds 
Uncalled bet ($0.14) returned to Mike180380
Mike180380 collected $0.14 from pot
Mike180380: doesn't show hand 
*** SUMMARY ***
Total pot $0.14 | Rake $0 
Board [6h 8d Ts]
Seat 1: HubertusB (button) folded before Flop (didn't bet)
Seat 2: Mike180380 (small blind) collected ($0.14)
Seat 3: pellion (big blind) folded before Flop
Seat 4: naccrath folded before Flop (didn't bet)
Seat 5: kilechka folded before Flop (didn't bet)
Seat 6: mufan7777 folded on the Flop



PokerStars Zoom Hand #186524703265:  Hold'em No Limit ($0.01/$0.02) - 2018/05/17 20:31:05 CCT [2018/05/17 8:31:05 ET]
Table 'Halley' 6-max Seat #1 is the button
Seat 1: aloneinnoise ($4.41 in chips) 
Seat 2: svererii ($4.29 in chips) 
Seat 3: HubertusB ($1.43 in chips) 
Seat 4: Zhibus ($0.67 in chips) 
Seat 5: SPivasom ($4.06 in chips) 
Seat 6: mcjacksonoff ($2.19 in chips) 
svererii: posts small blind $0.01
HubertusB: posts big blind $0.02
*** HOLE CARDS ***
Dealt to HubertusB [Jc 8c]
Zhibus: folds 
SPivasom: folds 
mcjacksonoff: raises $0.03 to $0.05
aloneinnoise: folds 
svererii: folds 
HubertusB: raises $0.11 to $0.16
mcjacksonoff: calls $0.11
*** FLOP *** [7c Qs 6c]
HubertusB: bets $0.22
mcjacksonoff: folds 
Uncalled bet ($0.22) returned to HubertusB
HubertusB collected $0.32 from pot
HubertusB: doesn't show hand 
*** SUMMARY ***
Total pot $0.33 | Rake $0.01 
Board [7c Qs 6c]
Seat 1: aloneinnoise (button) folded before Flop (didn't bet)
Seat 2: svererii (small blind) folded before Flop
Seat 3: HubertusB (big blind) collected ($0.32)
Seat 4: Zhibus folded before Flop (didn't bet)
Seat 5: SPivasom folded before Flop (didn't bet)
Seat 6: mcjacksonoff folded on the Flop



PokerStars Zoom Hand #186524715486:  Hold'em No Limit ($0.01/$0.02) - 2018/05/17 20:31:34 CCT [2018/05/17 8:31:34 ET]
Table 'Halley' 6-max Seat #1 is the button
Seat 1: vitalgl74 ($2.52 in chips) 
Seat 2: HubertusB ($1.59 in chips) 
Seat 3: kakRenat ($3.69 in chips) 
Seat 4: medicalskunk ($3.65 in chips) 
Seat 5: kaza4ok1979 ($2.04 in chips) 
Seat 6: SellYourBody ($2 in chips) 
HubertusB: posts small blind $0.01
kakRenat: posts big blind $0.02
*** HOLE CARDS ***
Dealt to HubertusB [5h 8h]
medicalskunk: folds 
kaza4ok1979: folds 
SellYourBody: folds 
vitalgl74: folds 
HubertusB: raises $0.03 to $0.05
kakRenat: raises $0.07 to $0.12
HubertusB: folds 
Uncalled bet ($0.07) returned to kakRenat
kakRenat collected $0.10 from pot
kakRenat: doesn't show hand 
*** SUMMARY ***
Total pot $0.10 | Rake $0 
Seat 1: vitalgl74 (button) folded before Flop (didn't bet)
Seat 2: HubertusB (small blind) folded before Flop
Seat 3: kakRenat (big blind) collected ($0.10)
Seat 4: medicalskunk folded before Flop (didn't bet)
Seat 5: kaza4ok1979 folded before Flop (didn't bet)
Seat 6: SellYourBody folded before Flop (didn't bet)



PokerStars Zoom Hand #186524725211:  Hold'em No Limit ($0.01/$0.02) - 2018/05/17 20:31:57 CCT [2018/05/17 8:31:57 ET]
Table 'Halley' 6-max Seat #1 is the button
Seat 1: gehcastro ($2 in chips) 
Seat 2: Crowned SULA ($2.36 in chips) 
Seat 3: vitalgl74 ($2.95 in chips) 
Seat 4: HubertusB ($1.54 in chips) 
Seat 5: KessyoM ($1 in chips) 
Seat 6: vorobor ($2.03 in chips) 
Crowned SULA: posts small blind $0.01
vitalgl74: posts big blind $0.02
*** HOLE CARDS ***
Dealt to HubertusB [5h 9c]
HubertusB: folds 
KessyoM: folds 
vorobor: folds 
gehcastro: folds 
Crowned SULA: folds 
Uncalled bet ($0.01) returned to vitalgl74
vitalgl74 collected $0.02 from pot
vitalgl74: doesn't show hand 
*** SUMMARY ***
Total pot $0.02 | Rake $0 
Seat 1: gehcastro (button) folded before Flop (didn't bet)
Seat 2: Crowned SULA (small blind) folded before Flop
Seat 3: vitalgl74 (big blind) collected ($0.02)
Seat 4: HubertusB folded before Flop (didn't bet)
Seat 5: KessyoM folded before Flop (didn't bet)
Seat 6: vorobor folded before Flop (didn't bet)



PokerStars Zoom Hand #186524727303:  Hold'em No Limit ($0.01/$0.02) - 2018/05/17 20:32:02 CCT [2018/05/17 8:32:02 ET]
Table 'Halley' 6-max Seat #1 is the button
Seat 1: Maks19861604 ($0.92 in chips) 
Seat 2: bndt123 ($2.17 in chips) 
Seat 3: AGT1960 ($2.73 in chips) 
Seat 4: V1p.504 ($2.04 in chips) 
Seat 5: HubertusB ($1.54 in chips) 
Seat 6: medicalskunk ($2.09 in chips) 
bndt123: posts small blind $0.01
AGT1960: posts big blind $0.02
*** HOLE CARDS ***
Dealt to HubertusB [Kh Qs]
V1p.504: folds 
HubertusB: raises $0.03 to $0.05
medicalskunk: folds 
Maks19861604: calls $0.05
bndt123: folds 
AGT1960: folds 
*** FLOP *** [3c 7d 3h]
HubertusB: bets $0.05
Maks19861604: calls $0.05
*** TURN *** [3c 7d 3h] [3d]
HubertusB: checks 
Maks19861604: checks 
*** RIVER *** [3c 7d 3h 3d] [5h]
HubertusB: checks 
Maks19861604: bets $0.08
HubertusB: folds 
Uncalled bet ($0.08) returned to Maks19861604
Maks19861604 collected $0.22 from pot
Maks19861604: doesn't show hand 
*** SUMMARY ***
Total pot $0.23 | Rake $0.01 
Board [3c 7d 3h 3d 5h]
Seat 1: Maks19861604 (button) collected ($0.22)
Seat 2: bndt123 (small blind) folded before Flop
Seat 3: AGT1960 (big blind) folded before Flop
Seat 4: V1p.504 folded before Flop (didn't bet)
Seat 5: HubertusB folded on the River
Seat 6: medicalskunk folded before Flop (didn't bet)



PokerStars Zoom Hand #186524750495:  Hold'em No Limit ($0.01/$0.02) - 2018/05/17 20:32:57 CCT [2018/05/17 8:32:57 ET]
Table 'Halley' 6-max Seat #1 is the button
Seat 1: cryptozee ($3.78 in chips) 
Seat 2: asusone3 ($2.35 in chips) 
Seat 3: bigpdoc ($1.66 in chips) 
Seat 4: Rasmus333333 ($3.62 in chips) 
Seat 5: ivan show276 ($2.35 in chips) 
Seat 6: HubertusB ($1.44 in chips) 
asusone3: posts small blind $0.01
bigpdoc: posts big blind $0.02
*** HOLE CARDS ***
Dealt to HubertusB [7s 4h]
Rasmus333333: folds 
ivan show276: folds 
HubertusB: folds 
cryptozee: folds 
asusone3: folds 
Uncalled bet ($0.01) returned to bigpdoc
bigpdoc collected $0.02 from pot
bigpdoc: doesn't show hand 
*** SUMMARY ***
Total pot $0.02 | Rake $0 
Seat 1: cryptozee (button) folded before Flop (didn't bet)
Seat 2: asusone3 (small blind) folded before Flop
Seat 3: bigpdoc (big blind) collected ($0.02)
Seat 4: Rasmus333333 folded before Flop (didn't bet)
Seat 5: ivan show276 folded before Flop (didn't bet)
Seat 6: HubertusB folded before Flop (didn't bet)



PokerStars Zoom Hand #186524758048:  Hold'em No Limit ($0.01/$0.02) - 2018/05/17 20:33:15 CCT [2018/05/17 8:33:15 ET]
Table 'Halley' 6-max Seat #1 is the button
Seat 1: HubertusB ($1.42 in chips) 
Seat 2: kolacar ($2.42 in chips) 
Seat 3: mamaMarilyn ($2.32 in chips) 
Seat 4: duvallwbb ($2.17 in chips) 
Seat 5: 00Watty00 ($3.20 in chips) 
Seat 6: SAHA3746 ($2.45 in chips) 
kolacar: posts small blind $0.01
mamaMarilyn: posts big blind $0.02
*** HOLE CARDS ***
Dealt to HubertusB [2h 3s]
duvallwbb: folds 
00Watty00: folds 
SAHA3746: folds 
HubertusB: folds 
kolacar: folds 
Uncalled bet ($0.01) returned to mamaMarilyn
mamaMarilyn collected $0.02 from pot
mamaMarilyn: doesn't show hand 
*** SUMMARY ***
Total pot $0.02 | Rake $0 
Seat 1: HubertusB (button) folded before Flop (didn't bet)
Seat 2: kolacar (small blind) folded before Flop
Seat 3: mamaMarilyn (big blind) collected ($0.02)
Seat 4: duvallwbb folded before Flop (didn't bet)
Seat 5: 00Watty00 folded before Flop (didn't bet)
Seat 6: SAHA3746 folded before Flop (didn't bet)



PokerStars Zoom Hand #186524753014:  Hold'em No Limit ($0.01/$0.02) - 2018/05/17 20:33:03 CCT [2018/05/17 8:33:03 ET]
Table 'Halley' 6-max Seat #1 is the button
Seat 1: 4810gc ($1.96 in chips) 
Seat 2: Neptune27 ($2.06 in chips) 
Seat 3: immunepwnz9 ($0.26 in chips) 
Seat 4: HubertusB ($1.44 in chips) 
Seat 5: Xyligan230 ($3.86 in chips) 
Seat 6: DolorumP ($1.43 in chips) 
Neptune27: posts small blind $0.01
immunepwnz9: posts big blind $0.02
*** HOLE CARDS ***
Dealt to HubertusB [Ah 9s]
HubertusB: folds 
Xyligan230: folds 
DolorumP: folds 
4810gc: folds 
Neptune27: raises $0.02 to $0.04
immunepwnz9: calls $0.02
*** FLOP *** [8d Jd 6h]
Neptune27: bets $0.05
immunepwnz9: raises $0.07 to $0.12
Neptune27: folds 
Uncalled bet ($0.07) returned to immunepwnz9
immunepwnz9 collected $0.17 from pot
immunepwnz9: doesn't show hand 
*** SUMMARY ***
Total pot $0.18 | Rake $0.01 
Board [8d Jd 6h]
Seat 1: 4810gc (button) folded before Flop (didn't bet)
Seat 2: Neptune27 (small blind) folded on the Flop
Seat 3: immunepwnz9 (big blind) collected ($0.17)
Seat 4: HubertusB folded before Flop (didn't bet)
Seat 5: Xyligan230 folded before Flop (didn't bet)
Seat 6: DolorumP folded before Flop (didn't bet)



PokerStars Zoom Hand #186524760562:  Hold'em No Limit ($0.01/$0.02) - 2018/05/17 20:33:21 CCT [2018/05/17 8:33:21 ET]
Table 'Halley' 6-max Seat #1 is the button
Seat 1: mitroicata ($1.94 in chips) 
Seat 2: HubertusB ($1.42 in chips) 
Seat 3: Fostal_by ($2.19 in chips) 
Seat 4: GipsyGigolo1 ($1.95 in chips) 
Seat 5: ykos14 ($1.94 in chips) 
Seat 6: sunao1983 ($2.01 in chips) 
HubertusB: posts small blind $0.01
Fostal_by: posts big blind $0.02
*** HOLE CARDS ***
Dealt to HubertusB [6c 6s]
GipsyGigolo1: folds 
ykos14: folds 
sunao1983: folds 
mitroicata: raises $0.04 to $0.06
HubertusB: calls $0.05
Fostal_by: calls $0.04
*** FLOP *** [Kd Jc 2c]
HubertusB: checks 
Fostal_by: checks 
mitroicata: bets $0.08
HubertusB: folds 
Fostal_by: folds 
Uncalled bet ($0.08) returned to mitroicata
mitroicata collected $0.17 from pot
mitroicata: doesn't show hand 
*** SUMMARY ***
Total pot $0.18 | Rake $0.01 
Board [Kd Jc 2c]
Seat 1: mitroicata (button) collected ($0.17)
Seat 2: HubertusB (small blind) folded on the Flop
Seat 3: Fostal_by (big blind) folded on the Flop
Seat 4: GipsyGigolo1 folded before Flop (didn't bet)
Seat 5: ykos14 folded before Flop (didn't bet)
Seat 6: sunao1983 folded before Flop (didn't bet)



PokerStars Zoom Hand #186524755562:  Hold'em No Limit ($0.01/$0.02) - 2018/05/17 20:33:09 CCT [2018/05/17 8:33:09 ET]
Table 'Halley' 6-max Seat #1 is the button
Seat 1: vilivegas ($2.46 in chips) 
Seat 2: IcsanyI ($2.33 in chips) 
Seat 3: HubertusB ($1.44 in chips) 
Seat 4: Kucher2 ($4.40 in chips) 
Seat 5: Chuavechito018 ($4.71 in chips) 
Seat 6: mamaMarilyn ($2.32 in chips) 
IcsanyI: posts small blind $0.01
HubertusB: posts big blind $0.02
*** HOLE CARDS ***
Dealt to HubertusB [2h Td]
Kucher2: raises $0.04 to $0.06
Chuavechito018: folds 
mamaMarilyn: folds 
vilivegas: folds 
IcsanyI: raises $0.14 to $0.20
HubertusB: folds 
Kucher2: calls $0.14
*** FLOP *** [Th 8c 6h]
IcsanyI: checks 
Kucher2: bets $0.20
IcsanyI: calls $0.20
*** TURN *** [Th 8c 6h] [3s]
IcsanyI: checks 
Kucher2: bets $0.55
IcsanyI: raises $1.38 to $1.93 and is all-in
Kucher2: calls $1.38
*** RIVER *** [Th 8c 6h 3s] [7s]
*** SHOW DOWN ***
IcsanyI: shows [8h 9h] (a straight, Six to Ten)
Kucher2: shows [Qs Qc] (a pair of Queens)
IcsanyI collected $4.52 from pot
*** SUMMARY ***
Total pot $4.68 | Rake $0.16 
Board [Th 8c 6h 3s 7s]
Seat 1: vilivegas (button) folded before Flop (didn't bet)
Seat 2: IcsanyI (small blind) showed [8h 9h] and won ($4.52) with a straight, Six to Ten
Seat 3: HubertusB (big blind) folded before Flop
Seat 4: Kucher2 showed [Qs Qc] and lost with a pair of Queens
Seat 5: Chuavechito018 folded before Flop (didn't bet)
Seat 6: mamaMarilyn folded before Flop (didn't bet)



PokerStars Zoom Hand #186524775213:  Hold'em No Limit ($0.01/$0.02) - 2018/05/17 20:33:56 CCT [2018/05/17 8:33:56 ET]
Table 'Halley' 6-max Seat #1 is the button
Seat 1: MagicArchibaldo ($2.94 in chips) 
Seat 2: ADAzon ($2.43 in chips) 
Seat 3: yarmiks ($3.39 in chips) 
Seat 4: NadDea ($1.90 in chips) 
Seat 5: PavGur77 ($1.92 in chips) 
Seat 6: HubertusB ($1.36 in chips) 
ADAzon: posts small blind $0.01
yarmiks: posts big blind $0.02
*** HOLE CARDS ***
Dealt to HubertusB [8s 2s]
NadDea: folds 
PavGur77: folds 
HubertusB: folds 
MagicArchibaldo: folds 
ADAzon: raises $0.04 to $0.06
yarmiks: calls $0.04
*** FLOP *** [Td Qc 9h]
ADAzon: bets $0.08
yarmiks: folds 
Uncalled bet ($0.08) returned to ADAzon
ADAzon collected $0.12 from pot
ADAzon: doesn't show hand 
*** SUMMARY ***
Total pot $0.12 | Rake $0 
Board [Td Qc 9h]
Seat 1: MagicArchibaldo (button) folded before Flop (didn't bet)
Seat 2: ADAzon (small blind) collected ($0.12)
Seat 3: yarmiks (big blind) folded on the Flop
Seat 4: NadDea folded before Flop (didn't bet)
Seat 5: PavGur77 folded before Flop (didn't bet)
Seat 6: HubertusB folded before Flop (didn't bet)



PokerStars Zoom Hand #186524785377:  Hold'em No Limit ($0.01/$0.02) - 2018/05/17 20:34:20 CCT [2018/05/17 8:34:20 ET]
Table 'Halley' 6-max Seat #1 is the button
Seat 1: HubertusB ($1.34 in chips) 
Seat 2: 00Watty00 ($3.02 in chips) 
Seat 3: PyKuKpaHoM ($2.46 in chips) 
Seat 4: kolacar ($2.41 in chips) 
Seat 5: cjutras ($1.95 in chips) 
Seat 6: mohandes81 ($12.64 in chips) 
00Watty00: posts small blind $0.01
PyKuKpaHoM: posts big blind $0.02
*** HOLE CARDS ***
Dealt to HubertusB [3s 5h]
kolacar: folds 
cjutras: folds 
mohandes81: raises $0.04 to $0.06
HubertusB: folds 
00Watty00: folds 
PyKuKpaHoM: folds 
Uncalled bet ($0.04) returned to mohandes81
mohandes81 collected $0.05 from pot
mohandes81: doesn't show hand 
*** SUMMARY ***
Total pot $0.05 | Rake $0 
Seat 1: HubertusB (button) folded before Flop (didn't bet)
Seat 2: 00Watty00 (small blind) folded before Flop
Seat 3: PyKuKpaHoM (big blind) folded before Flop
Seat 4: kolacar folded before Flop (didn't bet)
Seat 5: cjutras folded before Flop (didn't bet)
Seat 6: mohandes81 collected ($0.05)



PokerStars Zoom Hand #186524782507:  Hold'em No Limit ($0.01/$0.02) - 2018/05/17 20:34:13 CCT [2018/05/17 8:34:13 ET]
Table 'Halley' 6-max Seat #1 is the button
Seat 1: Savavlad97 ($4.67 in chips) 
Seat 2: viigrivau ($2.21 in chips) 
Seat 3: jessie011628 ($1.97 in chips) 
Seat 4: PavGur77 ($1.97 in chips) 
Seat 5: HubertusB ($1.34 in chips) 
Seat 6: muschi919 ($1.93 in chips) 
viigrivau: posts small blind $0.01
jessie011628: posts big blind $0.02
*** HOLE CARDS ***
Dealt to HubertusB [6d 2c]
PavGur77: folds 
HubertusB: folds 
muschi919: folds 
Savavlad97: raises $0.03 to $0.05
viigrivau: raises $0.12 to $0.17
jessie011628: folds 
Savavlad97: folds 
Uncalled bet ($0.12) returned to viigrivau
viigrivau collected $0.12 from pot
viigrivau: doesn't show hand 
*** SUMMARY ***
Total pot $0.12 | Rake $0 
Seat 1: Savavlad97 (button) folded before Flop
Seat 2: viigrivau (small blind) collected ($0.12)
Seat 3: jessie011628 (big blind) folded before Flop
Seat 4: PavGur77 folded before Flop (didn't bet)
Seat 5: HubertusB folded before Flop (didn't bet)
Seat 6: muschi919 folded before Flop (didn't bet)



PokerStars Zoom Hand #186524777705:  Hold'em No Limit ($0.01/$0.02) - 2018/05/17 20:34:02 CCT [2018/05/17 8:34:02 ET]
Table 'Halley' 6-max Seat #1 is the button
Seat 1: nemesis8791 ($2.61 in chips) 
Seat 2: Saukra ($3 in chips) 
Seat 3: HubertusB ($1.36 in chips) 
Seat 4: Neptune27 ($2.52 in chips) 
Seat 5: markos8366 ($2.01 in chips) 
Seat 6: egiu28 ($1.60 in chips) 
Saukra: posts small blind $0.01
HubertusB: posts big blind $0.02
*** HOLE CARDS ***
Dealt to HubertusB [2d 3h]
Neptune27: folds 
markos8366: folds 
egiu28: folds 
nemesis8791: raises $0.04 to $0.06
Saukra: raises $0.12 to $0.18
HubertusB: folds 
nemesis8791: calls $0.12
*** FLOP *** [4d 7h Qc]
Saukra: bets $0.22
nemesis8791: calls $0.22
*** TURN *** [4d 7h Qc] [6d]
Saukra: bets $0.79
nemesis8791: calls $0.79
*** RIVER *** [4d 7h Qc 6d] [4s]
Saukra: bets $1.81 and is all-in
nemesis8791: folds 
Uncalled bet ($1.81) returned to Saukra
Saukra collected $2.32 from pot
Saukra: doesn't show hand 
*** SUMMARY ***
Total pot $2.40 | Rake $0.08 
Board [4d 7h Qc 6d 4s]
Seat 1: nemesis8791 (button) folded on the River
Seat 2: Saukra (small blind) collected ($2.32)
Seat 3: HubertusB (big blind) folded before Flop
Seat 4: Neptune27 folded before Flop (didn't bet)
Seat 5: markos8366 folded before Flop (didn't bet)
Seat 6: egiu28 folded before Flop (didn't bet)



PokerStars Zoom Hand #186524787954:  Hold'em No Limit ($0.01/$0.02) - 2018/05/17 20:34:26 CCT [2018/05/17 8:34:26 ET]
Table 'Halley' 6-max Seat #1 is the button
Seat 1: zorino19 ($1.15 in chips) 
Seat 2: AVyiO ($3.56 in chips) 
Seat 3: Davydovden34 ($4.45 in chips) 
Seat 4: HubertusB ($1.34 in chips) 
Seat 5: hirsch262 ($2.11 in chips) 
Seat 6: Seva1386 ($2.17 in chips) 
AVyiO: posts small blind $0.01
Davydovden34: posts big blind $0.02
*** HOLE CARDS ***
Dealt to HubertusB [8c Jh]
HubertusB: folds 
hirsch262: raises $0.04 to $0.06
Seva1386: folds 
zorino19: folds 
AVyiO: folds 
Davydovden34: folds 
Uncalled bet ($0.04) returned to hirsch262
hirsch262 collected $0.05 from pot
hirsch262: doesn't show hand 
*** SUMMARY ***
Total pot $0.05 | Rake $0 
Seat 1: zorino19 (button) folded before Flop (didn't bet)
Seat 2: AVyiO (small blind) folded before Flop
Seat 3: Davydovden34 (big blind) folded before Flop
Seat 4: HubertusB folded before Flop (didn't bet)
Seat 5: hirsch262 collected ($0.05)
Seat 6: Seva1386 folded before Flop (didn't bet)



PokerStars Zoom Hand #186524789957:  Hold'em No Limit ($0.01/$0.02) - 2018/05/17 20:34:31 CCT [2018/05/17 8:34:31 ET]
Table 'Halley' 6-max Seat #1 is the button
Seat 1: 888lifeIS ($2.25 in chips) 
Seat 2: HubertusB ($1.34 in chips) 
Seat 3: kilechka ($2.22 in chips) 
Seat 4: DacianDracoRex ($2.45 in chips) 
Seat 5: PyKuKpaHoM ($2.44 in chips) 
Seat 6: Marcianoit ($1.18 in chips) 
HubertusB: posts small blind $0.01
kilechka: posts big blind $0.02
*** HOLE CARDS ***
Dealt to HubertusB [Th 2h]
DacianDracoRex: folds 
PyKuKpaHoM: folds 
Marcianoit: calls $0.02
888lifeIS: raises $0.07 to $0.09
HubertusB: folds 
kilechka: folds 
Marcianoit: calls $0.07
*** FLOP *** [Ks 3s 8s]
Marcianoit: bets $1.09 and is all-in
888lifeIS: calls $1.09
*** TURN *** [Ks 3s 8s] [2c]
*** RIVER *** [Ks 3s 8s 2c] [5c]
*** SHOW DOWN ***
Marcianoit: shows [5s 9s] (a flush, King high)
888lifeIS: shows [4c Kc] (a pair of Kings)
Marcianoit collected $2.31 from pot
*** SUMMARY ***
Total pot $2.39 | Rake $0.08 
Board [Ks 3s 8s 2c 5c]
Seat 1: 888lifeIS (button) showed [4c Kc] and lost with a pair of Kings
Seat 2: HubertusB (small blind) folded before Flop
Seat 3: kilechka (big blind) folded before Flop
Seat 4: DacianDracoRex folded before Flop (didn't bet)
Seat 5: PyKuKpaHoM folded before Flop (didn't bet)
Seat 6: Marcianoit showed [5s 9s] and won ($2.31) with a flush, King high



PokerStars Zoom Hand #186524794248:  Hold'em No Limit ($0.01/$0.02) - 2018/05/17 20:34:41 CCT [2018/05/17 8:34:41 ET]
Table 'Halley' 6-max Seat #1 is the button
Seat 1: HubertusB ($1.33 in chips) 
Seat 2: ziaki0000 ($6.62 in chips) 
Seat 3: helicocat ($1.92 in chips) 
Seat 4: Kucher2 ($1.89 in chips) 
Seat 5: Crowned SULA ($2.21 in chips) 
Seat 6: armor4085 ($3.33 in chips) 
ziaki0000: posts small blind $0.01
helicocat: posts big blind $0.02
*** HOLE CARDS ***
Dealt to HubertusB [4h Qc]
Kucher2: folds 
Crowned SULA: folds 
armor4085: folds 
HubertusB: folds 
ziaki0000: raises $0.04 to $0.06
helicocat: folds 
Uncalled bet ($0.04) returned to ziaki0000
ziaki0000 collected $0.04 from pot
ziaki0000: doesn't show hand 
*** SUMMARY ***
Total pot $0.04 | Rake $0 
Seat 1: HubertusB (button) folded before Flop (didn't bet)
Seat 2: ziaki0000 (small blind) collected ($0.04)
Seat 3: helicocat (big blind) folded before Flop
Seat 4: Kucher2 folded before Flop (didn't bet)
Seat 5: Crowned SULA folded before Flop (didn't bet)
Seat 6: armor4085 folded before Flop (didn't bet)



PokerStars Zoom Hand #186524798409:  Hold'em No Limit ($0.01/$0.02) - 2018/05/17 20:34:51 CCT [2018/05/17 8:34:51 ET]
Table 'Halley' 6-max Seat #1 is the button
Seat 1: minimum0007 ($1.57 in chips) 
Seat 2: HubertusB ($1.33 in chips) 
Seat 3: DoctorVasia ($2.68 in chips) 
Seat 4: dsibirin ($2.35 in chips) 
Seat 5: ghisbug ($1.09 in chips) 
Seat 6: Themultiman ($1.63 in chips) 
HubertusB: posts small blind $0.01
DoctorVasia: posts big blind $0.02
*** HOLE CARDS ***
Dealt to HubertusB [Kh 2s]
dsibirin: folds 
ghisbug: raises $0.04 to $0.06
Themultiman: folds 
minimum0007: folds 
HubertusB: folds 
DoctorVasia: calls $0.04
*** FLOP *** [9d Ah Ad]
DoctorVasia: checks 
ghisbug: checks 
*** TURN *** [9d Ah Ad] [Qd]
DoctorVasia: checks 
ghisbug: checks 
*** RIVER *** [9d Ah Ad Qd] [Jh]
DoctorVasia: checks 
ghisbug: checks 
*** SHOW DOWN ***
DoctorVasia: shows [8s Ts] (a straight, Eight to Queen)
ghisbug: mucks hand 
DoctorVasia collected $0.13 from pot
*** SUMMARY ***
Total pot $0.13 | Rake $0 
Board [9d Ah Ad Qd Jh]
Seat 1: minimum0007 (button) folded before Flop (didn't bet)
Seat 2: HubertusB (small blind) folded before Flop
Seat 3: DoctorVasia (big blind) showed [8s Ts] and won ($0.13) with a straight, Eight to Queen
Seat 4: dsibirin folded before Flop (didn't bet)
Seat 5: ghisbug mucked [Jd Ks]
Seat 6: Themultiman folded before Flop (didn't bet)



PokerStars Zoom Hand #186524802561:  Hold'em No Limit ($0.01/$0.02) - 2018/05/17 20:35:01 CCT [2018/05/17 8:35:01 ET]
Table 'Halley' 6-max Seat #1 is the button
Seat 1: Rep_Nothing ($2.75 in chips) 
Seat 2: 1blanqueanu1 ($2.92 in chips) 
Seat 3: maflux ($2.06 in chips) 
Seat 4: spazzycanuck ($2.54 in chips) 
Seat 5: dtlt11 ($1.30 in chips) 
Seat 6: HubertusB ($1.32 in chips) 
1blanqueanu1: posts small blind $0.01
maflux: posts big blind $0.02
*** HOLE CARDS ***
Dealt to HubertusB [6d 6s]
spazzycanuck: folds 
dtlt11: folds 
HubertusB: raises $0.03 to $0.05
Rep_Nothing: folds 
1blanqueanu1: folds 
maflux: folds 
Uncalled bet ($0.03) returned to HubertusB
HubertusB collected $0.05 from pot
HubertusB: doesn't show hand 
*** SUMMARY ***
Total pot $0.05 | Rake $0 
Seat 1: Rep_Nothing (button) folded before Flop (didn't bet)
Seat 2: 1blanqueanu1 (small blind) folded before Flop
Seat 3: maflux (big blind) folded before Flop
Seat 4: spazzycanuck folded before Flop (didn't bet)
Seat 5: dtlt11 folded before Flop (didn't bet)
Seat 6: HubertusB collected ($0.05)



PokerStars Zoom Hand #186524810520:  Hold'em No Limit ($0.01/$0.02) - 2018/05/17 20:35:20 CCT [2018/05/17 8:35:20 ET]
Table 'Halley' 6-max Seat #1 is the button
Seat 1: GrevBobby ($5.40 in chips) 
Seat 2: krosh05 ($2.28 in chips) 
Seat 3: HubertusB ($2 in chips) 
Seat 4: naokiti ($2.18 in chips) 
Seat 5: George031988 ($2 in chips) 
Seat 6: honu347 ($1.76 in chips) 
krosh05: posts small blind $0.01
HubertusB: posts big blind $0.02
*** HOLE CARDS ***
Dealt to HubertusB [Qd 5c]
naokiti: folds 
George031988: folds 
honu347: folds 
GrevBobby: folds 
krosh05: folds 
Uncalled bet ($0.01) returned to HubertusB
HubertusB collected $0.02 from pot
HubertusB: doesn't show hand 
*** SUMMARY ***
Total pot $0.02 | Rake $0 
Seat 1: GrevBobby (button) folded before Flop (didn't bet)
Seat 2: krosh05 (small blind) folded before Flop
Seat 3: HubertusB (big blind) collected ($0.02)
Seat 4: naokiti folded before Flop (didn't bet)
Seat 5: George031988 folded before Flop (didn't bet)
Seat 6: honu347 folded before Flop (didn't bet)



PokerStars Zoom Hand #186524814680:  Hold'em No Limit ($0.01/$0.02) - 2018/05/17 20:35:30 CCT [2018/05/17 8:35:30 ET]
Table 'Halley' 6-max Seat #1 is the button
Seat 1: Savavlad97 ($4.85 in chips) 
Seat 2: JeanHavoc ($2.72 in chips) 
Seat 3: salomone29 ($1.35 in chips) 
Seat 4: HubertusB ($2.01 in chips) 
Seat 5: Fostal_by ($3.42 in chips) 
Seat 6: sparky585 ($2.02 in chips) 
JeanHavoc: posts small blind $0.01
salomone29: posts big blind $0.02
*** HOLE CARDS ***
Dealt to HubertusB [3s Js]
HubertusB: folds 
Fostal_by: folds 
sparky585: folds 
Savavlad97: folds 
JeanHavoc: raises $0.04 to $0.06
salomone29: calls $0.04
*** FLOP *** [Ks 7h 9d]
JeanHavoc: checks 
salomone29: checks 
*** TURN *** [Ks 7h 9d] [8d]
JeanHavoc: bets $0.10
salomone29: folds 
Uncalled bet ($0.10) returned to JeanHavoc
JeanHavoc collected $0.12 from pot
JeanHavoc: doesn't show hand 
*** SUMMARY ***
Total pot $0.12 | Rake $0 
Board [Ks 7h 9d 8d]
Seat 1: Savavlad97 (button) folded before Flop (didn't bet)
Seat 2: JeanHavoc (small blind) collected ($0.12)
Seat 3: salomone29 (big blind) folded on the Turn
Seat 4: HubertusB folded before Flop (didn't bet)
Seat 5: Fostal_by folded before Flop (didn't bet)
Seat 6: sparky585 folded before Flop (didn't bet)



PokerStars Zoom Hand #186524817267:  Hold'em No Limit ($0.01/$0.02) - 2018/05/17 20:35:36 CCT [2018/05/17 8:35:36 ET]
Table 'Halley' 6-max Seat #1 is the button
Seat 1: arnebever ($2.40 in chips) 
Seat 2: iLLuRi ($2.49 in chips) 
Seat 3: SPivasom ($2.92 in chips) 
Seat 4: semirami2 ($2.28 in chips) 
Seat 5: SellYourBody ($2.16 in chips) 
Seat 6: HubertusB ($2.01 in chips) 
iLLuRi: posts small blind $0.01
SPivasom: posts big blind $0.02
*** HOLE CARDS ***
Dealt to HubertusB [8s 5h]
semirami2: folds 
SellYourBody: folds 
HubertusB: folds 
arnebever: folds 
iLLuRi: folds 
Uncalled bet ($0.01) returned to SPivasom
SPivasom collected $0.02 from pot
SPivasom: doesn't show hand 
*** SUMMARY ***
Total pot $0.02 | Rake $0 
Seat 1: arnebever (button) folded before Flop (didn't bet)
Seat 2: iLLuRi (small blind) folded before Flop
Seat 3: SPivasom (big blind) collected ($0.02)
Seat 4: semirami2 folded before Flop (didn't bet)
Seat 5: SellYourBody folded before Flop (didn't bet)
Seat 6: HubertusB folded before Flop (didn't bet)



PokerStars Zoom Hand #186524820954:  Hold'em No Limit ($0.01/$0.02) - 2018/05/17 20:35:45 CCT [2018/05/17 8:35:45 ET]
Table 'Halley' 6-max Seat #1 is the button
Seat 1: Protas-Pan ($3.11 in chips) 
Seat 2: Stonemaul ($2 in chips) 
Seat 3: Mike180380 ($5.21 in chips) 
Seat 4: fabrikant21 ($2 in chips) 
Seat 5: HubertusB ($2.01 in chips) 
Seat 6: koufodinas32 ($2.26 in chips) 
Stonemaul: posts small blind $0.01
Mike180380: posts big blind $0.02
*** HOLE CARDS ***
Dealt to HubertusB [Jc 6s]
fabrikant21: folds 
HubertusB: folds 
koufodinas32: folds 
Protas-Pan: raises $0.04 to $0.06
Stonemaul: folds 
Mike180380: folds 
Uncalled bet ($0.04) returned to Protas-Pan
Protas-Pan collected $0.05 from pot
Protas-Pan: doesn't show hand 
*** SUMMARY ***
Total pot $0.05 | Rake $0 
Seat 1: Protas-Pan (button) collected ($0.05)
Seat 2: Stonemaul (small blind) folded before Flop
Seat 3: Mike180380 (big blind) folded before Flop
Seat 4: fabrikant21 folded before Flop (didn't bet)
Seat 5: HubertusB folded before Flop (didn't bet)
Seat 6: koufodinas32 folded before Flop (didn't bet)



PokerStars Zoom Hand #186524830095:  Hold'em No Limit ($0.01/$0.02) - 2018/05/17 20:36:07 CCT [2018/05/17 8:36:07 ET]
Table 'Halley' 6-max Seat #1 is the button
Seat 1: gds2003 ($1.95 in chips) 
Seat 2: mufan7777 ($2.33 in chips) 
Seat 3: IMMPORT@L ($2.14 in chips) 
Seat 4: aferist1212 ($2.58 in chips) 
Seat 5: HubertusB ($2.01 in chips) 
Seat 6: duzy33 ($4.90 in chips) 
mufan7777: posts small blind $0.01
IMMPORT@L: posts big blind $0.02
*** HOLE CARDS ***
Dealt to HubertusB [As 4h]
aferist1212: raises $0.10 to $0.12
HubertusB: folds 
duzy33: folds 
gds2003: folds 
mufan7777: folds 
IMMPORT@L: folds 
Uncalled bet ($0.10) returned to aferist1212
aferist1212 collected $0.05 from pot
aferist1212: doesn't show hand 
*** SUMMARY ***
Total pot $0.05 | Rake $0 
Seat 1: gds2003 (button) folded before Flop (didn't bet)
Seat 2: mufan7777 (small blind) folded before Flop
Seat 3: IMMPORT@L (big blind) folded before Flop
Seat 4: aferist1212 collected ($0.05)
Seat 5: HubertusB folded before Flop (didn't bet)
Seat 6: duzy33 folded before Flop (didn't bet)



PokerStars Zoom Hand #186524832615:  Hold'em No Limit ($0.01/$0.02) - 2018/05/17 20:36:13 CCT [2018/05/17 8:36:13 ET]
Table 'Halley' 6-max Seat #1 is the button
Seat 1: HubertusB ($2.01 in chips) 
Seat 2: koufodinas32 ($2.11 in chips) 
Seat 3: ivan show276 ($2 in chips) 
Seat 4: leonidsss ($2.10 in chips) 
Seat 5: S1mpa69 ($2.03 in chips) 
Seat 6: Immortallity1 ($2.18 in chips) 
koufodinas32: posts small blind $0.01
ivan show276: posts big blind $0.02
*** HOLE CARDS ***
Dealt to HubertusB [Ks 3d]
leonidsss: folds 
S1mpa69: folds 
Immortallity1: folds 
HubertusB: folds 
koufodinas32: raises $0.04 to $0.06
ivan show276: folds 
Uncalled bet ($0.04) returned to koufodinas32
koufodinas32 collected $0.04 from pot
koufodinas32: doesn't show hand 
*** SUMMARY ***
Total pot $0.04 | Rake $0 
Seat 1: HubertusB (button) folded before Flop (didn't bet)
Seat 2: koufodinas32 (small blind) collected ($0.04)
Seat 3: ivan show276 (big blind) folded before Flop
Seat 4: leonidsss folded before Flop (didn't bet)
Seat 5: S1mpa69 folded before Flop (didn't bet)
Seat 6: Immortallity1 folded before Flop (didn't bet)



PokerStars Zoom Hand #186524835980:  Hold'em No Limit ($0.01/$0.02) - 2018/05/17 20:36:21 CCT [2018/05/17 8:36:21 ET]
Table 'Halley' 6-max Seat #1 is the button
Seat 1: spazzycanuck ($2.73 in chips) 
Seat 2: lll MAXV lll ($2.05 in chips) 
Seat 3: HubertusB ($2.01 in chips) 
Seat 4: ahahahaha203 ($1.46 in chips) 
Seat 5: MrPokerProAA ($5.91 in chips) 
Seat 6: Protas-Pan ($6.20 in chips) 
lll MAXV lll: posts small blind $0.01
HubertusB: posts big blind $0.02
*** HOLE CARDS ***
Dealt to HubertusB [9s 2h]
ahahahaha203: raises $0.04 to $0.06
MrPokerProAA: folds 
Protas-Pan: folds 
spazzycanuck: folds 
lll MAXV lll: folds 
HubertusB: folds 
Uncalled bet ($0.04) returned to ahahahaha203
ahahahaha203 collected $0.05 from pot
ahahahaha203: doesn't show hand 
*** SUMMARY ***
Total pot $0.05 | Rake $0 
Seat 1: spazzycanuck (button) folded before Flop (didn't bet)
Seat 2: lll MAXV lll (small blind) folded before Flop
Seat 3: HubertusB (big blind) folded before Flop
Seat 4: ahahahaha203 collected ($0.05)
Seat 5: MrPokerProAA folded before Flop (didn't bet)
Seat 6: Protas-Pan folded before Flop (didn't bet)



PokerStars Zoom Hand #186524839389:  Hold'em No Limit ($0.01/$0.02) - 2018/05/17 20:36:29 CCT [2018/05/17 8:36:29 ET]
Table 'Halley' 6-max Seat #1 is the button
Seat 1: lemuriits ($2.13 in chips) 
Seat 2: aferist1212 ($1.01 in chips) 
Seat 3: Johneik ($2 in chips) 
Seat 4: HubertusB ($1.99 in chips) 
Seat 5: pastyr777 ($2 in chips) 
Seat 6: betninja928 ($2 in chips) 
aferist1212: posts small blind $0.01
Johneik: posts big blind $0.02
*** HOLE CARDS ***
Dealt to HubertusB [3s Th]
HubertusB: folds 
pastyr777: folds 
betninja928: folds 
lemuriits: folds 
aferist1212: folds 
Uncalled bet ($0.01) returned to Johneik
Johneik collected $0.02 from pot
Johneik: doesn't show hand 
*** SUMMARY ***
Total pot $0.02 | Rake $0 
Seat 1: lemuriits (button) folded before Flop (didn't bet)
Seat 2: aferist1212 (small blind) folded before Flop
Seat 3: Johneik (big blind) collected ($0.02)
Seat 4: HubertusB folded before Flop (didn't bet)
Seat 5: pastyr777 folded before Flop (didn't bet)
Seat 6: betninja928 folded before Flop (didn't bet)



PokerStars Zoom Hand #186524843547:  Hold'em No Limit ($0.01/$0.02) - 2018/05/17 20:36:39 CCT [2018/05/17 8:36:39 ET]
Table 'Halley' 6-max Seat #1 is the button
Seat 1: nemesis8791 ($1.49 in chips) 
Seat 2: jessie011628 ($1.04 in chips) 
Seat 3: medicalskunk ($5.45 in chips) 
Seat 4: HubertusB ($1.98 in chips) 
Seat 5: krosh05 ($2.24 in chips) 
Seat 6: 4810gc ($2.30 in chips) 
jessie011628: posts small blind $0.01
medicalskunk: posts big blind $0.02
*** HOLE CARDS ***
Dealt to HubertusB [6s 7c]
HubertusB: folds 
krosh05: folds 
4810gc: folds 
nemesis8791: folds 
jessie011628: raises $0.04 to $0.06
medicalskunk: calls $0.04
*** FLOP *** [As 6d Kd]
jessie011628: bets $0.12
medicalskunk: folds 
Uncalled bet ($0.12) returned to jessie011628
jessie011628 collected $0.12 from pot
jessie011628: doesn't show hand 
*** SUMMARY ***
Total pot $0.12 | Rake $0 
Board [As 6d Kd]
Seat 1: nemesis8791 (button) folded before Flop (didn't bet)
Seat 2: jessie011628 (small blind) collected ($0.12)
Seat 3: medicalskunk (big blind) folded on the Flop
Seat 4: HubertusB folded before Flop (didn't bet)
Seat 5: krosh05 folded before Flop (didn't bet)
Seat 6: 4810gc folded before Flop (didn't bet)



PokerStars Zoom Hand #186524841448:  Hold'em No Limit ($0.01/$0.02) - 2018/05/17 20:36:34 CCT [2018/05/17 8:36:34 ET]
Table 'Halley' 6-max Seat #1 is the button
Seat 1: mitroicata ($2.05 in chips) 
Seat 2: HubertusB ($1.99 in chips) 
Seat 3: koufodinas32 ($2.13 in chips) 
Seat 4: yasminchik ($3.84 in chips) 
Seat 5: aferist1212 ($2.60 in chips) 
Seat 6: Unstoppabble ($2.52 in chips) 
HubertusB: posts small blind $0.01
koufodinas32: posts big blind $0.02
*** HOLE CARDS ***
Dealt to HubertusB [3c 6d]
yasminchik: raises $0.02 to $0.04
aferist1212: folds 
Unstoppabble: calls $0.04
mitroicata: folds 
HubertusB: folds 
koufodinas32: folds 
*** FLOP *** [Jh Qc 4c]
yasminchik: checks 
Unstoppabble: checks 
*** TURN *** [Jh Qc 4c] [9c]
yasminchik: checks 
Unstoppabble: checks 
*** RIVER *** [Jh Qc 4c 9c] [As]
yasminchik: checks 
Unstoppabble: checks 
*** SHOW DOWN ***
yasminchik: shows [7h 8h] (high card Ace)
Unstoppabble: shows [8s 8c] (a pair of Eights)
Unstoppabble collected $0.11 from pot
*** SUMMARY ***
Total pot $0.11 | Rake $0 
Board [Jh Qc 4c 9c As]
Seat 1: mitroicata (button) folded before Flop (didn't bet)
Seat 2: HubertusB (small blind) folded before Flop
Seat 3: koufodinas32 (big blind) folded before Flop
Seat 4: yasminchik showed [7h 8h] and lost with high card Ace
Seat 5: aferist1212 folded before Flop (didn't bet)
Seat 6: Unstoppabble showed [8s 8c] and won ($0.11) with a pair of Eights



PokerStars Zoom Hand #186524849790:  Hold'em No Limit ($0.01/$0.02) - 2018/05/17 20:36:54 CCT [2018/05/17 8:36:54 ET]
Table 'Halley' 6-max Seat #1 is the button
Seat 1: putya-putya ($2.23 in chips) 
Seat 2: malphax ($2 in chips) 
Seat 3: Crowned SULA ($2.47 in chips) 
Seat 4: Gevron ($4.87 in chips) 
Seat 5: HubertusB ($1.98 in chips) 
Seat 6: GI G0!² ($2.51 in chips) 
malphax: posts small blind $0.01
Crowned SULA: posts big blind $0.02
*** HOLE CARDS ***
Dealt to HubertusB [Ah Qd]
Gevron: folds 
HubertusB: raises $0.03 to $0.05
GI G0!²: folds 
putya-putya: folds 
malphax: folds 
Crowned SULA: raises $0.15 to $0.20
HubertusB: calls $0.15
*** FLOP *** [9d 5s 2c]
Crowned SULA: bets $0.27
HubertusB: folds 
Uncalled bet ($0.27) returned to Crowned SULA
Crowned SULA collected $0.40 from pot
Crowned SULA: doesn't show hand 
*** SUMMARY ***
Total pot $0.41 | Rake $0.01 
Board [9d 5s 2c]
Seat 1: putya-putya (button) folded before Flop (didn't bet)
Seat 2: malphax (small blind) folded before Flop
Seat 3: Crowned SULA (big blind) collected ($0.40)
Seat 4: Gevron folded before Flop (didn't bet)
Seat 5: HubertusB folded on the Flop
Seat 6: GI G0!² folded before Flop (didn't bet)



PokerStars Zoom Hand #186524847650:  Hold'em No Limit ($0.01/$0.02) - 2018/05/17 20:36:49 CCT [2018/05/17 8:36:49 ET]
Table 'Halley' 6-max Seat #1 is the button
Seat 1: duvallwbb ($2.01 in chips) 
Seat 2: fxm341 ($2 in chips) 
Seat 3: SAHA3746 ($2.01 in chips) 
Seat 4: hoby2 ($2.44 in chips) 
Seat 5: bl000dy ($1.97 in chips) 
Seat 6: HubertusB ($1.98 in chips) 
fxm341: posts small blind $0.01
SAHA3746: posts big blind $0.02
*** HOLE CARDS ***
Dealt to HubertusB [8c Js]
hoby2: folds 
bl000dy: raises $0.04 to $0.06
HubertusB: folds 
duvallwbb: folds 
fxm341: calls $0.05
SAHA3746: folds 
*** FLOP *** [4c Ac 4d]
fxm341: checks 
bl000dy: bets $0.10
fxm341: calls $0.10
*** TURN *** [4c Ac 4d] [2d]
fxm341: checks 
bl000dy: bets $0.28
fxm341: calls $0.28
*** RIVER *** [4c Ac 4d 2d] [Qs]
fxm341: checks 
bl000dy: bets $0.42
fxm341: calls $0.42
*** SHOW DOWN ***
bl000dy: shows [As Kd] (two pair, Aces and Fours)
fxm341: mucks hand 
bl000dy collected $1.68 from pot
*** SUMMARY ***
Total pot $1.74 | Rake $0.06 
Board [4c Ac 4d 2d Qs]
Seat 1: duvallwbb (button) folded before Flop (didn't bet)
Seat 2: fxm341 (small blind) mucked [Ad Jh]
Seat 3: SAHA3746 (big blind) folded before Flop
Seat 4: hoby2 folded before Flop (didn't bet)
Seat 5: bl000dy showed [As Kd] and won ($1.68) with two pair, Aces and Fours
Seat 6: HubertusB folded before Flop (didn't bet)



PokerStars Zoom Hand #186524862292:  Hold'em No Limit ($0.01/$0.02) - 2018/05/17 20:37:24 CCT [2018/05/17 8:37:24 ET]
Table 'Halley' 6-max Seat #1 is the button
Seat 1: HubertusB ($1.78 in chips) 
Seat 2: 4810gc ($2.25 in chips) 
Seat 3: Maroccan.D ($2.14 in chips) 
Seat 4: Saukra ($3.14 in chips) 
Seat 5: armor4085 ($6.84 in chips) 
Seat 6: kolacar ($2.28 in chips) 
4810gc: posts small blind $0.01
Maroccan.D: posts big blind $0.02
*** HOLE CARDS ***
Dealt to HubertusB [8c Kc]
Saukra: folds 
armor4085: folds 
kolacar: folds 
HubertusB: folds 
4810gc: raises $0.02 to $0.04
Maroccan.D: calls $0.02
*** FLOP *** [Td Ks Js]
4810gc: bets $0.04
Maroccan.D: folds 
Uncalled bet ($0.04) returned to 4810gc
4810gc collected $0.08 from pot
4810gc: doesn't show hand 
*** SUMMARY ***
Total pot $0.08 | Rake $0 
Board [Td Ks Js]
Seat 1: HubertusB (button) folded before Flop (didn't bet)
Seat 2: 4810gc (small blind) collected ($0.08)
Seat 3: Maroccan.D (big blind) folded on the Flop
Seat 4: Saukra folded before Flop (didn't bet)
Seat 5: armor4085 folded before Flop (didn't bet)
Seat 6: kolacar folded before Flop (didn't bet)



PokerStars Zoom Hand #186524869104:  Hold'em No Limit ($0.01/$0.02) - 2018/05/17 20:37:40 CCT [2018/05/17 8:37:40 ET]
Table 'Halley' 6-max Seat #1 is the button
Seat 1: Seva1386 ($2.27 in chips) 
Seat 2: mamaMarilyn ($2.02 in chips) 
Seat 3: Jun7x ($2 in chips) 
Seat 4: HubertusB ($1.78 in chips) 
Seat 5: mimama23 ($1.82 in chips) 
Seat 6: Irbit513 ($1.94 in chips) 
mamaMarilyn: posts small blind $0.01
Jun7x: posts big blind $0.02
*** HOLE CARDS ***
Dealt to HubertusB [7d Ks]
HubertusB: folds 
mimama23: folds 
Irbit513: folds 
Seva1386: raises $0.04 to $0.06
mamaMarilyn: folds 
Jun7x: folds 
Uncalled bet ($0.04) returned to Seva1386
Seva1386 collected $0.05 from pot
Seva1386: doesn't show hand 
*** SUMMARY ***
Total pot $0.05 | Rake $0 
Seat 1: Seva1386 (button) collected ($0.05)
Seat 2: mamaMarilyn (small blind) folded before Flop
Seat 3: Jun7x (big blind) folded before Flop
Seat 4: HubertusB folded before Flop (didn't bet)
Seat 5: mimama23 folded before Flop (didn't bet)
Seat 6: Irbit513 folded before Flop (didn't bet)



PokerStars Zoom Hand #186524871227:  Hold'em No Limit ($0.01/$0.02) - 2018/05/17 20:37:45 CCT [2018/05/17 8:37:45 ET]
Table 'Halley' 6-max Seat #1 is the button
Seat 1: funnyworld001 ($2.11 in chips) 
Seat 2: armor4085 ($3.01 in chips) 
Seat 3: HubertusB ($1.78 in chips) 
Seat 4: Mike180380 ($2.88 in chips) 
Seat 5: Saratushtra ($2.54 in chips) 
Seat 6: szlk1314 ($1.63 in chips) 
armor4085: posts small blind $0.01
HubertusB: posts big blind $0.02
*** HOLE CARDS ***
Dealt to HubertusB [3d Qc]
Mike180380: raises $0.02 to $0.04
Saratushtra: folds 
szlk1314: folds 
funnyworld001: calls $0.04
armor4085: calls $0.03
HubertusB: folds 
*** FLOP *** [8s 3c Jd]
armor4085: checks 
Mike180380: checks 
funnyworld001: bets $0.04
armor4085: folds 
Mike180380: folds 
Uncalled bet ($0.04) returned to funnyworld001
funnyworld001 collected $0.14 from pot
funnyworld001: doesn't show hand 
*** SUMMARY ***
Total pot $0.14 | Rake $0 
Board [8s 3c Jd]
Seat 1: funnyworld001 (button) collected ($0.14)
Seat 2: armor4085 (small blind) folded on the Flop
Seat 3: HubertusB (big blind) folded before Flop
Seat 4: Mike180380 folded on the Flop
Seat 5: Saratushtra folded before Flop (didn't bet)
Seat 6: szlk1314 folded before Flop (didn't bet)



PokerStars Zoom Hand #186524876163:  Hold'em No Limit ($0.01/$0.02) - 2018/05/17 20:37:57 CCT [2018/05/17 8:37:57 ET]
Table 'Halley' 6-max Seat #1 is the button
Seat 1: spazzycanuck ($2.58 in chips) 
Seat 2: cryptozee ($3.67 in chips) 
Seat 3: viigrivau ($1.90 in chips) 
Seat 4: fitzroy3570 ($2.87 in chips) 
Seat 5: Draw_Warrior ($2.72 in chips) 
Seat 6: HubertusB ($1.75 in chips) 
cryptozee: posts small blind $0.01
viigrivau: posts big blind $0.02
*** HOLE CARDS ***
Dealt to HubertusB [8d 2c]
fitzroy3570: folds 
Draw_Warrior: raises $0.04 to $0.06
HubertusB: folds 
spazzycanuck: folds 
cryptozee: folds 
viigrivau: raises $0.18 to $0.24
Draw_Warrior: folds 
Uncalled bet ($0.18) returned to viigrivau
viigrivau collected $0.13 from pot
viigrivau: doesn't show hand 
*** SUMMARY ***
Total pot $0.13 | Rake $0 
Seat 1: spazzycanuck (button) folded before Flop (didn't bet)
Seat 2: cryptozee (small blind) folded before Flop
Seat 3: viigrivau (big blind) collected ($0.13)
Seat 4: fitzroy3570 folded before Flop (didn't bet)
Seat 5: Draw_Warrior folded before Flop
Seat 6: HubertusB folded before Flop (didn't bet)



PokerStars Zoom Hand #186524873682:  Hold'em No Limit ($0.01/$0.02) - 2018/05/17 20:37:51 CCT [2018/05/17 8:37:51 ET]
Table 'Halley' 6-max Seat #1 is the button
Seat 1: mohandes81 ($5.83 in chips) 
Seat 2: HubertusB ($1.76 in chips) 
Seat 3: DannyWilde26 ($2.14 in chips) 
Seat 4: naturalisttt ($1.62 in chips) 
Seat 5: hirsch262 ($2.13 in chips) 
Seat 6: kolacar ($2.29 in chips) 
HubertusB: posts small blind $0.01
DannyWilde26: posts big blind $0.02
*** HOLE CARDS ***
Dealt to HubertusB [8d 7h]
naturalisttt: folds 
hirsch262: folds 
kolacar: folds 
mohandes81: raises $0.04 to $0.06
HubertusB: folds 
DannyWilde26: calls $0.04
*** FLOP *** [6d 7d Td]
DannyWilde26: checks 
mohandes81: bets $0.08
DannyWilde26: calls $0.08
*** TURN *** [6d 7d Td] [7c]
DannyWilde26: checks 
mohandes81: checks 
*** RIVER *** [6d 7d Td 7c] [Kc]
DannyWilde26: bets $0.23
mohandes81: calls $0.23
*** SHOW DOWN ***
DannyWilde26: shows [Ah Ad] (two pair, Aces and Sevens)
mohandes81: mucks hand 
DannyWilde26 collected $0.72 from pot
*** SUMMARY ***
Total pot $0.75 | Rake $0.03 
Board [6d 7d Td 7c Kc]
Seat 1: mohandes81 (button) mucked [6s 8s]
Seat 2: HubertusB (small blind) folded before Flop
Seat 3: DannyWilde26 (big blind) showed [Ah Ad] and won ($0.72) with two pair, Aces and Sevens
Seat 4: naturalisttt folded before Flop (didn't bet)
Seat 5: hirsch262 folded before Flop (didn't bet)
Seat 6: kolacar folded before Flop (didn't bet)



PokerStars Zoom Hand #186524878683:  Hold'em No Limit ($0.01/$0.02) - 2018/05/17 20:38:03 CCT [2018/05/17 8:38:03 ET]
Table 'Halley' 6-max Seat #1 is the button
Seat 1: SellYourBody ($2 in chips) 
Seat 2: 2650421782 ($2.43 in chips) 
Seat 3: magabas ($3.94 in chips) 
Seat 4: Vila1n ($4.92 in chips) 
Seat 5: HubertusB ($1.75 in chips) 
Seat 6: Arnold217 ($2.48 in chips) 
2650421782: posts small blind $0.01
magabas: posts big blind $0.02
*** HOLE CARDS ***
Dealt to HubertusB [Jh 3h]
Vila1n: folds 
HubertusB: folds 
Arnold217: raises $0.03 to $0.05
SellYourBody: folds 
2650421782: folds 
magabas: calls $0.03
*** FLOP *** [5h Qh Ac]
magabas: checks 
Arnold217: bets $0.08
magabas: folds 
Uncalled bet ($0.08) returned to Arnold217
Arnold217 collected $0.11 from pot
Arnold217: doesn't show hand 
*** SUMMARY ***
Total pot $0.11 | Rake $0 
Board [5h Qh Ac]
Seat 1: SellYourBody (button) folded before Flop (didn't bet)
Seat 2: 2650421782 (small blind) folded before Flop
Seat 3: magabas (big blind) folded on the Flop
Seat 4: Vila1n folded before Flop (didn't bet)
Seat 5: HubertusB folded before Flop (didn't bet)
Seat 6: Arnold217 collected ($0.11)



PokerStars Zoom Hand #186524882028:  Hold'em No Limit ($0.01/$0.02) - 2018/05/17 20:38:11 CCT [2018/05/17 8:38:11 ET]
Table 'Halley' 6-max Seat #1 is the button
Seat 1: duvallwbb ($2.21 in chips) 
Seat 2: Maganoctis ($2.30 in chips) 
Seat 3: HubertusB ($1.75 in chips) 
Seat 4: leonidsss ($4.46 in chips) 
Seat 5: Setup198 ($2.54 in chips) 
Seat 6: asusone3 ($4.25 in chips) 
Maganoctis: posts small blind $0.01
HubertusB: posts big blind $0.02
*** HOLE CARDS ***
Dealt to HubertusB [Ac Qc]
leonidsss: folds 
Setup198: raises $0.04 to $0.06
asusone3: folds 
duvallwbb: folds 
Maganoctis: folds 
HubertusB: raises $0.13 to $0.19
Setup198: calls $0.13
*** FLOP *** [Qd Jd As]
HubertusB: bets $0.19
Setup198: calls $0.19
*** TURN *** [Qd Jd As] [Ts]
HubertusB: bets $0.50
Setup198: folds 
Uncalled bet ($0.50) returned to HubertusB
HubertusB collected $0.74 from pot
HubertusB: doesn't show hand 
*** SUMMARY ***
Total pot $0.77 | Rake $0.03 
Board [Qd Jd As Ts]
Seat 1: duvallwbb (button) folded before Flop (didn't bet)
Seat 2: Maganoctis (small blind) folded before Flop
Seat 3: HubertusB (big blind) collected ($0.74)
Seat 4: leonidsss folded before Flop (didn't bet)
Seat 5: Setup198 folded on the Turn
Seat 6: asusone3 folded before Flop (didn't bet)



PokerStars Zoom Hand #186524911530:  Hold'em No Limit ($0.01/$0.02) - 2018/05/17 20:39:21 CCT [2018/05/17 8:39:21 ET]
Table 'Halley' 6-max Seat #1 is the button
Seat 1: FireFox8719 ($1.18 in chips) 
Seat 2: Lada3030 ($0.28 in chips) 
Seat 3: vvovan ($2.01 in chips) 
Seat 4: andreihilber ($1.76 in chips) 
Seat 5: HubertusB ($2.11 in chips) 
Seat 6: Davydovden34 ($4.64 in chips) 
Lada3030: posts small blind $0.01
vvovan: posts big blind $0.02
*** HOLE CARDS ***
Dealt to HubertusB [5h 3h]
andreihilber: folds 
HubertusB: folds 
Davydovden34: folds 
FireFox8719: folds 
Lada3030: folds 
Uncalled bet ($0.01) returned to vvovan
vvovan collected $0.02 from pot
vvovan: doesn't show hand 
*** SUMMARY ***
Total pot $0.02 | Rake $0 
Seat 1: FireFox8719 (button) folded before Flop (didn't bet)
Seat 2: Lada3030 (small blind) folded before Flop
Seat 3: vvovan (big blind) collected ($0.02)
Seat 4: andreihilber folded before Flop (didn't bet)
Seat 5: HubertusB folded before Flop (didn't bet)
Seat 6: Davydovden34 folded before Flop (didn't bet)



PokerStars Zoom Hand #186524908121:  Hold'em No Limit ($0.01/$0.02) - 2018/05/17 20:39:13 CCT [2018/05/17 8:39:13 ET]
Table 'Halley' 6-max Seat #1 is the button
Seat 1: HubertusB ($2.11 in chips) 
Seat 2: Rep_Nothing ($4.21 in chips) 
Seat 3: Brocaine1 ($2.68 in chips) 
Seat 4: hcpalli ($2 in chips) 
Seat 5: ILpo_777 ($3.51 in chips) 
Seat 6: medicalskunk ($2 in chips) 
Rep_Nothing: posts small blind $0.01
Brocaine1: posts big blind $0.02
*** HOLE CARDS ***
Dealt to HubertusB [Qc 8h]
hcpalli: raises $0.04 to $0.06
ILpo_777: calls $0.06
medicalskunk: folds 
HubertusB: folds 
Rep_Nothing: folds 
Brocaine1: folds 
*** FLOP *** [6s Tc 4c]
hcpalli: bets $0.08
ILpo_777: calls $0.08
*** TURN *** [6s Tc 4c] [2s]
hcpalli: checks 
ILpo_777: bets $0.10
hcpalli: calls $0.10
*** RIVER *** [6s Tc 4c 2s] [Kc]
hcpalli: checks 
ILpo_777: bets $0.18
hcpalli: folds 
Uncalled bet ($0.18) returned to ILpo_777
ILpo_777 collected $0.49 from pot
ILpo_777: doesn't show hand 
*** SUMMARY ***
Total pot $0.51 | Rake $0.02 
Board [6s Tc 4c 2s Kc]
Seat 1: HubertusB (button) folded before Flop (didn't bet)
Seat 2: Rep_Nothing (small blind) folded before Flop
Seat 3: Brocaine1 (big blind) folded before Flop
Seat 4: hcpalli folded on the River
Seat 5: ILpo_777 collected ($0.49)
Seat 6: medicalskunk folded before Flop (didn't bet)



PokerStars Zoom Hand #186524914065:  Hold'em No Limit ($0.01/$0.02) - 2018/05/17 20:39:27 CCT [2018/05/17 8:39:27 ET]
Table 'Halley' 6-max Seat #1 is the button
Seat 1: Mike180380 ($5.61 in chips) 
Seat 2: HubertusB ($2.11 in chips) 
Seat 3: mohandes81 ($12.96 in chips) 
Seat 4: Dorth Mammu ($2.03 in chips) 
Seat 5: aloneinnoise ($4.15 in chips) 
Seat 6: mirr64 ($1.87 in chips) 
HubertusB: posts small blind $0.01
mohandes81: posts big blind $0.02
*** HOLE CARDS ***
Dealt to HubertusB [Kc 8h]
Dorth Mammu: folds 
aloneinnoise: raises $0.02 to $0.04
mirr64: folds 
Mike180380: calls $0.04
HubertusB: folds 
mohandes81: folds 
*** FLOP *** [Ts 5c 8c]
aloneinnoise: checks 
Mike180380: checks 
*** TURN *** [Ts 5c 8c] [7d]
aloneinnoise: bets $0.06
Mike180380: folds 
Uncalled bet ($0.06) returned to aloneinnoise
aloneinnoise collected $0.11 from pot
aloneinnoise: doesn't show hand 
*** SUMMARY ***
Total pot $0.11 | Rake $0 
Board [Ts 5c 8c 7d]
Seat 1: Mike180380 (button) folded on the Turn
Seat 2: HubertusB (small blind) folded before Flop
Seat 3: mohandes81 (big blind) folded before Flop
Seat 4: Dorth Mammu folded before Flop (didn't bet)
Seat 5: aloneinnoise collected ($0.11)
Seat 6: mirr64 folded before Flop (didn't bet)



PokerStars Zoom Hand #186524917896:  Hold'em No Limit ($0.01/$0.02) - 2018/05/17 20:39:36 CCT [2018/05/17 8:39:36 ET]
Table 'Halley' 6-max Seat #1 is the button
Seat 1: leomax100 ($2.06 in chips) 
Seat 2: retXeD03 ($1.41 in chips) 
Seat 3: hirsch262 ($2 in chips) 
Seat 4: EnotBory ($2 in chips) 
Seat 5: poliars ($2.12 in chips) 
Seat 6: HubertusB ($2.10 in chips) 
retXeD03: posts small blind $0.01
hirsch262: posts big blind $0.02
*** HOLE CARDS ***
Dealt to HubertusB [Td 7c]
EnotBory: folds 
poliars: folds 
HubertusB: folds 
leomax100: folds 
retXeD03: folds 
Uncalled bet ($0.01) returned to hirsch262
hirsch262 collected $0.02 from pot
hirsch262: doesn't show hand 
*** SUMMARY ***
Total pot $0.02 | Rake $0 
Seat 1: leomax100 (button) folded before Flop (didn't bet)
Seat 2: retXeD03 (small blind) folded before Flop
Seat 3: hirsch262 (big blind) collected ($0.02)
Seat 4: EnotBory folded before Flop (didn't bet)
Seat 5: poliars folded before Flop (didn't bet)
Seat 6: HubertusB folded before Flop (didn't bet)



PokerStars Zoom Hand #186524924260:  Hold'em No Limit ($0.01/$0.02) - 2018/05/17 20:39:51 CCT [2018/05/17 8:39:51 ET]
Table 'Halley' 6-max Seat #1 is the button
Seat 1: Chuavechito018 ($7.02 in chips) 
Seat 2: shoji541 ($1.14 in chips) 
Seat 3: Fury107 ($2.82 in chips) 
Seat 4: HubertusB ($2.10 in chips) 
Seat 5: matulinkk ($2.02 in chips) 
Seat 6: hirsch262 ($2.04 in chips) 
shoji541: posts small blind $0.01
Fury107: posts big blind $0.02
*** HOLE CARDS ***
Dealt to HubertusB [4c 8s]
HubertusB: folds 
matulinkk: folds 
hirsch262: folds 
Chuavechito018: folds 
shoji541: raises $0.04 to $0.06
Fury107: folds 
Uncalled bet ($0.04) returned to shoji541
shoji541 collected $0.04 from pot
shoji541: doesn't show hand 
*** SUMMARY ***
Total pot $0.04 | Rake $0 
Seat 1: Chuavechito018 (button) folded before Flop (didn't bet)
Seat 2: shoji541 (small blind) collected ($0.04)
Seat 3: Fury107 (big blind) folded before Flop
Seat 4: HubertusB folded before Flop (didn't bet)
Seat 5: matulinkk folded before Flop (didn't bet)
Seat 6: hirsch262 folded before Flop (didn't bet)



PokerStars Zoom Hand #186524927254:  Hold'em No Limit ($0.01/$0.02) - 2018/05/17 20:39:58 CCT [2018/05/17 8:39:58 ET]
Table 'Halley' 6-max Seat #1 is the button
Seat 1: Anubith ($1.97 in chips) 
Seat 2: champ8812 ($1.10 in chips) 
Seat 3: justina1990 ($2.02 in chips) 
Seat 4: HubertusB ($2.10 in chips) 
Seat 5: serg-hw ($2.33 in chips) 
Seat 6: yasminchik ($3.83 in chips) 
champ8812: posts small blind $0.01
justina1990: posts big blind $0.02
*** HOLE CARDS ***
Dealt to HubertusB [3h Jd]
HubertusB: folds 
serg-hw: raises $0.04 to $0.06
yasminchik: folds 
Anubith: calls $0.06
champ8812: folds 
justina1990: folds 
*** FLOP *** [Qd 8d 2c]
serg-hw: bets $0.09
Anubith: calls $0.09
*** TURN *** [Qd 8d 2c] [Th]
serg-hw: bets $0.22
Anubith: folds 
Uncalled bet ($0.22) returned to serg-hw
serg-hw collected $0.32 from pot
serg-hw: doesn't show hand 
*** SUMMARY ***
Total pot $0.33 | Rake $0.01 
Board [Qd 8d 2c Th]
Seat 1: Anubith (button) folded on the Turn
Seat 2: champ8812 (small blind) folded before Flop
Seat 3: justina1990 (big blind) folded before Flop
Seat 4: HubertusB folded before Flop (didn't bet)
Seat 5: serg-hw collected ($0.32)
Seat 6: yasminchik folded before Flop (didn't bet)



PokerStars Zoom Hand #186524934317:  Hold'em No Limit ($0.01/$0.02) - 2018/05/17 20:40:15 CCT [2018/05/17 8:40:15 ET]
Table 'Halley' 6-max Seat #1 is the button
Seat 1: IMMPORT@L ($1.38 in chips) 
Seat 2: Davydovden34 ($2.07 in chips) 
Seat 3: HubertusB ($2.10 in chips) 
Seat 4: aimless0 ($2 in chips) 
Seat 5: Stonemaul ($2 in chips) 
Seat 6: Mike180380 ($5.57 in chips) 
Davydovden34: posts small blind $0.01
HubertusB: posts big blind $0.02
*** HOLE CARDS ***
Dealt to HubertusB [2c 9s]
aimless0: folds 
Stonemaul: folds 
Mike180380: folds 
IMMPORT@L: folds 
Davydovden34: calls $0.01
HubertusB: checks 
*** FLOP *** [5c 6s 4s]
Davydovden34: checks 
HubertusB: checks 
*** TURN *** [5c 6s 4s] [4d]
Davydovden34: checks 
HubertusB: checks 
*** RIVER *** [5c 6s 4s 4d] [3h]
Davydovden34: bets $2.05 and is all-in
HubertusB: folds 
Uncalled bet ($2.05) returned to Davydovden34
Davydovden34 collected $0.04 from pot
Davydovden34: doesn't show hand 
*** SUMMARY ***
Total pot $0.04 | Rake $0 
Board [5c 6s 4s 4d 3h]
Seat 1: IMMPORT@L (button) folded before Flop (didn't bet)
Seat 2: Davydovden34 (small blind) collected ($0.04)
Seat 3: HubertusB (big blind) folded on the River
Seat 4: aimless0 folded before Flop (didn't bet)
Seat 5: Stonemaul folded before Flop (didn't bet)
Seat 6: Mike180380 folded before Flop (didn't bet)



PokerStars Zoom Hand #186524959241:  Hold'em No Limit ($0.01/$0.02) - 2018/05/17 20:41:14 CCT [2018/05/17 8:41:14 ET]
Table 'Halley' 6-max Seat #1 is the button
Seat 1: EUBaltcevich ($1.97 in chips) 
Seat 2: HubertusB ($2.08 in chips) 
Seat 3: EnotBory ($2.14 in chips) 
Seat 4: NexTLeveL226 ($1.08 in chips) 
Seat 5: San zou 1 ($5.03 in chips) 
Seat 6: Bacar88 ($2 in chips) 
HubertusB: posts small blind $0.01
EnotBory: posts big blind $0.02
*** HOLE CARDS ***
Dealt to HubertusB [4d 2s]
NexTLeveL226: folds 
San zou 1: folds 
Bacar88: folds 
EUBaltcevich: raises $0.06 to $0.08
HubertusB: folds 
EnotBory: folds 
Uncalled bet ($0.06) returned to EUBaltcevich
EUBaltcevich collected $0.05 from pot
EUBaltcevich: doesn't show hand 
*** SUMMARY ***
Total pot $0.05 | Rake $0 
Seat 1: EUBaltcevich (button) collected ($0.05)
Seat 2: HubertusB (small blind) folded before Flop
Seat 3: EnotBory (big blind) folded before Flop
Seat 4: NexTLeveL226 folded before Flop (didn't bet)
Seat 5: San zou 1 folded before Flop (didn't bet)
Seat 6: Bacar88 folded before Flop (didn't bet)



PokerStars Zoom Hand #186524962946:  Hold'em No Limit ($0.01/$0.02) - 2018/05/17 20:41:23 CCT [2018/05/17 8:41:23 ET]
Table 'Halley' 6-max Seat #1 is the button
Seat 1: HubertusB ($2.07 in chips) 
Seat 2: Gevron ($3.55 in chips) 
Seat 3: arnebever ($2.08 in chips) 
Seat 4: Unstoppabble ($2.07 in chips) 
Seat 5: DLoginova ($4.06 in chips) 
Seat 6: gazlar95 ($3.90 in chips) 
Gevron: posts small blind $0.01
arnebever: posts big blind $0.02
*** HOLE CARDS ***
Dealt to HubertusB [Ts Qs]
Unstoppabble: folds 
DLoginova: folds 
gazlar95: folds 
HubertusB: raises $0.02 to $0.04
Gevron: folds 
arnebever: folds 
Uncalled bet ($0.02) returned to HubertusB
HubertusB collected $0.05 from pot
HubertusB: doesn't show hand 
*** SUMMARY ***
Total pot $0.05 | Rake $0 
Seat 1: HubertusB (button) collected ($0.05)
Seat 2: Gevron (small blind) folded before Flop
Seat 3: arnebever (big blind) folded before Flop
Seat 4: Unstoppabble folded before Flop (didn't bet)
Seat 5: DLoginova folded before Flop (didn't bet)
Seat 6: gazlar95 folded before Flop (didn't bet)



PokerStars Zoom Hand #186524970164:  Hold'em No Limit ($0.01/$0.02) - 2018/05/17 20:41:40 CCT [2018/05/17 8:41:40 ET]
Table 'Halley' 6-max Seat #1 is the button
Seat 1: Griefer25 ($2 in chips) 
Seat 2: Aragorn1st ($2.40 in chips) 
Seat 3: gds2003 ($1.83 in chips) 
Seat 4: NexTLeveL226 ($1.01 in chips) 
Seat 5: HubertusB ($2.10 in chips) 
Seat 6: Anatolii2717 ($1.22 in chips) 
Aragorn1st: posts small blind $0.01
gds2003: posts big blind $0.02
*** HOLE CARDS ***
Dealt to HubertusB [Ts 3h]
NexTLeveL226: folds 
HubertusB: folds 
Anatolii2717: folds 
Griefer25: folds 
Aragorn1st: folds 
Uncalled bet ($0.01) returned to gds2003
gds2003 collected $0.02 from pot
gds2003: doesn't show hand 
*** SUMMARY ***
Total pot $0.02 | Rake $0 
Seat 1: Griefer25 (button) folded before Flop (didn't bet)
Seat 2: Aragorn1st (small blind) folded before Flop
Seat 3: gds2003 (big blind) collected ($0.02)
Seat 4: NexTLeveL226 folded before Flop (didn't bet)
Seat 5: HubertusB folded before Flop (didn't bet)
Seat 6: Anatolii2717 folded before Flop (didn't bet)



PokerStars Zoom Hand #186524978305:  Hold'em No Limit ($0.01/$0.02) - 2018/05/17 20:41:59 CCT [2018/05/17 8:41:59 ET]
Table 'Halley' 6-max Seat #1 is the button
Seat 1: pastyr777 ($2 in chips) 
Seat 2: HubertusB ($2.10 in chips) 
Seat 3: Demidovich95 ($1.92 in chips) 
Seat 4: PandaPower12 ($3.13 in chips) 
Seat 5: xiaochenMS ($1.92 in chips) 
Seat 6: nikonova88 ($2 in chips) 
HubertusB: posts small blind $0.01
Demidovich95: posts big blind $0.02
*** HOLE CARDS ***
Dealt to HubertusB [As 9s]
PandaPower12: folds 
xiaochenMS: folds 
nikonova88: folds 
pastyr777: folds 
HubertusB: raises $0.03 to $0.05
Demidovich95: calls $0.03
*** FLOP *** [Td 6s 6h]
HubertusB: checks 
Demidovich95: checks 
*** TURN *** [Td 6s 6h] [Ac]
HubertusB: bets $0.04
Demidovich95: folds 
Uncalled bet ($0.04) returned to HubertusB
HubertusB collected $0.10 from pot
HubertusB: doesn't show hand 
*** SUMMARY ***
Total pot $0.10 | Rake $0 
Board [Td 6s 6h Ac]
Seat 1: pastyr777 (button) folded before Flop (didn't bet)
Seat 2: HubertusB (small blind) collected ($0.10)
Seat 3: Demidovich95 (big blind) folded on the Turn
Seat 4: PandaPower12 folded before Flop (didn't bet)
Seat 5: xiaochenMS folded before Flop (didn't bet)
Seat 6: nikonova88 folded before Flop (didn't bet)



PokerStars Zoom Hand #186524994050:  Hold'em No Limit ($0.01/$0.02) - 2018/05/17 20:42:36 CCT [2018/05/17 8:42:36 ET]
Table 'Halley' 6-max Seat #1 is the button
Seat 1: HubertusB ($2.15 in chips) 
Seat 2: Marcianoit ($2.86 in chips) 
Seat 3: J1234T ($1.13 in chips) 
Seat 4: FireFox8719 ($2.33 in chips) 
Seat 5: naturalisttt ($1.24 in chips) 
Seat 6: Griefer25 ($2.09 in chips) 
Marcianoit: posts small blind $0.01
J1234T: posts big blind $0.02
*** HOLE CARDS ***
Dealt to HubertusB [Qh Ah]
FireFox8719: folds 
naturalisttt: folds 
Griefer25: folds 
HubertusB: raises $0.02 to $0.04
Marcianoit: folds 
J1234T: folds 
Uncalled bet ($0.02) returned to HubertusB
HubertusB collected $0.05 from pot
HubertusB: doesn't show hand 
*** SUMMARY ***
Total pot $0.05 | Rake $0 
Seat 1: HubertusB (button) collected ($0.05)
Seat 2: Marcianoit (small blind) folded before Flop
Seat 3: J1234T (big blind) folded before Flop
Seat 4: FireFox8719 folded before Flop (didn't bet)
Seat 5: naturalisttt folded before Flop (didn't bet)
Seat 6: Griefer25 folded before Flop (didn't bet)



PokerStars Zoom Hand #186524974018:  Hold'em No Limit ($0.01/$0.02) - 2018/05/17 20:41:49 CCT [2018/05/17 8:41:49 ET]
Table 'Halley' 6-max Seat #1 is the button
Seat 1: 888lifeIS ($2 in chips) 
Seat 2: marcioadrs ($2.77 in chips) 
Seat 3: El_Diego_9 ($2.13 in chips) 
Seat 4: HubertusB ($2.10 in chips) 
Seat 5: ghisbug ($5.73 in chips) 
Seat 6: fabrikant21 ($3.68 in chips) 
marcioadrs: posts small blind $0.01
El_Diego_9: posts big blind $0.02
*** HOLE CARDS ***
Dealt to HubertusB [3c 2d]
HubertusB: folds 
ghisbug: folds 
fabrikant21: folds 
888lifeIS: raises $0.02 to $0.04
marcioadrs: folds 
El_Diego_9: calls $0.02
*** FLOP *** [As Ks 7h]
El_Diego_9: checks 
888lifeIS: bets $0.04
El_Diego_9: calls $0.04
*** TURN *** [As Ks 7h] [Qs]
El_Diego_9: checks 
888lifeIS: checks 
*** RIVER *** [As Ks 7h Qs] [5s]
El_Diego_9: bets $0.09
888lifeIS: calls $0.09
*** SHOW DOWN ***
El_Diego_9: shows [Kd 5c] (two pair, Kings and Fives)
888lifeIS: shows [Ts Qc] (a flush, Ace high)
888lifeIS collected $0.34 from pot
*** SUMMARY ***
Total pot $0.35 | Rake $0.01 
Board [As Ks 7h Qs 5s]
Seat 1: 888lifeIS (button) showed [Ts Qc] and won ($0.34) with a flush, Ace high
Seat 2: marcioadrs (small blind) folded before Flop
Seat 3: El_Diego_9 (big blind) showed [Kd 5c] and lost with two pair, Kings and Fives
Seat 4: HubertusB folded before Flop (didn't bet)
Seat 5: ghisbug folded before Flop (didn't bet)
Seat 6: fabrikant21 folded before Flop (didn't bet)



PokerStars Zoom Hand #186525000041:  Hold'em No Limit ($0.01/$0.02) - 2018/05/17 20:42:50 CCT [2018/05/17 8:42:50 ET]
Table 'Halley' 6-max Seat #1 is the button
Seat 1: ykos14 ($1.64 in chips) 
Seat 2: JecK [24RUS] ($2.21 in chips) 
Seat 3: alexrain600 ($3.29 in chips) 
Seat 4: Machairodont ($6.81 in chips) 
Seat 5: mitroicata ($4.87 in chips) 
Seat 6: HubertusB ($2.18 in chips) 
JecK [24RUS]: posts small blind $0.01
alexrain600: posts big blind $0.02
*** HOLE CARDS ***
Dealt to HubertusB [Kc Ks]
Machairodont: raises $0.04 to $0.06
mitroicata: folds 
HubertusB: raises $0.15 to $0.21
ykos14: folds 
JecK [24RUS]: folds 
alexrain600: calls $0.19
Machairodont: folds 
*** FLOP *** [Ts 3d Qc]
alexrain600: checks 
HubertusB: bets $0.32
alexrain600: folds 
Uncalled bet ($0.32) returned to HubertusB
HubertusB collected $0.47 from pot
HubertusB: doesn't show hand 
*** SUMMARY ***
Total pot $0.49 | Rake $0.02 
Board [Ts 3d Qc]
Seat 1: ykos14 (button) folded before Flop (didn't bet)
Seat 2: JecK [24RUS] (small blind) folded before Flop
Seat 3: alexrain600 (big blind) folded on the Flop
Seat 4: Machairodont folded before Flop
Seat 5: mitroicata folded before Flop (didn't bet)
Seat 6: HubertusB collected ($0.47)



PokerStars Zoom Hand #186525015648:  Hold'em No Limit ($0.01/$0.02) - 2018/05/17 20:43:27 CCT [2018/05/17 8:43:27 ET]
Table 'Halley' 6-max Seat #1 is the button
Seat 1: magabas ($4.24 in chips) 
Seat 2: Lombitozorus ($2.42 in chips) 
Seat 3: HubertusB ($2.44 in chips) 
Seat 4: humwuble ($2.09 in chips) 
Seat 5: sunao1983 ($1.74 in chips) 
Seat 6: Sergio-kutsyi ($3.01 in chips) 
Lombitozorus: posts small blind $0.01
HubertusB: posts big blind $0.02
*** HOLE CARDS ***
Dealt to HubertusB [3c 6c]
humwuble: folds 
sunao1983: raises $0.04 to $0.06
Sergio-kutsyi: folds 
magabas: raises $0.14 to $0.20
Lombitozorus: folds 
HubertusB: folds 
sunao1983: calls $0.14
*** FLOP *** [5d 6d 9s]
sunao1983: checks 
magabas: bets $0.31
sunao1983: folds 
Uncalled bet ($0.31) returned to magabas
magabas collected $0.41 from pot
magabas: doesn't show hand 
*** SUMMARY ***
Total pot $0.43 | Rake $0.02 
Board [5d 6d 9s]
Seat 1: magabas (button) collected ($0.41)
Seat 2: Lombitozorus (small blind) folded before Flop
Seat 3: HubertusB (big blind) folded before Flop
Seat 4: humwuble folded before Flop (didn't bet)
Seat 5: sunao1983 folded on the Flop
Seat 6: Sergio-kutsyi folded before Flop (didn't bet)



PokerStars Zoom Hand #186525019482:  Hold'em No Limit ($0.01/$0.02) - 2018/05/17 20:43:36 CCT [2018/05/17 8:43:36 ET]
Table 'Halley' 6-max Seat #1 is the button
Seat 1: HubertusB ($2.42 in chips) 
Seat 2: PNL710 ($2.71 in chips) 
Seat 3: Joranga ($2.21 in chips) 
Seat 4: JeanHavoc ($2.71 in chips) 
Seat 5: AVyiO ($3.56 in chips) 
Seat 6: SPivasom ($7.89 in chips) 
PNL710: posts small blind $0.01
Joranga: posts big blind $0.02
*** HOLE CARDS ***
Dealt to HubertusB [7s 6s]
JeanHavoc: folds 
AVyiO: folds 
SPivasom: folds 
HubertusB: raises $0.03 to $0.05
PNL710: raises $0.11 to $0.16
Joranga: calls $0.14
HubertusB: raises $0.52 to $0.68
PNL710: folds 
Joranga: folds 
Uncalled bet ($0.52) returned to HubertusB
HubertusB collected $0.48 from pot
HubertusB: doesn't show hand 
*** SUMMARY ***
Total pot $0.48 | Rake $0 
Seat 1: HubertusB (button) collected ($0.48)
Seat 2: PNL710 (small blind) folded before Flop
Seat 3: Joranga (big blind) folded before Flop
Seat 4: JeanHavoc folded before Flop (didn't bet)
Seat 5: AVyiO folded before Flop (didn't bet)
Seat 6: SPivasom folded before Flop (didn't bet)



PokerStars Zoom Hand #186525035089:  Hold'em No Limit ($0.01/$0.02) - 2018/05/17 20:44:13 CCT [2018/05/17 8:44:13 ET]
Table 'Halley' 6-max Seat #1 is the button
Seat 1: Crowned SULA ($2.15 in chips) 
Seat 2: stee-zo888 ($2 in chips) 
Seat 3: AudioLSD ($1.14 in chips) 
Seat 4: pastyr777 ($2.07 in chips) 
Seat 5: leomax100 ($2 in chips) 
Seat 6: HubertusB ($2.74 in chips) 
stee-zo888: posts small blind $0.01
AudioLSD: posts big blind $0.02
*** HOLE CARDS ***
Dealt to HubertusB [9s Ad]
pastyr777: folds 
leomax100: folds 
HubertusB: folds 
Crowned SULA: raises $0.03 to $0.05
stee-zo888: folds 
AudioLSD: folds 
Uncalled bet ($0.03) returned to Crowned SULA
Crowned SULA collected $0.05 from pot
Crowned SULA: doesn't show hand 
*** SUMMARY ***
Total pot $0.05 | Rake $0 
Seat 1: Crowned SULA (button) collected ($0.05)
Seat 2: stee-zo888 (small blind) folded before Flop
Seat 3: AudioLSD (big blind) folded before Flop
Seat 4: pastyr777 folded before Flop (didn't bet)
Seat 5: leomax100 folded before Flop (didn't bet)
Seat 6: HubertusB folded before Flop (didn't bet)



PokerStars Zoom Hand #186525032950:  Hold'em No Limit ($0.01/$0.02) - 2018/05/17 20:44:08 CCT [2018/05/17 8:44:08 ET]
Table 'Halley' 6-max Seat #1 is the button
Seat 1: asusone3 ($2.31 in chips) 
Seat 2: Go0bus ($2 in chips) 
Seat 3: duvallwbb ($2.13 in chips) 
Seat 4: Martyyy25 ($0.91 in chips) 
Seat 5: HubertusB ($2.74 in chips) 
Seat 6: Johneik ($2.06 in chips) 
Go0bus: posts small blind $0.01
duvallwbb: posts big blind $0.02
*** HOLE CARDS ***
Dealt to HubertusB [3h 6c]
Martyyy25: folds 
HubertusB: folds 
Johneik: folds 
asusone3: folds 
Go0bus: raises $0.04 to $0.06
duvallwbb: calls $0.04
*** FLOP *** [Ac 6h 3c]
Go0bus: bets $0.06
duvallwbb: folds 
Uncalled bet ($0.06) returned to Go0bus
Go0bus collected $0.12 from pot
Go0bus: doesn't show hand 
*** SUMMARY ***
Total pot $0.12 | Rake $0 
Board [Ac 6h 3c]
Seat 1: asusone3 (button) folded before Flop (didn't bet)
Seat 2: Go0bus (small blind) collected ($0.12)
Seat 3: duvallwbb (big blind) folded on the Flop
Seat 4: Martyyy25 folded before Flop (didn't bet)
Seat 5: HubertusB folded before Flop (didn't bet)
Seat 6: Johneik folded before Flop (didn't bet)



PokerStars Zoom Hand #186525039322:  Hold'em No Limit ($0.01/$0.02) - 2018/05/17 20:44:23 CCT [2018/05/17 8:44:23 ET]
Table 'Halley' 6-max Seat #1 is the button
Seat 1: andreihilber ($2.10 in chips) 
Seat 2: vsk-17 ($2 in chips) 
Seat 3: HubertusB ($2.74 in chips) 
Seat 4: john7905 ($5.52 in chips) 
Seat 5: Griefer25 ($3.05 in chips) 
Seat 6: kilechka ($2.89 in chips) 
vsk-17: posts small blind $0.01
HubertusB: posts big blind $0.02
*** HOLE CARDS ***
Dealt to HubertusB [7s 7h]
john7905: raises $0.05 to $0.07
Griefer25: calls $0.07
kilechka: folds 
andreihilber: folds 
vsk-17: folds 
HubertusB: calls $0.05
*** FLOP *** [Ks Qh 6h]
HubertusB: checks 
john7905: checks 
Griefer25: checks 
*** TURN *** [Ks Qh 6h] [Ts]
HubertusB: bets $0.11
john7905: folds 
Griefer25: raises $0.30 to $0.41
HubertusB: folds 
Uncalled bet ($0.30) returned to Griefer25
Griefer25 collected $0.42 from pot
Griefer25: doesn't show hand 
*** SUMMARY ***
Total pot $0.44 | Rake $0.02 
Board [Ks Qh 6h Ts]
Seat 1: andreihilber (button) folded before Flop (didn't bet)
Seat 2: vsk-17 (small blind) folded before Flop
Seat 3: HubertusB (big blind) folded on the Turn
Seat 4: john7905 folded on the Turn
Seat 5: Griefer25 collected ($0.42)
Seat 6: kilechka folded before Flop (didn't bet)



PokerStars Zoom Hand #186525058031:  Hold'em No Limit ($0.01/$0.02) - 2018/05/17 20:45:07 CCT [2018/05/17 8:45:07 ET]
Table 'Halley' 6-max Seat #1 is the button
Seat 1: Crowned SULA ($4.01 in chips) 
Seat 2: HubertusB ($2.56 in chips) 
Seat 3: vredniaczek ($7.22 in chips) 
Seat 4: humwuble ($2.24 in chips) 
Seat 5: klon2311 ($2.13 in chips) 
Seat 6: PandaPower12 ($2.50 in chips) 
HubertusB: posts small blind $0.01
vredniaczek: posts big blind $0.02
*** HOLE CARDS ***
Dealt to HubertusB [4d 7h]
humwuble: folds 
klon2311: folds 
PandaPower12: folds 
Crowned SULA: raises $0.03 to $0.05
HubertusB: folds 
vredniaczek: folds 
Uncalled bet ($0.03) returned to Crowned SULA
Crowned SULA collected $0.05 from pot
Crowned SULA: doesn't show hand 
*** SUMMARY ***
Total pot $0.05 | Rake $0 
Seat 1: Crowned SULA (button) collected ($0.05)
Seat 2: HubertusB (small blind) folded before Flop
Seat 3: vredniaczek (big blind) folded before Flop
Seat 4: humwuble folded before Flop (didn't bet)
Seat 5: klon2311 folded before Flop (didn't bet)
Seat 6: PandaPower12 folded before Flop (didn't bet)



PokerStars Zoom Hand #186525064069:  Hold'em No Limit ($0.01/$0.02) - 2018/05/17 20:45:21 CCT [2018/05/17 8:45:21 ET]
Table 'Halley' 6-max Seat #1 is the button
Seat 1: maxm198 ($5.21 in chips) 
Seat 2: inkchung ($2.22 in chips) 
Seat 3: AgroFoxic ($2.56 in chips) 
Seat 4: HubertusB ($2.55 in chips) 
Seat 5: npakTuka ($2.03 in chips) 
Seat 6: hcpalli ($2.02 in chips) 
inkchung: posts small blind $0.01
AgroFoxic: posts big blind $0.02
*** HOLE CARDS ***
Dealt to HubertusB [Kd Qh]
HubertusB: folds 
npakTuka: folds 
hcpalli: folds 
maxm198: folds 
inkchung: folds 
Uncalled bet ($0.01) returned to AgroFoxic
AgroFoxic collected $0.02 from pot
AgroFoxic: doesn't show hand 
*** SUMMARY ***
Total pot $0.02 | Rake $0 
Seat 1: maxm198 (button) folded before Flop (didn't bet)
Seat 2: inkchung (small blind) folded before Flop
Seat 3: AgroFoxic (big blind) collected ($0.02)
Seat 4: HubertusB folded before Flop (didn't bet)
Seat 5: npakTuka folded before Flop (didn't bet)
Seat 6: hcpalli folded before Flop (didn't bet)



PokerStars Zoom Hand #186525061152:  Hold'em No Limit ($0.01/$0.02) - 2018/05/17 20:45:14 CCT [2018/05/17 8:45:14 ET]
Table 'Halley' 6-max Seat #1 is the button
Seat 1: cjutras ($1.90 in chips) 
Seat 2: Savavlad97 ($4.87 in chips) 
Seat 3: Stonemaul ($2.89 in chips) 
Seat 4: johnbelll ($2 in chips) 
Seat 5: Kkrisz90 ($2 in chips) 
Seat 6: HubertusB ($2.55 in chips) 
Savavlad97: posts small blind $0.01
Stonemaul: posts big blind $0.02
*** HOLE CARDS ***
Dealt to HubertusB [8h Kc]
johnbelll: folds 
Kkrisz90: folds 
HubertusB: folds 
cjutras: raises $0.04 to $0.06
Savavlad97: folds 
Stonemaul: folds 
Uncalled bet ($0.04) returned to cjutras
cjutras collected $0.05 from pot
cjutras: doesn't show hand 
*** SUMMARY ***
Total pot $0.05 | Rake $0 
Seat 1: cjutras (button) collected ($0.05)
Seat 2: Savavlad97 (small blind) folded before Flop
Seat 3: Stonemaul (big blind) folded before Flop
Seat 4: johnbelll folded before Flop (didn't bet)
Seat 5: Kkrisz90 folded before Flop (didn't bet)
Seat 6: HubertusB folded before Flop (didn't bet)



PokerStars Zoom Hand #186525054630:  Hold'em No Limit ($0.01/$0.02) - 2018/05/17 20:44:59 CCT [2018/05/17 8:44:59 ET]
Table 'Halley' 6-max Seat #1 is the button
Seat 1: qwerty098234 ($1.99 in chips) 
Seat 2: prestige65 ($2 in chips) 
Seat 3: Mike180380 ($2.06 in chips) 
Seat 4: mitroicata ($4.89 in chips) 
Seat 5: HubertusB ($2.56 in chips) 
Seat 6: nhfrnjh ($0.90 in chips) 
prestige65: posts small blind $0.01
Mike180380: posts big blind $0.02
*** HOLE CARDS ***
Dealt to HubertusB [Td 9c]
mitroicata: folds 
HubertusB: folds 
nhfrnjh: raises $0.04 to $0.06
qwerty098234: calls $0.06
prestige65: folds 
Mike180380: folds 
*** FLOP *** [6c Tc 3d]
nhfrnjh: bets $0.06
qwerty098234: folds 
Uncalled bet ($0.06) returned to nhfrnjh
nhfrnjh collected $0.14 from pot
nhfrnjh: doesn't show hand 
*** SUMMARY ***
Total pot $0.15 | Rake $0.01 
Board [6c Tc 3d]
Seat 1: qwerty098234 (button) folded on the Flop
Seat 2: prestige65 (small blind) folded before Flop
Seat 3: Mike180380 (big blind) folded before Flop
Seat 4: mitroicata folded before Flop (didn't bet)
Seat 5: HubertusB folded before Flop (didn't bet)
Seat 6: nhfrnjh collected ($0.14)



PokerStars Zoom Hand #186525066603:  Hold'em No Limit ($0.01/$0.02) - 2018/05/17 20:45:27 CCT [2018/05/17 8:45:27 ET]
Table 'Halley' 6-max Seat #1 is the button
Seat 1: sparky585 ($2.20 in chips) 
Seat 2: MVDVeer1983 ($2.30 in chips) 
Seat 3: vcrocksnj ($0.36 in chips) 
Seat 4: HubertusB ($2.55 in chips) 
Seat 5: Saukra ($2.46 in chips) 
Seat 6: YlaShark ($3.03 in chips) 
MVDVeer1983: posts small blind $0.01
vcrocksnj: posts big blind $0.02
*** HOLE CARDS ***
Dealt to HubertusB [Qd 2s]
HubertusB: folds 
Saukra: folds 
YlaShark: folds 
sparky585: folds 
MVDVeer1983: folds 
Uncalled bet ($0.01) returned to vcrocksnj
vcrocksnj collected $0.02 from pot
vcrocksnj: doesn't show hand 
*** SUMMARY ***
Total pot $0.02 | Rake $0 
Seat 1: sparky585 (button) folded before Flop (didn't bet)
Seat 2: MVDVeer1983 (small blind) folded before Flop
Seat 3: vcrocksnj (big blind) collected ($0.02)
Seat 4: HubertusB folded before Flop (didn't bet)
Seat 5: Saukra folded before Flop (didn't bet)
Seat 6: YlaShark folded before Flop (didn't bet)



PokerStars Zoom Hand #186525070550:  Hold'em No Limit ($0.01/$0.02) - 2018/05/17 20:45:36 CCT [2018/05/17 8:45:36 ET]
Table 'Halley' 6-max Seat #1 is the button
Seat 1: HubertusB ($2.55 in chips) 
Seat 2: Mista Live ($2.01 in chips) 
Seat 3: hoby2 ($4.70 in chips) 
Seat 4: Bilissss ($2 in chips) 
Seat 5: Efimov07 ($2.33 in chips) 
Seat 6: semirami2 ($2.12 in chips) 
Mista Live: posts small blind $0.01
hoby2: posts big blind $0.02
*** HOLE CARDS ***
Dealt to HubertusB [Qs 4h]
Bilissss: folds 
Efimov07: folds 
semirami2: folds 
HubertusB: folds 
Mista Live: raises $0.03 to $0.05
hoby2: calls $0.03
*** FLOP *** [6h Qc 7h]
Mista Live: checks 
hoby2: checks 
*** TURN *** [6h Qc 7h] [9d]
Mista Live: checks 
hoby2: bets $0.04
Mista Live: folds 
Uncalled bet ($0.04) returned to hoby2
hoby2 collected $0.10 from pot
hoby2: doesn't show hand 
*** SUMMARY ***
Total pot $0.10 | Rake $0 
Board [6h Qc 7h 9d]
Seat 1: HubertusB (button) folded before Flop (didn't bet)
Seat 2: Mista Live (small blind) folded on the Turn
Seat 3: hoby2 (big blind) collected ($0.10)
Seat 4: Bilissss folded before Flop (didn't bet)
Seat 5: Efimov07 folded before Flop (didn't bet)
Seat 6: semirami2 folded before Flop (didn't bet)



