PokerStars Zoom Hand #186524466359:  Hold'em No Limit ($0.01/$0.02) - 2018/05/17 20:21:34 CCT [2018/05/17 8:21:34 ET]
Table 'Halley' 6-max Seat #1 is the button
Seat 1: semirami2 ($2.10 in chips) 
Seat 2: leomax100 ($2.08 in chips) 
Seat 3: HubertusB ($2 in chips) 
Seat 4: viigrivau ($1.79 in chips) 
Seat 5: Efimov07 ($2 in chips) 
Seat 6: mochimaruru ($2.35 in chips) 
leomax100: posts small blind $0.01
HubertusB: posts big blind $0.02
*** HOLE CARDS ***
Dealt to HubertusB [9c 5c]
viigrivau: folds 
Efimov07: folds 
mochimaruru: folds 
semirami2: folds 
leomax100: raises $0.02 to $0.04
HubertusB: calls $0.02
*** FLOP *** [Ks 9s 4h]
leomax100: bets $0.06
HubertusB: calls $0.06
*** TURN *** [Ks 9s 4h] [6h]
leomax100: bets $0.10
HubertusB: folds 
Uncalled bet ($0.10) returned to leomax100
leomax100 collected $0.19 from pot
leomax100: doesn't show hand 
*** SUMMARY ***
Total pot $0.20 | Rake $0.01 
Board [Ks 9s 4h 6h]
Seat 1: semirami2 (button) folded before Flop (didn't bet)
Seat 2: leomax100 (small blind) collected ($0.19)
Seat 3: HubertusB (big blind) folded on the Turn
Seat 4: viigrivau folded before Flop (didn't bet)
Seat 5: Efimov07 folded before Flop (didn't bet)
Seat 6: mochimaruru folded before Flop (didn't bet)



PokerStars Zoom Hand #186524491491:  Hold'em No Limit ($0.01/$0.02) - 2018/05/17 20:22:35 CCT [2018/05/17 8:22:35 ET]
Table 'Halley' 6-max Seat #1 is the button
Seat 1: HubertusB ($1.89 in chips) 
Seat 2: xiaochenMS ($1.75 in chips) 
Seat 3: vitalgl74 ($3.51 in chips) 
Seat 4: poliars ($2.11 in chips) 
Seat 5: CHET2105 ($1.13 in chips) 
Seat 6: Crowned SULA ($2 in chips) 
xiaochenMS: posts small blind $0.01
vitalgl74: posts big blind $0.02
*** HOLE CARDS ***
Dealt to HubertusB [Js 4d]
poliars: folds 
CHET2105: folds 
Crowned SULA: folds 
HubertusB: folds 
xiaochenMS: folds 
Uncalled bet ($0.01) returned to vitalgl74
vitalgl74 collected $0.02 from pot
vitalgl74: doesn't show hand 
*** SUMMARY ***
Total pot $0.02 | Rake $0 
Seat 1: HubertusB (button) folded before Flop (didn't bet)
Seat 2: xiaochenMS (small blind) folded before Flop
Seat 3: vitalgl74 (big blind) collected ($0.02)
Seat 4: poliars folded before Flop (didn't bet)
Seat 5: CHET2105 folded before Flop (didn't bet)
Seat 6: Crowned SULA folded before Flop (didn't bet)



PokerStars Zoom Hand #186524494729:  Hold'em No Limit ($0.01/$0.02) - 2018/05/17 20:22:43 CCT [2018/05/17 8:22:43 ET]
Table 'Halley' 6-max Seat #1 is the button
Seat 1: _Gasan_ruslan ($0.38 in chips) 
Seat 2: maxm198 ($3.29 in chips) 
Seat 3: HubertusB ($1.89 in chips) 
Seat 4: ImThaShark ($2.04 in chips) 
Seat 5: PNL710 ($2.02 in chips) 
Seat 6: fitzroy3570 ($1.27 in chips) 
maxm198: posts small blind $0.01
HubertusB: posts big blind $0.02
*** HOLE CARDS ***
Dealt to HubertusB [3s 9d]
ImThaShark: folds 
PNL710: folds 
fitzroy3570: folds 
_Gasan_ruslan: folds 
maxm198: folds 
Uncalled bet ($0.01) returned to HubertusB
HubertusB collected $0.02 from pot
HubertusB: doesn't show hand 
*** SUMMARY ***
Total pot $0.02 | Rake $0 
Seat 1: _Gasan_ruslan (button) folded before Flop (didn't bet)
Seat 2: maxm198 (small blind) folded before Flop
Seat 3: HubertusB (big blind) collected ($0.02)
Seat 4: ImThaShark folded before Flop (didn't bet)
Seat 5: PNL710 folded before Flop (didn't bet)
Seat 6: fitzroy3570 folded before Flop (didn't bet)



PokerStars Zoom Hand #186524485712:  Hold'em No Limit ($0.01/$0.02) - 2018/05/17 20:22:21 CCT [2018/05/17 8:22:21 ET]
Table 'Halley' 6-max Seat #1 is the button
Seat 1: Kucher2 ($2.68 in chips) 
Seat 2: aleh neves ($0.94 in chips) 
Seat 3: Zhibus ($0.99 in chips) 
Seat 4: Unstoppabble ($2 in chips) 
Seat 5: unimat 1 ($2.92 in chips) 
Seat 6: HubertusB ($1.89 in chips) 
aleh neves: posts small blind $0.01
Zhibus: posts big blind $0.02
*** HOLE CARDS ***
Dealt to HubertusB [Ts 8h]
Unstoppabble: folds 
unimat 1: folds 
HubertusB: folds 
Kucher2: folds 
aleh neves: calls $0.01
Zhibus: checks 
*** FLOP *** [2c Jd 8s]
aleh neves: checks 
Zhibus: checks 
*** TURN *** [2c Jd 8s] [5c]
aleh neves: checks 
Zhibus: bets $0.04
aleh neves: calls $0.04
*** RIVER *** [2c Jd 8s 5c] [9c]
aleh neves: bets $0.88 and is all-in
Zhibus: folds 
Uncalled bet ($0.88) returned to aleh neves
aleh neves collected $0.12 from pot
aleh neves: doesn't show hand 
*** SUMMARY ***
Total pot $0.12 | Rake $0 
Board [2c Jd 8s 5c 9c]
Seat 1: Kucher2 (button) folded before Flop (didn't bet)
Seat 2: aleh neves (small blind) collected ($0.12)
Seat 3: Zhibus (big blind) folded on the River
Seat 4: Unstoppabble folded before Flop (didn't bet)
Seat 5: unimat 1 folded before Flop (didn't bet)
Seat 6: HubertusB folded before Flop (didn't bet)



PokerStars Zoom Hand #186524479987:  Hold'em No Limit ($0.01/$0.02) - 2018/05/17 20:22:07 CCT [2018/05/17 8:22:07 ET]
Table 'Halley' 6-max Seat #1 is the button
Seat 1: cryptozee ($2.17 in chips) 
Seat 2: HubertusB ($1.90 in chips) 
Seat 3: champ8812 ($2.04 in chips) 
Seat 4: DMüller273 ($2.16 in chips) 
Seat 5: 66egorik ($2.04 in chips) 
Seat 6: klon2311 ($2.26 in chips) 
HubertusB: posts small blind $0.01
champ8812: posts big blind $0.02
*** HOLE CARDS ***
Dealt to HubertusB [4d 8h]
DMüller273: folds 
66egorik: folds 
klon2311: raises $0.04 to $0.06
cryptozee: calls $0.06
HubertusB: folds 
champ8812: calls $0.04
*** FLOP *** [4s 8c 9d]
champ8812: checks 
klon2311: checks 
cryptozee: bets $0.12
champ8812: calls $0.12
klon2311: folds 
*** TURN *** [4s 8c 9d] [3c]
champ8812: checks 
cryptozee: bets $0.27
champ8812: folds 
Uncalled bet ($0.27) returned to cryptozee
cryptozee collected $0.41 from pot
cryptozee: doesn't show hand 
*** SUMMARY ***
Total pot $0.43 | Rake $0.02 
Board [4s 8c 9d 3c]
Seat 1: cryptozee (button) collected ($0.41)
Seat 2: HubertusB (small blind) folded before Flop
Seat 3: champ8812 (big blind) folded on the Turn
Seat 4: DMüller273 folded before Flop (didn't bet)
Seat 5: 66egorik folded before Flop (didn't bet)
Seat 6: klon2311 folded on the Flop



PokerStars Zoom Hand #186524501013:  Hold'em No Limit ($0.01/$0.02) - 2018/05/17 20:22:58 CCT [2018/05/17 8:22:58 ET]
Table 'Halley' 6-max Seat #1 is the button
Seat 1: ccvvisa ($2 in chips) 
Seat 2: HubertusB ($1.90 in chips) 
Seat 3: Holmes1824 ($2.21 in chips) 
Seat 4: nowiqq ($2.76 in chips) 
Seat 5: kilechka ($1.03 in chips) 
Seat 6: PSMo3ak ($4.95 in chips) 
HubertusB: posts small blind $0.01
Holmes1824: posts big blind $0.02
*** HOLE CARDS ***
Dealt to HubertusB [Jc Qh]
nowiqq: folds 
kilechka: raises $0.04 to $0.06
PSMo3ak: folds 
ccvvisa: folds 
HubertusB: folds 
Holmes1824: calls $0.04
*** FLOP *** [8h 9s 6s]
Holmes1824: checks 
kilechka: bets $0.07
Holmes1824: calls $0.07
*** TURN *** [8h 9s 6s] [Th]
Holmes1824: checks 
kilechka: checks 
*** RIVER *** [8h 9s 6s Th] [9d]
Holmes1824: checks 
kilechka: checks 
*** SHOW DOWN ***
Holmes1824: shows [Kd Td] (two pair, Tens and Nines)
kilechka: mucks hand 
Holmes1824 collected $0.26 from pot
*** SUMMARY ***
Total pot $0.27 | Rake $0.01 
Board [8h 9s 6s Th 9d]
Seat 1: ccvvisa (button) folded before Flop (didn't bet)
Seat 2: HubertusB (small blind) folded before Flop
Seat 3: Holmes1824 (big blind) showed [Kd Td] and won ($0.26) with two pair, Tens and Nines
Seat 4: nowiqq folded before Flop (didn't bet)
Seat 5: kilechka mucked [Ks 8s]
Seat 6: PSMo3ak folded before Flop (didn't bet)



PokerStars Zoom Hand #186524506750:  Hold'em No Limit ($0.01/$0.02) - 2018/05/17 20:23:12 CCT [2018/05/17 8:23:12 ET]
Table 'Halley' 6-max Seat #1 is the button
Seat 1: IcsanyI ($1.93 in chips) 
Seat 2: Sergey_TN ($1.99 in chips) 
Seat 3: Wkite ($2.16 in chips) 
Seat 4: Angry_Fish0 ($2.24 in chips) 
Seat 5: HubertusB ($1.89 in chips) 
Seat 6: Novikov_PM ($3.09 in chips) 
Sergey_TN: posts small blind $0.01
Wkite: posts big blind $0.02
*** HOLE CARDS ***
Dealt to HubertusB [9h 7c]
Angry_Fish0: folds 
HubertusB: folds 
Novikov_PM: raises $0.04 to $0.06
IcsanyI: folds 
Sergey_TN: folds 
Wkite: folds 
Uncalled bet ($0.04) returned to Novikov_PM
Novikov_PM collected $0.05 from pot
Novikov_PM: doesn't show hand 
*** SUMMARY ***
Total pot $0.05 | Rake $0 
Seat 1: IcsanyI (button) folded before Flop (didn't bet)
Seat 2: Sergey_TN (small blind) folded before Flop
Seat 3: Wkite (big blind) folded before Flop
Seat 4: Angry_Fish0 folded before Flop (didn't bet)
Seat 5: HubertusB folded before Flop (didn't bet)
Seat 6: Novikov_PM collected ($0.05)



PokerStars Zoom Hand #186524510887:  Hold'em No Limit ($0.01/$0.02) - 2018/05/17 20:23:22 CCT [2018/05/17 8:23:22 ET]
Table 'Halley' 6-max Seat #1 is the button
Seat 1: HubertusB ($1.89 in chips) 
Seat 2: YlaShark ($2.15 in chips) 
Seat 3: gladbach112 ($0.97 in chips) 
Seat 4: SAHA3746 ($2.13 in chips) 
Seat 5: kaprizka333 ($2.53 in chips) 
Seat 6: lll MAXV lll ($2.36 in chips) 
YlaShark: posts small blind $0.01
gladbach112: posts big blind $0.02
*** HOLE CARDS ***
Dealt to HubertusB [7c 3c]
SAHA3746: folds 
kaprizka333: folds 
lll MAXV lll: folds 
HubertusB: folds 
YlaShark: raises $0.04 to $0.06
gladbach112: folds 
Uncalled bet ($0.04) returned to YlaShark
YlaShark collected $0.04 from pot
YlaShark: doesn't show hand 
*** SUMMARY ***
Total pot $0.04 | Rake $0 
Seat 1: HubertusB (button) folded before Flop (didn't bet)
Seat 2: YlaShark (small blind) collected ($0.04)
Seat 3: gladbach112 (big blind) folded before Flop
Seat 4: SAHA3746 folded before Flop (didn't bet)
Seat 5: kaprizka333 folded before Flop (didn't bet)
Seat 6: lll MAXV lll folded before Flop (didn't bet)



PokerStars Zoom Hand #186524515755:  Hold'em No Limit ($0.01/$0.02) - 2018/05/17 20:23:34 CCT [2018/05/17 8:23:34 ET]
Table 'Halley' 6-max Seat #1 is the button
Seat 1: riddim88 ($4.32 in chips) 
Seat 2: AVyiO ($2.34 in chips) 
Seat 3: maxm198 ($2.12 in chips) 
Seat 4: HubertusB ($1.89 in chips) 
Seat 5: kaprizka333 ($2.36 in chips) 
Seat 6: MON3YMONK3Y ($1.98 in chips) 
AVyiO: posts small blind $0.01
maxm198: posts big blind $0.02
*** HOLE CARDS ***
Dealt to HubertusB [Tc 5d]
HubertusB: folds 
kaprizka333: raises $0.04 to $0.06
MON3YMONK3Y: folds 
riddim88: folds 
AVyiO: folds 
maxm198: folds 
Uncalled bet ($0.04) returned to kaprizka333
kaprizka333 collected $0.05 from pot
kaprizka333: doesn't show hand 
*** SUMMARY ***
Total pot $0.05 | Rake $0 
Seat 1: riddim88 (button) folded before Flop (didn't bet)
Seat 2: AVyiO (small blind) folded before Flop
Seat 3: maxm198 (big blind) folded before Flop
Seat 4: HubertusB folded before Flop (didn't bet)
Seat 5: kaprizka333 collected ($0.05)
Seat 6: MON3YMONK3Y folded before Flop (didn't bet)



PokerStars Zoom Hand #186524518589:  Hold'em No Limit ($0.01/$0.02) - 2018/05/17 20:23:41 CCT [2018/05/17 8:23:41 ET]
Table 'Halley' 6-max Seat #1 is the button
Seat 1: duzy33 ($3.72 in chips) 
Seat 2: Bacar88 ($2 in chips) 
Seat 3: bratishka74 ($4.24 in chips) 
Seat 4: SUMRAK558 ($1.84 in chips) 
Seat 5: HubertusB ($1.89 in chips) 
Seat 6: vecinul ($2 in chips) 
Bacar88: posts small blind $0.01
bratishka74: posts big blind $0.02
*** HOLE CARDS ***
Dealt to HubertusB [6h Qd]
SUMRAK558: folds 
HubertusB: folds 
vecinul: raises $0.04 to $0.06
duzy33: folds 
Bacar88: folds 
bratishka74: folds 
Uncalled bet ($0.04) returned to vecinul
vecinul collected $0.05 from pot
vecinul: doesn't show hand 
*** SUMMARY ***
Total pot $0.05 | Rake $0 
Seat 1: duzy33 (button) folded before Flop (didn't bet)
Seat 2: Bacar88 (small blind) folded before Flop
Seat 3: bratishka74 (big blind) folded before Flop
Seat 4: SUMRAK558 folded before Flop (didn't bet)
Seat 5: HubertusB folded before Flop (didn't bet)
Seat 6: vecinul collected ($0.05)



PokerStars Zoom Hand #186524512847:  Hold'em No Limit ($0.01/$0.02) - 2018/05/17 20:23:27 CCT [2018/05/17 8:23:27 ET]
Table 'Halley' 6-max Seat #1 is the button
Seat 1: mufan7777 ($3.13 in chips) 
Seat 2: booktable ($2.21 in chips) 
Seat 3: CHET2105 ($3.17 in chips) 
Seat 4: fitzroy3570 ($2 in chips) 
Seat 5: iLLuRi ($2.33 in chips) 
Seat 6: HubertusB ($1.89 in chips) 
booktable: posts small blind $0.01
CHET2105: posts big blind $0.02
*** HOLE CARDS ***
Dealt to HubertusB [5d 2h]
fitzroy3570: folds 
iLLuRi: folds 
HubertusB: folds 
mufan7777: raises $0.02 to $0.04
booktable: folds 
CHET2105: calls $0.02
*** FLOP *** [6c 7d Ac]
CHET2105: checks 
mufan7777: checks 
*** TURN *** [6c 7d Ac] [7s]
CHET2105: checks 
mufan7777: checks 
*** RIVER *** [6c 7d Ac 7s] [8s]
CHET2105: checks 
mufan7777: checks 
*** SHOW DOWN ***
CHET2105: shows [As 9c] (two pair, Aces and Sevens)
mufan7777: mucks hand 
CHET2105 collected $0.09 from pot
*** SUMMARY ***
Total pot $0.09 | Rake $0 
Board [6c 7d Ac 7s 8s]
Seat 1: mufan7777 (button) mucked [Qd 9s]
Seat 2: booktable (small blind) folded before Flop
Seat 3: CHET2105 (big blind) showed [As 9c] and won ($0.09) with two pair, Aces and Sevens
Seat 4: fitzroy3570 folded before Flop (didn't bet)
Seat 5: iLLuRi folded before Flop (didn't bet)
Seat 6: HubertusB folded before Flop (didn't bet)



PokerStars Zoom Hand #186524521429:  Hold'em No Limit ($0.01/$0.02) - 2018/05/17 20:23:48 CCT [2018/05/17 8:23:48 ET]
Table 'Halley' 6-max Seat #1 is the button
Seat 1: HubertusB ($1.89 in chips) 
Seat 2: maflux ($3.93 in chips) 
Seat 3: Kucher2 ($3.40 in chips) 
Seat 4: Zhibus ($1 in chips) 
Seat 5: mohandes81 ($2.64 in chips) 
Seat 6: belmain.by ($2.10 in chips) 
maflux: posts small blind $0.01
Kucher2: posts big blind $0.02
*** HOLE CARDS ***
Dealt to HubertusB [7d 2s]
Zhibus: folds 
mohandes81: folds 
belmain.by: raises $0.04 to $0.06
HubertusB: folds 
maflux: folds 
Kucher2: folds 
Uncalled bet ($0.04) returned to belmain.by
belmain.by collected $0.05 from pot
belmain.by: doesn't show hand 
*** SUMMARY ***
Total pot $0.05 | Rake $0 
Seat 1: HubertusB (button) folded before Flop (didn't bet)
Seat 2: maflux (small blind) folded before Flop
Seat 3: Kucher2 (big blind) folded before Flop
Seat 4: Zhibus folded before Flop (didn't bet)
Seat 5: mohandes81 folded before Flop (didn't bet)
Seat 6: belmain.by collected ($0.05)



PokerStars Zoom Hand #186524526388:  Hold'em No Limit ($0.01/$0.02) - 2018/05/17 20:24:00 CCT [2018/05/17 8:24:00 ET]
Table 'Halley' 6-max Seat #1 is the button
Seat 1: iLLuRi ($2.70 in chips) 
Seat 2: gepard35 ($2.07 in chips) 
Seat 3: laoban888 ($2 in chips) 
Seat 4: Hayoterkinovich ($4.70 in chips) 
Seat 5: aloneinnoise ($1.99 in chips) 
Seat 6: HubertusB ($1.89 in chips) 
gepard35: posts small blind $0.01
laoban888: posts big blind $0.02
*** HOLE CARDS ***
Dealt to HubertusB [Kc 9d]
Hayoterkinovich: folds 
aloneinnoise: folds 
HubertusB: raises $0.03 to $0.05
iLLuRi: folds 
gepard35: folds 
laoban888: folds 
Uncalled bet ($0.03) returned to HubertusB
HubertusB collected $0.05 from pot
HubertusB: doesn't show hand 
*** SUMMARY ***
Total pot $0.05 | Rake $0 
Seat 1: iLLuRi (button) folded before Flop (didn't bet)
Seat 2: gepard35 (small blind) folded before Flop
Seat 3: laoban888 (big blind) folded before Flop
Seat 4: Hayoterkinovich folded before Flop (didn't bet)
Seat 5: aloneinnoise folded before Flop (didn't bet)
Seat 6: HubertusB collected ($0.05)



PokerStars Zoom Hand #186524535423:  Hold'em No Limit ($0.01/$0.02) - 2018/05/17 20:24:22 CCT [2018/05/17 8:24:22 ET]
Table 'Halley' 6-max Seat #1 is the button
Seat 1: Kucher2 ($1.58 in chips) 
Seat 2: dsibirin ($2.01 in chips) 
Seat 3: HubertusB ($1.92 in chips) 
Seat 4: bratishka74 ($4.24 in chips) 
Seat 5: iLLuRi ($2.31 in chips) 
Seat 6: honu347 ($1.32 in chips) 
dsibirin: posts small blind $0.01
HubertusB: posts big blind $0.02
*** HOLE CARDS ***
Dealt to HubertusB [Ac Th]
bratishka74: folds 
iLLuRi: folds 
honu347: folds 
Kucher2: folds 
dsibirin: folds 
Uncalled bet ($0.01) returned to HubertusB
HubertusB collected $0.02 from pot
HubertusB: doesn't show hand 
*** SUMMARY ***
Total pot $0.02 | Rake $0 
Seat 1: Kucher2 (button) folded before Flop (didn't bet)
Seat 2: dsibirin (small blind) folded before Flop
Seat 3: HubertusB (big blind) collected ($0.02)
Seat 4: bratishka74 folded before Flop (didn't bet)
Seat 5: iLLuRi folded before Flop (didn't bet)
Seat 6: honu347 folded before Flop (didn't bet)



PokerStars Zoom Hand #186524544474:  Hold'em No Limit ($0.01/$0.02) - 2018/05/17 20:24:44 CCT [2018/05/17 8:24:44 ET]
Table 'Halley' 6-max Seat #1 is the button
Seat 1: Little Geewood ($2.07 in chips) 
Seat 2: pastyr777 ($2.04 in chips) 
Seat 3: KULAEV STAR ($1.49 in chips) 
Seat 4: ahahahaha203 ($2.57 in chips) 
Seat 5: HubertusB ($1.92 in chips) 
Seat 6: Efimov07 ($2.07 in chips) 
pastyr777: posts small blind $0.01
KULAEV STAR: posts big blind $0.02
*** HOLE CARDS ***
Dealt to HubertusB [7s Jh]
ahahahaha203: folds 
HubertusB: folds 
Efimov07: folds 
Little Geewood: folds 
pastyr777: folds 
Uncalled bet ($0.01) returned to KULAEV STAR
KULAEV STAR collected $0.02 from pot
KULAEV STAR: doesn't show hand 
*** SUMMARY ***
Total pot $0.02 | Rake $0 
Seat 1: Little Geewood (button) folded before Flop (didn't bet)
Seat 2: pastyr777 (small blind) folded before Flop
Seat 3: KULAEV STAR (big blind) collected ($0.02)
Seat 4: ahahahaha203 folded before Flop (didn't bet)
Seat 5: HubertusB folded before Flop (didn't bet)
Seat 6: Efimov07 folded before Flop (didn't bet)



PokerStars Zoom Hand #186524541162:  Hold'em No Limit ($0.01/$0.02) - 2018/05/17 20:24:36 CCT [2018/05/17 8:24:36 ET]
Table 'Halley' 6-max Seat #1 is the button
Seat 1: duzy33 ($4.31 in chips) 
Seat 2: HubertusB ($1.93 in chips) 
Seat 3: duvallwbb ($2 in chips) 
Seat 4: LSANYI76 ($0.92 in chips) 
Seat 5: Neptune27 ($2 in chips) 
Seat 6: tolkien1986 ($1.30 in chips) 
HubertusB: posts small blind $0.01
duvallwbb: posts big blind $0.02
*** HOLE CARDS ***
Dealt to HubertusB [5d 8c]
LSANYI76: calls $0.02
Neptune27: folds 
tolkien1986: folds 
duzy33: folds 
HubertusB: folds 
duvallwbb: checks 
*** FLOP *** [3s 9h Ad]
duvallwbb: checks 
LSANYI76: bets $0.02
duvallwbb: calls $0.02
*** TURN *** [3s 9h Ad] [7c]
duvallwbb: checks 
LSANYI76: checks 
*** RIVER *** [3s 9h Ad 7c] [4h]
duvallwbb: checks 
LSANYI76: checks 
*** SHOW DOWN ***
duvallwbb: shows [8h 9c] (a pair of Nines)
LSANYI76: mucks hand 
duvallwbb collected $0.09 from pot
*** SUMMARY ***
Total pot $0.09 | Rake $0 
Board [3s 9h Ad 7c 4h]
Seat 1: duzy33 (button) folded before Flop (didn't bet)
Seat 2: HubertusB (small blind) folded before Flop
Seat 3: duvallwbb (big blind) showed [8h 9c] and won ($0.09) with a pair of Nines
Seat 4: LSANYI76 mucked [Ks Tc]
Seat 5: Neptune27 folded before Flop (didn't bet)
Seat 6: tolkien1986 folded before Flop (didn't bet)



PokerStars Zoom Hand #186524547035:  Hold'em No Limit ($0.01/$0.02) - 2018/05/17 20:24:50 CCT [2018/05/17 8:24:50 ET]
Table 'Halley' 6-max Seat #1 is the button
Seat 1: alexmack2283 ($4.57 in chips) 
Seat 2: gabinova77 ($2.87 in chips) 
Seat 3: FTWID ($4.78 in chips) 
Seat 4: HubertusB ($1.92 in chips) 
Seat 5: ghisbug ($7.42 in chips) 
Seat 6: kolacar ($2.53 in chips) 
gabinova77: posts small blind $0.01
FTWID: posts big blind $0.02
*** HOLE CARDS ***
Dealt to HubertusB [8s 7h]
HubertusB: folds 
ghisbug: folds 
kolacar: folds 
alexmack2283: raises $0.04 to $0.06
gabinova77: folds 
FTWID: folds 
Uncalled bet ($0.04) returned to alexmack2283
alexmack2283 collected $0.05 from pot
alexmack2283: doesn't show hand 
*** SUMMARY ***
Total pot $0.05 | Rake $0 
Seat 1: alexmack2283 (button) collected ($0.05)
Seat 2: gabinova77 (small blind) folded before Flop
Seat 3: FTWID (big blind) folded before Flop
Seat 4: HubertusB folded before Flop (didn't bet)
Seat 5: ghisbug folded before Flop (didn't bet)
Seat 6: kolacar folded before Flop (didn't bet)



PokerStars Zoom Hand #186524549974:  Hold'em No Limit ($0.01/$0.02) - 2018/05/17 20:24:57 CCT [2018/05/17 8:24:57 ET]
Table 'Halley' 6-max Seat #1 is the button
Seat 1: bivervr ($1.18 in chips) 
Seat 2: Fostal_by ($2.03 in chips) 
Seat 3: HubertusB ($1.92 in chips) 
Seat 4: marcioadrs ($2.23 in chips) 
Seat 5: Fallen1989 ($3.98 in chips) 
Seat 6: laoban888 ($2 in chips) 
Fostal_by: posts small blind $0.01
HubertusB: posts big blind $0.02
*** HOLE CARDS ***
Dealt to HubertusB [4c 2h]
marcioadrs: folds 
Fallen1989: folds 
laoban888: folds 
bivervr: folds 
Fostal_by: folds 
Uncalled bet ($0.01) returned to HubertusB
HubertusB collected $0.02 from pot
HubertusB: doesn't show hand 
*** SUMMARY ***
Total pot $0.02 | Rake $0 
Seat 1: bivervr (button) folded before Flop (didn't bet)
Seat 2: Fostal_by (small blind) folded before Flop
Seat 3: HubertusB (big blind) collected ($0.02)
Seat 4: marcioadrs folded before Flop (didn't bet)
Seat 5: Fallen1989 folded before Flop (didn't bet)
Seat 6: laoban888 folded before Flop (didn't bet)



PokerStars Zoom Hand #186524559078:  Hold'em No Limit ($0.01/$0.02) - 2018/05/17 20:25:19 CCT [2018/05/17 8:25:19 ET]
Table 'Halley' 6-max Seat #1 is the button
Seat 1: HubertusB ($1.93 in chips) 
Seat 2: mamaMarilyn ($2.73 in chips) 
Seat 3: jessie011628 ($2.88 in chips) 
Seat 4: Unstoppabble ($2.10 in chips) 
Seat 5: LupoGtiAA ($2.45 in chips) 
Seat 6: vilivegas ($1.79 in chips) 
mamaMarilyn: posts small blind $0.01
jessie011628: posts big blind $0.02
*** HOLE CARDS ***
Dealt to HubertusB [4d 2c]
Unstoppabble: folds 
LupoGtiAA: folds 
vilivegas: folds 
HubertusB: folds 
mamaMarilyn: raises $0.04 to $0.06
jessie011628: folds 
Uncalled bet ($0.04) returned to mamaMarilyn
mamaMarilyn collected $0.04 from pot
mamaMarilyn: doesn't show hand 
*** SUMMARY ***
Total pot $0.04 | Rake $0 
Seat 1: HubertusB (button) folded before Flop (didn't bet)
Seat 2: mamaMarilyn (small blind) collected ($0.04)
Seat 3: jessie011628 (big blind) folded before Flop
Seat 4: Unstoppabble folded before Flop (didn't bet)
Seat 5: LupoGtiAA folded before Flop (didn't bet)
Seat 6: vilivegas folded before Flop (didn't bet)



PokerStars Zoom Hand #186524556539:  Hold'em No Limit ($0.01/$0.02) - 2018/05/17 20:25:13 CCT [2018/05/17 8:25:13 ET]
Table 'Halley' 6-max Seat #1 is the button
Seat 1: leonidsss ($4.54 in chips) 
Seat 2: maxm198 ($3.63 in chips) 
Seat 3: leomax100 ($2.18 in chips) 
Seat 4: tima1sT ($2.28 in chips) 
Seat 5: HubertusB ($1.93 in chips) 
Seat 6: Jamilitaktak ($2.02 in chips) 
maxm198: posts small blind $0.01
leomax100: posts big blind $0.02
*** HOLE CARDS ***
Dealt to HubertusB [4h Js]
tima1sT: folds 
HubertusB: folds 
Jamilitaktak: raises $0.04 to $0.06
leonidsss: calls $0.06
maxm198: calls $0.05
leomax100: calls $0.04
*** FLOP *** [6s 2h 5c]
maxm198: bets $0.16
leomax100: folds 
Jamilitaktak: raises $0.55 to $0.71
leonidsss: folds 
maxm198: folds 
Uncalled bet ($0.55) returned to Jamilitaktak
Jamilitaktak collected $0.54 from pot
Jamilitaktak: doesn't show hand 
*** SUMMARY ***
Total pot $0.56 | Rake $0.02 
Board [6s 2h 5c]
Seat 1: leonidsss (button) folded on the Flop
Seat 2: maxm198 (small blind) folded on the Flop
Seat 3: leomax100 (big blind) folded on the Flop
Seat 4: tima1sT folded before Flop (didn't bet)
Seat 5: HubertusB folded before Flop (didn't bet)
Seat 6: Jamilitaktak collected ($0.54)



PokerStars Zoom Hand #186524570028:  Hold'em No Limit ($0.01/$0.02) - 2018/05/17 20:25:46 CCT [2018/05/17 8:25:46 ET]
Table 'Halley' 6-max Seat #1 is the button
Seat 1: cmauji11 ($2.03 in chips) 
Seat 2: aftermath214 ($2.17 in chips) 
Seat 3: il617 ($1.86 in chips) 
Seat 4: HubertusB ($1.92 in chips) 
Seat 5: Maks19861604 ($0.53 in chips) 
Seat 6: duvallwbb ($2.04 in chips) 
aftermath214: posts small blind $0.01
il617: posts big blind $0.02
*** HOLE CARDS ***
Dealt to HubertusB [9d 8h]
HubertusB: folds 
Maks19861604: folds 
duvallwbb: folds 
cmauji11: raises $0.02 to $0.04
aftermath214: folds 
il617: folds 
Uncalled bet ($0.02) returned to cmauji11
cmauji11 collected $0.05 from pot
cmauji11: doesn't show hand 
*** SUMMARY ***
Total pot $0.05 | Rake $0 
Seat 1: cmauji11 (button) collected ($0.05)
Seat 2: aftermath214 (small blind) folded before Flop
Seat 3: il617 (big blind) folded before Flop
Seat 4: HubertusB folded before Flop (didn't bet)
Seat 5: Maks19861604 folded before Flop (didn't bet)
Seat 6: duvallwbb folded before Flop (didn't bet)



PokerStars Zoom Hand #186524560698:  Hold'em No Limit ($0.01/$0.02) - 2018/05/17 20:25:23 CCT [2018/05/17 8:25:23 ET]
Table 'Halley' 6-max Seat #1 is the button
Seat 1: naokiti ($2.11 in chips) 
Seat 2: HubertusB ($1.93 in chips) 
Seat 3: duvallwbb ($2.04 in chips) 
Seat 4: SAHA3746 ($2.04 in chips) 
Seat 5: cahalfish ($2 in chips) 
Seat 6: Fostal_by ($2 in chips) 
HubertusB: posts small blind $0.01
duvallwbb: posts big blind $0.02
*** HOLE CARDS ***
Dealt to HubertusB [4s Js]
SAHA3746: folds 
cahalfish: raises $0.04 to $0.06
Fostal_by: folds 
naokiti: calls $0.06
HubertusB: folds 
duvallwbb: folds 
*** FLOP *** [Kd Kc Jc]
cahalfish: checks 
naokiti: checks 
*** TURN *** [Kd Kc Jc] [Kh]
cahalfish: bets $0.07
naokiti: folds 
Uncalled bet ($0.07) returned to cahalfish
cahalfish collected $0.14 from pot
cahalfish: doesn't show hand 
*** SUMMARY ***
Total pot $0.15 | Rake $0.01 
Board [Kd Kc Jc Kh]
Seat 1: naokiti (button) folded on the Turn
Seat 2: HubertusB (small blind) folded before Flop
Seat 3: duvallwbb (big blind) folded before Flop
Seat 4: SAHA3746 folded before Flop (didn't bet)
Seat 5: cahalfish collected ($0.14)
Seat 6: Fostal_by folded before Flop (didn't bet)



PokerStars Zoom Hand #186524573289:  Hold'em No Limit ($0.01/$0.02) - 2018/05/17 20:25:54 CCT [2018/05/17 8:25:54 ET]
Table 'Halley' 6-max Seat #1 is the button
Seat 1: KessyoM ($1.04 in chips) 
Seat 2: PNL710 ($2.07 in chips) 
Seat 3: HubertusB ($1.92 in chips) 
Seat 4: Mizepa ($2.18 in chips) 
Seat 5: George031988 ($2.16 in chips) 
Seat 6: hsienko ($2.61 in chips) 
PNL710: posts small blind $0.01
HubertusB: posts big blind $0.02
*** HOLE CARDS ***
Dealt to HubertusB [9d Ad]
Mizepa: folds 
George031988: raises $0.03 to $0.05
hsienko: folds 
KessyoM: folds 
PNL710: folds 
HubertusB: folds 
Uncalled bet ($0.03) returned to George031988
George031988 collected $0.05 from pot
George031988: doesn't show hand 
*** SUMMARY ***
Total pot $0.05 | Rake $0 
Seat 1: KessyoM (button) folded before Flop (didn't bet)
Seat 2: PNL710 (small blind) folded before Flop
Seat 3: HubertusB (big blind) folded before Flop
Seat 4: Mizepa folded before Flop (didn't bet)
Seat 5: George031988 collected ($0.05)
Seat 6: hsienko folded before Flop (didn't bet)



PokerStars Zoom Hand #186524565610:  Hold'em No Limit ($0.01/$0.02) - 2018/05/17 20:25:35 CCT [2018/05/17 8:25:35 ET]
Table 'Halley' 6-max Seat #1 is the button
Seat 1: jessie011628 ($2.86 in chips) 
Seat 2: V1p.504 ($2.24 in chips) 
Seat 3: cmauji11 ($4.93 in chips) 
Seat 4: gazlar95 ($2 in chips) 
Seat 5: Neptune27 ($2.06 in chips) 
Seat 6: HubertusB ($1.92 in chips) 
V1p.504: posts small blind $0.01
cmauji11: posts big blind $0.02
*** HOLE CARDS ***
Dealt to HubertusB [Td 6c]
gazlar95: folds 
Neptune27: folds 
HubertusB: folds 
jessie011628: raises $0.04 to $0.06
V1p.504: calls $0.05
cmauji11: folds 
*** FLOP *** [9h 8s 7c]
V1p.504: checks 
jessie011628: bets $0.02
V1p.504: raises $0.12 to $0.14
jessie011628: calls $0.12
*** TURN *** [9h 8s 7c] [4c]
V1p.504: bets $0.34
jessie011628: folds 
Uncalled bet ($0.34) returned to V1p.504
V1p.504 collected $0.41 from pot
V1p.504: doesn't show hand 
*** SUMMARY ***
Total pot $0.42 | Rake $0.01 
Board [9h 8s 7c 4c]
Seat 1: jessie011628 (button) folded on the Turn
Seat 2: V1p.504 (small blind) collected ($0.41)
Seat 3: cmauji11 (big blind) folded before Flop
Seat 4: gazlar95 folded before Flop (didn't bet)
Seat 5: Neptune27 folded before Flop (didn't bet)
Seat 6: HubertusB folded before Flop (didn't bet)



PokerStars Zoom Hand #186524585260:  Hold'em No Limit ($0.01/$0.02) - 2018/05/17 20:26:23 CCT [2018/05/17 8:26:23 ET]
Table 'Halley' 6-max Seat #1 is the button
Seat 1: HubertusB ($1.90 in chips) 
Seat 2: 4810gc ($2.03 in chips) 
Seat 3: ADAzon ($2.28 in chips) 
Seat 4: betninja928 ($2.06 in chips) 
Seat 5: Angry_Fish0 ($1.52 in chips) 
Seat 6: Garychu014 ($5.79 in chips) 
4810gc: posts small blind $0.01
ADAzon: posts big blind $0.02
*** HOLE CARDS ***
Dealt to HubertusB [Qs Ad]
betninja928: folds 
Angry_Fish0: folds 
Garychu014: folds 
HubertusB: raises $0.02 to $0.04
4810gc: calls $0.03
ADAzon: calls $0.02
*** FLOP *** [Kc Js Ac]
4810gc: bets $0.06
ADAzon: calls $0.06
HubertusB: raises $0.26 to $0.32
4810gc: folds 
ADAzon: folds 
Uncalled bet ($0.26) returned to HubertusB
HubertusB collected $0.29 from pot
HubertusB: doesn't show hand 
*** SUMMARY ***
Total pot $0.30 | Rake $0.01 
Board [Kc Js Ac]
Seat 1: HubertusB (button) collected ($0.29)
Seat 2: 4810gc (small blind) folded on the Flop
Seat 3: ADAzon (big blind) folded on the Flop
Seat 4: betninja928 folded before Flop (didn't bet)
Seat 5: Angry_Fish0 folded before Flop (didn't bet)
Seat 6: Garychu014 folded before Flop (didn't bet)



PokerStars Zoom Hand #186524605784:  Hold'em No Limit ($0.01/$0.02) - 2018/05/17 20:27:13 CCT [2018/05/17 8:27:13 ET]
Table 'Halley' 6-max Seat #1 is the button
Seat 1: wanekkk ($2.30 in chips) 
Seat 2: Saukra ($2.81 in chips) 
Seat 3: Teclis767 ($4.52 in chips) 
Seat 4: David.C.M.R ($2.33 in chips) 
Seat 5: HubertusB ($2.09 in chips) 
Seat 6: tolkien1986 ($1.18 in chips) 
Saukra: posts small blind $0.01
Teclis767: posts big blind $0.02
*** HOLE CARDS ***
Dealt to HubertusB [5s Tc]
David.C.M.R: folds 
HubertusB: folds 
tolkien1986: folds 
wanekkk: folds 
Saukra: raises $0.06 to $0.08
Teclis767: folds 
Uncalled bet ($0.06) returned to Saukra
Saukra collected $0.04 from pot
Saukra: doesn't show hand 
*** SUMMARY ***
Total pot $0.04 | Rake $0 
Seat 1: wanekkk (button) folded before Flop (didn't bet)
Seat 2: Saukra (small blind) collected ($0.04)
Seat 3: Teclis767 (big blind) folded before Flop
Seat 4: David.C.M.R folded before Flop (didn't bet)
Seat 5: HubertusB folded before Flop (didn't bet)
Seat 6: tolkien1986 folded before Flop (didn't bet)



PokerStars Zoom Hand #186524608228:  Hold'em No Limit ($0.01/$0.02) - 2018/05/17 20:27:19 CCT [2018/05/17 8:27:19 ET]
Table 'Halley' 6-max Seat #1 is the button
Seat 1: nekitosikk ($2.35 in chips) 
Seat 2: HubertusB ($2.09 in chips) 
Seat 3: Ermakov484 ($0.34 in chips) 
Seat 4: Seva1386 ($2.21 in chips) 
Seat 5: leomax100 ($2.03 in chips) 
Seat 6: tolfdirr ($2.11 in chips) 
HubertusB: posts small blind $0.01
Ermakov484: posts big blind $0.02
*** HOLE CARDS ***
Dealt to HubertusB [8h Qh]
Seva1386: folds 
leomax100: folds 
tolfdirr: folds 
nekitosikk: folds 
HubertusB: raises $0.03 to $0.05
Ermakov484: calls $0.03
*** FLOP *** [8c Th Qc]
HubertusB: bets $0.07
Ermakov484: raises $0.22 to $0.29 and is all-in
HubertusB: calls $0.22
*** TURN *** [8c Th Qc] [Kc]
*** RIVER *** [8c Th Qc Kc] [3h]
*** SHOW DOWN ***
HubertusB: shows [8h Qh] (two pair, Queens and Eights)
Ermakov484: shows [Kh Qd] (two pair, Kings and Queens)
Ermakov484 collected $0.66 from pot
*** SUMMARY ***
Total pot $0.68 | Rake $0.02 
Board [8c Th Qc Kc 3h]
Seat 1: nekitosikk (button) folded before Flop (didn't bet)
Seat 2: HubertusB (small blind) showed [8h Qh] and lost with two pair, Queens and Eights
Seat 3: Ermakov484 (big blind) showed [Kh Qd] and won ($0.66) with two pair, Kings and Queens
Seat 4: Seva1386 folded before Flop (didn't bet)
Seat 5: leomax100 folded before Flop (didn't bet)
Seat 6: tolfdirr folded before Flop (didn't bet)



PokerStars Zoom Hand #186524623966:  Hold'em No Limit ($0.01/$0.02) - 2018/05/17 20:27:57 CCT [2018/05/17 8:27:57 ET]
Table 'Halley' 6-max Seat #1 is the button
Seat 1: rosssilvs1183 ($2 in chips) 
Seat 2: hirsch262 ($2.45 in chips) 
Seat 3: IcsanyI ($2.52 in chips) 
Seat 4: HubertusB ($1.75 in chips) 
Seat 5: Ansel21 ($1.70 in chips) 
Seat 6: krosh05 ($2 in chips) 
hirsch262: posts small blind $0.01
IcsanyI: posts big blind $0.02
*** HOLE CARDS ***
Dealt to HubertusB [Jc Kh]
HubertusB: folds 
Ansel21: raises $0.04 to $0.06
krosh05: folds 
rosssilvs1183: folds 
hirsch262: folds 
IcsanyI: folds 
Uncalled bet ($0.04) returned to Ansel21
Ansel21 collected $0.05 from pot
Ansel21: doesn't show hand 
*** SUMMARY ***
Total pot $0.05 | Rake $0 
Seat 1: rosssilvs1183 (button) folded before Flop (didn't bet)
Seat 2: hirsch262 (small blind) folded before Flop
Seat 3: IcsanyI (big blind) folded before Flop
Seat 4: HubertusB folded before Flop (didn't bet)
Seat 5: Ansel21 collected ($0.05)
Seat 6: krosh05 folded before Flop (didn't bet)



PokerStars Zoom Hand #186524626902:  Hold'em No Limit ($0.01/$0.02) - 2018/05/17 20:28:04 CCT [2018/05/17 8:28:04 ET]
Table 'Halley' 6-max Seat #1 is the button
Seat 1: piterstone ($2.53 in chips) 
Seat 2: Johan654 ($1.90 in chips) 
Seat 3: Liquid Ga$ ($1.56 in chips) 
Seat 4: Davydovden34 ($2.71 in chips) 
Seat 5: 2bir ($2 in chips) 
Seat 6: HubertusB ($1.75 in chips) 
Johan654: posts small blind $0.01
Liquid Ga$: posts big blind $0.02
*** HOLE CARDS ***
Dealt to HubertusB [Ah 2c]
Davydovden34: folds 
2bir: folds 
HubertusB: folds 
piterstone: raises $0.02 to $0.04
Johan654: calls $0.03
Liquid Ga$: folds 
*** FLOP *** [Kc 6s 2s]
Johan654: bets $0.06
piterstone: raises $0.06 to $0.12
Johan654: folds 
Uncalled bet ($0.06) returned to piterstone
piterstone collected $0.21 from pot
piterstone: doesn't show hand 
*** SUMMARY ***
Total pot $0.22 | Rake $0.01 
Board [Kc 6s 2s]
Seat 1: piterstone (button) collected ($0.21)
Seat 2: Johan654 (small blind) folded on the Flop
Seat 3: Liquid Ga$ (big blind) folded before Flop
Seat 4: Davydovden34 folded before Flop (didn't bet)
Seat 5: 2bir folded before Flop (didn't bet)
Seat 6: HubertusB folded before Flop (didn't bet)



PokerStars Zoom Hand #186524629802:  Hold'em No Limit ($0.01/$0.02) - 2018/05/17 20:28:11 CCT [2018/05/17 8:28:11 ET]
Table 'Halley' 6-max Seat #1 is the button
Seat 1: Mr.Dizzy666 ($0.90 in chips) 
Seat 2: SPivasom ($3.83 in chips) 
Seat 3: ahahahaha203 ($2.23 in chips) 
Seat 4: HubertusB ($1.75 in chips) 
Seat 5: belmain.by ($2 in chips) 
Seat 6: booktable ($2 in chips) 
SPivasom: posts small blind $0.01
ahahahaha203: posts big blind $0.02
*** HOLE CARDS ***
Dealt to HubertusB [7h 3h]
HubertusB: folds 
belmain.by has timed out
belmain.by: folds 
booktable: folds 
Mr.Dizzy666: folds 
SPivasom: folds 
Uncalled bet ($0.01) returned to ahahahaha203
ahahahaha203 collected $0.02 from pot
ahahahaha203: doesn't show hand 
*** SUMMARY ***
Total pot $0.02 | Rake $0 
Seat 1: Mr.Dizzy666 (button) folded before Flop (didn't bet)
Seat 2: SPivasom (small blind) folded before Flop
Seat 3: ahahahaha203 (big blind) collected ($0.02)
Seat 4: HubertusB folded before Flop (didn't bet)
Seat 5: belmain.by folded before Flop (didn't bet)
Seat 6: booktable folded before Flop (didn't bet)



PokerStars Zoom Hand #186524633256:  Hold'em No Limit ($0.01/$0.02) - 2018/05/17 20:28:19 CCT [2018/05/17 8:28:19 ET]
Table 'Halley' 6-max Seat #1 is the button
Seat 1: PNL710 ($2.75 in chips) 
Seat 2: Neptune27 ($2 in chips) 
Seat 3: HubertusB ($1.75 in chips) 
Seat 4: Gostina ($2.11 in chips) 
Seat 5: Critttas ($0.47 in chips) 
Seat 6: Klochok ($1.96 in chips) 
Neptune27: posts small blind $0.01
HubertusB: posts big blind $0.02
*** HOLE CARDS ***
Dealt to HubertusB [4c 6s]
Gostina: raises $0.04 to $0.06
Critttas: folds 
Klochok: folds 
PNL710: folds 
Neptune27: folds 
HubertusB: folds 
Uncalled bet ($0.04) returned to Gostina
Gostina collected $0.05 from pot
Gostina: doesn't show hand 
*** SUMMARY ***
Total pot $0.05 | Rake $0 
Seat 1: PNL710 (button) folded before Flop (didn't bet)
Seat 2: Neptune27 (small blind) folded before Flop
Seat 3: HubertusB (big blind) folded before Flop
Seat 4: Gostina collected ($0.05)
Seat 5: Critttas folded before Flop (didn't bet)
Seat 6: Klochok folded before Flop (didn't bet)



PokerStars Zoom Hand #186524641948:  Hold'em No Limit ($0.01/$0.02) - 2018/05/17 20:28:40 CCT [2018/05/17 8:28:40 ET]
Table 'Halley' 6-max Seat #1 is the button
Seat 1: HubertusB ($1.73 in chips) 
Seat 2: ahahahaha203 ($2.24 in chips) 
Seat 3: AJIEKC ($2.02 in chips) 
Seat 4: SAHA3746 ($3.27 in chips) 
Seat 5: zsolo480 ($1.51 in chips) 
Seat 6: Davydovden34 ($2.68 in chips) 
ahahahaha203: posts small blind $0.01
AJIEKC: posts big blind $0.02
*** HOLE CARDS ***
Dealt to HubertusB [7h Ac]
SAHA3746: folds 
zsolo480: raises $0.04 to $0.06
Davydovden34: folds 
HubertusB: folds 
ahahahaha203: folds 
AJIEKC: folds 
Uncalled bet ($0.04) returned to zsolo480
zsolo480 collected $0.05 from pot
zsolo480: doesn't show hand 
*** SUMMARY ***
Total pot $0.05 | Rake $0 
Seat 1: HubertusB (button) folded before Flop (didn't bet)
Seat 2: ahahahaha203 (small blind) folded before Flop
Seat 3: AJIEKC (big blind) folded before Flop
Seat 4: SAHA3746 folded before Flop (didn't bet)
Seat 5: zsolo480 collected ($0.05)
Seat 6: Davydovden34 folded before Flop (didn't bet)



PokerStars Zoom Hand #186524644912:  Hold'em No Limit ($0.01/$0.02) - 2018/05/17 20:28:47 CCT [2018/05/17 8:28:47 ET]
Table 'Halley' 6-max Seat #1 is the button
Seat 1: gds2003 ($1.47 in chips) 
Seat 2: HubertusB ($1.73 in chips) 
Seat 3: Johneik ($2 in chips) 
Seat 4: Gostina ($1.96 in chips) 
Seat 5: SPivasom ($2.26 in chips) 
Seat 6: PNL710 ($2.69 in chips) 
HubertusB: posts small blind $0.01
Johneik: posts big blind $0.02
*** HOLE CARDS ***
Dealt to HubertusB [6d 3s]
Gostina: raises $0.04 to $0.06
SPivasom: raises $0.15 to $0.21
PNL710: folds 
gds2003: folds 
HubertusB: folds 
Johneik: folds 
Gostina: folds 
Uncalled bet ($0.15) returned to SPivasom
SPivasom collected $0.15 from pot
SPivasom: doesn't show hand 
*** SUMMARY ***
Total pot $0.15 | Rake $0 
Seat 1: gds2003 (button) folded before Flop (didn't bet)
Seat 2: HubertusB (small blind) folded before Flop
Seat 3: Johneik (big blind) folded before Flop
Seat 4: Gostina folded before Flop
Seat 5: SPivasom collected ($0.15)
Seat 6: PNL710 folded before Flop (didn't bet)



PokerStars Zoom Hand #186524652201:  Hold'em No Limit ($0.01/$0.02) - 2018/05/17 20:29:04 CCT [2018/05/17 8:29:04 ET]
Table 'Halley' 6-max Seat #1 is the button
Seat 1: piterstone ($2.61 in chips) 
Seat 2: ikon30 ($0.98 in chips) 
Seat 3: Kucher2 ($3.65 in chips) 
Seat 4: HubertusB ($1.72 in chips) 
Seat 5: evgen197807 ($1.99 in chips) 
Seat 6: sunao1983 ($1.91 in chips) 
ikon30: posts small blind $0.01
Kucher2: posts big blind $0.02
*** HOLE CARDS ***
Dealt to HubertusB [5c 6h]
HubertusB: folds 
evgen197807: folds 
sunao1983: folds 
piterstone: folds 
ikon30: raises $0.04 to $0.06
Kucher2: folds 
Uncalled bet ($0.04) returned to ikon30
ikon30 collected $0.04 from pot
ikon30: doesn't show hand 
*** SUMMARY ***
Total pot $0.04 | Rake $0 
Seat 1: piterstone (button) folded before Flop (didn't bet)
Seat 2: ikon30 (small blind) collected ($0.04)
Seat 3: Kucher2 (big blind) folded before Flop
Seat 4: HubertusB folded before Flop (didn't bet)
Seat 5: evgen197807 folded before Flop (didn't bet)
Seat 6: sunao1983 folded before Flop (didn't bet)



PokerStars Zoom Hand #186524649613:  Hold'em No Limit ($0.01/$0.02) - 2018/05/17 20:28:58 CCT [2018/05/17 8:28:58 ET]
Table 'Halley' 6-max Seat #1 is the button
Seat 1: Hubert1929 ($1.97 in chips) 
Seat 2: Crowned SULA ($2 in chips) 
Seat 3: Mike180380 ($5.74 in chips) 
Seat 4: leonidsss ($4.77 in chips) 
Seat 5: HubertusB ($1.72 in chips) 
Seat 6: mafco09 ($2 in chips) 
Crowned SULA: posts small blind $0.01
Mike180380: posts big blind $0.02
*** HOLE CARDS ***
Dealt to HubertusB [2c Qd]
leonidsss: raises $0.04 to $0.06
HubertusB: folds 
mafco09: folds 
Hubert1929: folds 
Crowned SULA: folds 
Mike180380: calls $0.04
*** FLOP *** [4c Kh Jc]
Mike180380: checks 
leonidsss: checks 
*** TURN *** [4c Kh Jc] [9s]
Mike180380: checks 
leonidsss: bets $0.07
Mike180380: folds 
Uncalled bet ($0.07) returned to leonidsss
leonidsss collected $0.13 from pot
leonidsss: doesn't show hand 
*** SUMMARY ***
Total pot $0.13 | Rake $0 
Board [4c Kh Jc 9s]
Seat 1: Hubert1929 (button) folded before Flop (didn't bet)
Seat 2: Crowned SULA (small blind) folded before Flop
Seat 3: Mike180380 (big blind) folded on the Turn
Seat 4: leonidsss collected ($0.13)
Seat 5: HubertusB folded before Flop (didn't bet)
Seat 6: mafco09 folded before Flop (didn't bet)



PokerStars Zoom Hand #186524654283:  Hold'em No Limit ($0.01/$0.02) - 2018/05/17 20:29:09 CCT [2018/05/17 8:29:09 ET]
Table 'Halley' 6-max Seat #1 is the button
Seat 1: PavGur77 ($1.95 in chips) 
Seat 2: ArgusLL ($2.01 in chips) 
Seat 3: HubertusB ($1.72 in chips) 
Seat 4: fabrikant21 ($3.26 in chips) 
Seat 5: mohandes81 ($2.85 in chips) 
Seat 6: mystromark ($2 in chips) 
ArgusLL: posts small blind $0.01
HubertusB: posts big blind $0.02
*** HOLE CARDS ***
Dealt to HubertusB [8s 7s]
fabrikant21: folds 
mohandes81: folds 
mystromark: folds 
PavGur77: folds 
ArgusLL: folds 
Uncalled bet ($0.01) returned to HubertusB
HubertusB collected $0.02 from pot
HubertusB: doesn't show hand 
*** SUMMARY ***
Total pot $0.02 | Rake $0 
Seat 1: PavGur77 (button) folded before Flop (didn't bet)
Seat 2: ArgusLL (small blind) folded before Flop
Seat 3: HubertusB (big blind) collected ($0.02)
Seat 4: fabrikant21 folded before Flop (didn't bet)
Seat 5: mohandes81 folded before Flop (didn't bet)
Seat 6: mystromark folded before Flop (didn't bet)



PokerStars Zoom Hand #186524661346:  Hold'em No Limit ($0.01/$0.02) - 2018/05/17 20:29:26 CCT [2018/05/17 8:29:26 ET]
Table 'Halley' 6-max Seat #1 is the button
Seat 1: bratishka74 ($3.57 in chips) 
Seat 2: HubertusB ($1.73 in chips) 
Seat 3: Holmes1824 ($4.46 in chips) 
Seat 4: YouLooseFish ($1.54 in chips) 
Seat 5: MrPokerProAA ($4.51 in chips) 
Seat 6: fonshemis ($2 in chips) 
HubertusB: posts small blind $0.01
Holmes1824: posts big blind $0.02
*** HOLE CARDS ***
Dealt to HubertusB [7h 2s]
YouLooseFish: raises $0.02 to $0.04
MrPokerProAA: folds 
fonshemis: folds 
bratishka74: calls $0.04
HubertusB: folds 
Holmes1824: folds 
*** FLOP *** [Qs 2h 3c]
YouLooseFish: checks 
bratishka74: bets $0.07
YouLooseFish: folds 
Uncalled bet ($0.07) returned to bratishka74
bratishka74 collected $0.11 from pot
bratishka74: doesn't show hand 
*** SUMMARY ***
Total pot $0.11 | Rake $0 
Board [Qs 2h 3c]
Seat 1: bratishka74 (button) collected ($0.11)
Seat 2: HubertusB (small blind) folded before Flop
Seat 3: Holmes1824 (big blind) folded before Flop
Seat 4: YouLooseFish folded on the Flop
Seat 5: MrPokerProAA folded before Flop (didn't bet)
Seat 6: fonshemis folded before Flop (didn't bet)



PokerStars Zoom Hand #186524666384:  Hold'em No Limit ($0.01/$0.02) - 2018/05/17 20:29:38 CCT [2018/05/17 8:29:38 ET]
Table 'Halley' 6-max Seat #1 is the button
Seat 1: HubertusB ($1.72 in chips) 
Seat 2: hirsch262 ($2.04 in chips) 
Seat 3: marcioadrs ($2.57 in chips) 
Seat 4: Machairodont ($9.31 in chips) 
Seat 5: Garychu014 ($2.67 in chips) 
Seat 6: batyr992 ($1.99 in chips) 
hirsch262: posts small blind $0.01
marcioadrs: posts big blind $0.02
*** HOLE CARDS ***
Dealt to HubertusB [4s 5h]
Machairodont: folds 
Garychu014: folds 
batyr992: folds 
HubertusB: folds 
hirsch262: folds 
Uncalled bet ($0.01) returned to marcioadrs
marcioadrs collected $0.02 from pot
marcioadrs: doesn't show hand 
*** SUMMARY ***
Total pot $0.02 | Rake $0 
Seat 1: HubertusB (button) folded before Flop (didn't bet)
Seat 2: hirsch262 (small blind) folded before Flop
Seat 3: marcioadrs (big blind) collected ($0.02)
Seat 4: Machairodont folded before Flop (didn't bet)
Seat 5: Garychu014 folded before Flop (didn't bet)
Seat 6: batyr992 folded before Flop (didn't bet)



PokerStars Zoom Hand #186524669273:  Hold'em No Limit ($0.01/$0.02) - 2018/05/17 20:29:45 CCT [2018/05/17 8:29:45 ET]
Table 'Halley' 6-max Seat #1 is the button
Seat 1: duvallwbb ($2.08 in chips) 
Seat 2: champ8812 ($1.55 in chips) 
Seat 3: vilivegas ($4.58 in chips) 
Seat 4: Davydovden34 ($2.64 in chips) 
Seat 5: hsienko ($2.11 in chips) 
Seat 6: HubertusB ($1.72 in chips) 
champ8812: posts small blind $0.01
vilivegas: posts big blind $0.02
*** HOLE CARDS ***
Dealt to HubertusB [Kc Kh]
Davydovden34: folds 
hsienko: folds 
HubertusB: raises $0.03 to $0.05
duvallwbb: folds 
champ8812: folds 
vilivegas: calls $0.03
*** FLOP *** [4h Jh 5c]
vilivegas: bets $0.06
HubertusB: calls $0.06
*** TURN *** [4h Jh 5c] [5h]
vilivegas: bets $0.11
vilivegas said, "</3"
HubertusB: calls $0.11
*** RIVER *** [4h Jh 5c 5h] [6s]
vilivegas: checks 
HubertusB: bets $0.15
vilivegas said, "j"
vilivegas: calls $0.15
*** SHOW DOWN ***
HubertusB: shows [Kc Kh] (two pair, Kings and Fives)
vilivegas: mucks hand 
HubertusB collected $0.72 from pot
*** SUMMARY ***
Total pot $0.75 | Rake $0.03 
Board [4h Jh 5c 5h 6s]
Seat 1: duvallwbb (button) folded before Flop (didn't bet)
Seat 2: champ8812 (small blind) folded before Flop
Seat 3: vilivegas (big blind) mucked [4c 8d]
Seat 4: Davydovden34 folded before Flop (didn't bet)
Seat 5: hsienko folded before Flop (didn't bet)
Seat 6: HubertusB showed [Kc Kh] and won ($0.72) with two pair, Kings and Fives



PokerStars Zoom Hand #186524706170:  Hold'em No Limit ($0.01/$0.02) - 2018/05/17 20:31:12 CCT [2018/05/17 8:31:12 ET]
Table 'Halley' 6-max Seat #1 is the button
Seat 1: asusone3 ($2 in chips) 
Seat 2: kima0221 ($3.06 in chips) 
Seat 3: VOLLE28 ($2.59 in chips) 
Seat 4: Dorth Mammu ($2.09 in chips) 
Seat 5: SellYourBody ($2.22 in chips) 
Seat 6: HubertusB ($2.07 in chips) 
kima0221: posts small blind $0.01
VOLLE28: posts big blind $0.02
*** HOLE CARDS ***
Dealt to HubertusB [8h As]
Dorth Mammu: folds 
SellYourBody: folds 
HubertusB: raises $0.03 to $0.05
asusone3: folds 
kima0221: folds 
VOLLE28: calls $0.03
*** FLOP *** [2d 6h Th]
VOLLE28: bets $0.11
HubertusB: folds 
Uncalled bet ($0.11) returned to VOLLE28
VOLLE28 collected $0.11 from pot
VOLLE28: doesn't show hand 
*** SUMMARY ***
Total pot $0.11 | Rake $0 
Board [2d 6h Th]
Seat 1: asusone3 (button) folded before Flop (didn't bet)
Seat 2: kima0221 (small blind) folded before Flop
Seat 3: VOLLE28 (big blind) collected ($0.11)
Seat 4: Dorth Mammu folded before Flop (didn't bet)
Seat 5: SellYourBody folded before Flop (didn't bet)
Seat 6: HubertusB folded on the Flop



PokerStars Zoom Hand #186524715051:  Hold'em No Limit ($0.01/$0.02) - 2018/05/17 20:31:33 CCT [2018/05/17 8:31:33 ET]
Table 'Halley' 6-max Seat #1 is the button
Seat 1: immunepwnz9 ($0.68 in chips) 
Seat 2: LuNa WL ($1.31 in chips) 
Seat 3: Dani288 ($2.27 in chips) 
Seat 4: Rasmus333333 ($2.17 in chips) 
Seat 5: HubertusB ($2.02 in chips) 
Seat 6: Losimas(LT) ($2.25 in chips) 
LuNa WL: posts small blind $0.01
Dani288: posts big blind $0.02
*** HOLE CARDS ***
Dealt to HubertusB [7s Ah]
Rasmus333333: folds 
HubertusB: folds 
Losimas(LT): folds 
immunepwnz9: folds 
LuNa WL: folds 
Uncalled bet ($0.01) returned to Dani288
Dani288 collected $0.02 from pot
Dani288: doesn't show hand 
*** SUMMARY ***
Total pot $0.02 | Rake $0 
Seat 1: immunepwnz9 (button) folded before Flop (didn't bet)
Seat 2: LuNa WL (small blind) folded before Flop
Seat 3: Dani288 (big blind) collected ($0.02)
Seat 4: Rasmus333333 folded before Flop (didn't bet)
Seat 5: HubertusB folded before Flop (didn't bet)
Seat 6: Losimas(LT) folded before Flop (didn't bet)



PokerStars Zoom Hand #186524720134:  Hold'em No Limit ($0.01/$0.02) - 2018/05/17 20:31:45 CCT [2018/05/17 8:31:45 ET]
Table 'Halley' 6-max Seat #1 is the button
Seat 1: ADAzon ($7.43 in chips) 
Seat 2: DolorumP ($2.11 in chips) 
Seat 3: HubertusB ($2.02 in chips) 
Seat 4: kima0221 ($3.13 in chips) 
Seat 5: egiu28 ($1.61 in chips) 
Seat 6: KenpachiBat ($3.43 in chips) 
DolorumP: posts small blind $0.01
HubertusB: posts big blind $0.02
*** HOLE CARDS ***
Dealt to HubertusB [4d 9s]
kima0221: raises $0.05 to $0.07
egiu28: folds 
KenpachiBat: folds 
ADAzon: folds 
DolorumP: calls $0.06
HubertusB: folds 
*** FLOP *** [Kd 3d 8c]
DolorumP: checks 
kima0221: checks 
*** TURN *** [Kd 3d 8c] [3c]
DolorumP: checks 
kima0221: bets $0.15
DolorumP: folds 
Uncalled bet ($0.15) returned to kima0221
kima0221 collected $0.15 from pot
kima0221: doesn't show hand 
*** SUMMARY ***
Total pot $0.16 | Rake $0.01 
Board [Kd 3d 8c 3c]
Seat 1: ADAzon (button) folded before Flop (didn't bet)
Seat 2: DolorumP (small blind) folded on the Turn
Seat 3: HubertusB (big blind) folded before Flop
Seat 4: kima0221 collected ($0.15)
Seat 5: egiu28 folded before Flop (didn't bet)
Seat 6: KenpachiBat folded before Flop (didn't bet)



PokerStars Zoom Hand #186524725218:  Hold'em No Limit ($0.01/$0.02) - 2018/05/17 20:31:57 CCT [2018/05/17 8:31:57 ET]
Table 'Halley' 6-max Seat #1 is the button
Seat 1: HubertusB ($2 in chips) 
Seat 2: bakineo ($1.50 in chips) 
Seat 3: George031988 ($2.22 in chips) 
Seat 4: Saukra ($2.66 in chips) 
Seat 5: fxm341 ($2.74 in chips) 
Seat 6: Rasmus333333 ($2.15 in chips) 
bakineo: posts small blind $0.01
George031988: posts big blind $0.02
*** HOLE CARDS ***
Dealt to HubertusB [9s Jc]
Saukra: raises $0.04 to $0.06
fxm341: calls $0.06
Rasmus333333: folds 
HubertusB: folds 
bakineo: folds 
George031988: folds 
*** FLOP *** [Qs 6d 7h]
Saukra: bets $0.08
fxm341: calls $0.08
*** TURN *** [Qs 6d 7h] [8s]
Saukra: checks 
fxm341: bets $0.15
Saukra: folds 
Uncalled bet ($0.15) returned to fxm341
fxm341 collected $0.30 from pot
fxm341: doesn't show hand 
*** SUMMARY ***
Total pot $0.31 | Rake $0.01 
Board [Qs 6d 7h 8s]
Seat 1: HubertusB (button) folded before Flop (didn't bet)
Seat 2: bakineo (small blind) folded before Flop
Seat 3: George031988 (big blind) folded before Flop
Seat 4: Saukra folded on the Turn
Seat 5: fxm341 collected ($0.30)
Seat 6: Rasmus333333 folded before Flop (didn't bet)



PokerStars Zoom Hand #186524730602:  Hold'em No Limit ($0.01/$0.02) - 2018/05/17 20:32:10 CCT [2018/05/17 8:32:10 ET]
Table 'Halley' 6-max Seat #1 is the button
Seat 1: Xyligan230 ($4.05 in chips) 
Seat 2: lemuriits ($2.24 in chips) 
Seat 3: bndt123 ($0.61 in chips) 
Seat 4: HubertusB ($2 in chips) 
Seat 5: asusone3 ($2 in chips) 
Seat 6: spazzycanuck ($2.66 in chips) 
lemuriits: posts small blind $0.01
bndt123: posts big blind $0.02
*** HOLE CARDS ***
Dealt to HubertusB [Ac Js]
HubertusB: raises $0.03 to $0.05
asusone3: folds 
spazzycanuck: folds 
Xyligan230: folds 
lemuriits: folds 
bndt123: raises $0.56 to $0.61 and is all-in
HubertusB: folds 
Uncalled bet ($0.56) returned to bndt123
bndt123 collected $0.11 from pot
bndt123: doesn't show hand 
*** SUMMARY ***
Total pot $0.11 | Rake $0 
Seat 1: Xyligan230 (button) folded before Flop (didn't bet)
Seat 2: lemuriits (small blind) folded before Flop
Seat 3: bndt123 (big blind) collected ($0.11)
Seat 4: HubertusB folded before Flop
Seat 5: asusone3 folded before Flop (didn't bet)
Seat 6: spazzycanuck folded before Flop (didn't bet)



PokerStars Zoom Hand #186524744974:  Hold'em No Limit ($0.01/$0.02) - 2018/05/17 20:32:44 CCT [2018/05/17 8:32:44 ET]
Table 'Halley' 6-max Seat #1 is the button
Seat 1: asusone3 ($2.35 in chips) 
Seat 2: nakam024 ($1.97 in chips) 
Seat 3: HubertusB ($1.94 in chips) 
Seat 4: otrebor252 ($1.71 in chips) 
Seat 5: Efimov07 ($2.01 in chips) 
Seat 6: justina1990 ($7.41 in chips) 
nakam024: posts small blind $0.01
HubertusB: posts big blind $0.02
*** HOLE CARDS ***
Dealt to HubertusB [6d Qs]
otrebor252: folds 
Efimov07: folds 
justina1990: folds 
asusone3: folds 
nakam024: raises $0.04 to $0.06
HubertusB: folds 
Uncalled bet ($0.04) returned to nakam024
nakam024 collected $0.04 from pot
nakam024: doesn't show hand 
*** SUMMARY ***
Total pot $0.04 | Rake $0 
Seat 1: asusone3 (button) folded before Flop (didn't bet)
Seat 2: nakam024 (small blind) collected ($0.04)
Seat 3: HubertusB (big blind) folded before Flop
Seat 4: otrebor252 folded before Flop (didn't bet)
Seat 5: Efimov07 folded before Flop (didn't bet)
Seat 6: justina1990 folded before Flop (didn't bet)



PokerStars Zoom Hand #186524742460:  Hold'em No Limit ($0.01/$0.02) - 2018/05/17 20:32:38 CCT [2018/05/17 8:32:38 ET]
Table 'Halley' 6-max Seat #1 is the button
Seat 1: Dani288 ($2.23 in chips) 
Seat 2: HubertusB ($1.95 in chips) 
Seat 3: fxm341 ($2.35 in chips) 
Seat 4: hcpalli ($2 in chips) 
Seat 5: 2650421782 ($4.75 in chips) 
Seat 6: Gevron ($5.04 in chips) 
HubertusB: posts small blind $0.01
fxm341: posts big blind $0.02
*** HOLE CARDS ***
Dealt to HubertusB [3s Jd]
hcpalli: raises $0.04 to $0.06
2650421782: folds 
Gevron has timed out
Gevron: folds 
Dani288: folds 
HubertusB: folds 
fxm341: folds 
Uncalled bet ($0.04) returned to hcpalli
hcpalli collected $0.05 from pot
hcpalli: doesn't show hand 
*** SUMMARY ***
Total pot $0.05 | Rake $0 
Seat 1: Dani288 (button) folded before Flop (didn't bet)
Seat 2: HubertusB (small blind) folded before Flop
Seat 3: fxm341 (big blind) folded before Flop
Seat 4: hcpalli collected ($0.05)
Seat 5: 2650421782 folded before Flop (didn't bet)
Seat 6: Gevron folded before Flop (didn't bet)



PokerStars Zoom Hand #186524752618:  Hold'em No Limit ($0.01/$0.02) - 2018/05/17 20:33:02 CCT [2018/05/17 8:33:02 ET]
Table 'Halley' 6-max Seat #1 is the button
Seat 1: matioks ($2 in chips) 
Seat 2: dsibirin ($3.44 in chips) 
Seat 3: arbiterus ($1.89 in chips) 
Seat 4: asusone3 ($2 in chips) 
Seat 5: HubertusB ($1.92 in chips) 
Seat 6: ariane1976 ($2.45 in chips) 
dsibirin: posts small blind $0.01
arbiterus: posts big blind $0.02
*** HOLE CARDS ***
Dealt to HubertusB [6s 2d]
asusone3: folds 
HubertusB: folds 
ariane1976: folds 
matioks: raises $0.04 to $0.06
dsibirin: folds 
arbiterus: folds 
Uncalled bet ($0.04) returned to matioks
matioks collected $0.05 from pot
matioks: doesn't show hand 
*** SUMMARY ***
Total pot $0.05 | Rake $0 
Seat 1: matioks (button) collected ($0.05)
Seat 2: dsibirin (small blind) folded before Flop
Seat 3: arbiterus (big blind) folded before Flop
Seat 4: asusone3 folded before Flop (didn't bet)
Seat 5: HubertusB folded before Flop (didn't bet)
Seat 6: ariane1976 folded before Flop (didn't bet)



PokerStars Zoom Hand #186524755161:  Hold'em No Limit ($0.01/$0.02) - 2018/05/17 20:33:08 CCT [2018/05/17 8:33:08 ET]
Table 'Halley' 6-max Seat #1 is the button
Seat 1: 777fufufu ($2.08 in chips) 
Seat 2: Machairodont ($1.82 in chips) 
Seat 3: leonidsss ($4.81 in chips) 
Seat 4: HubertusB ($1.92 in chips) 
Seat 5: mohandes81 ($3.07 in chips) 
Seat 6: FTWID ($2 in chips) 
Machairodont: posts small blind $0.01
leonidsss: posts big blind $0.02
*** HOLE CARDS ***
Dealt to HubertusB [8c Kd]
HubertusB: folds 
mohandes81: raises $0.04 to $0.06
FTWID: folds 
777fufufu: folds 
Machairodont: folds 
leonidsss: folds 
Uncalled bet ($0.04) returned to mohandes81
mohandes81 collected $0.05 from pot
mohandes81: doesn't show hand 
*** SUMMARY ***
Total pot $0.05 | Rake $0 
Seat 1: 777fufufu (button) folded before Flop (didn't bet)
Seat 2: Machairodont (small blind) folded before Flop
Seat 3: leonidsss (big blind) folded before Flop
Seat 4: HubertusB folded before Flop (didn't bet)
Seat 5: mohandes81 collected ($0.05)
Seat 6: FTWID folded before Flop (didn't bet)



PokerStars Zoom Hand #186524757219:  Hold'em No Limit ($0.01/$0.02) - 2018/05/17 20:33:13 CCT [2018/05/17 8:33:13 ET]
Table 'Halley' 6-max Seat #1 is the button
Seat 1: Marcos_AKQJT ($0.97 in chips) 
Seat 2: hirsch262 ($2.12 in chips) 
Seat 3: leonidsss ($2.04 in chips) 
Seat 4: betninja928 ($2.41 in chips) 
Seat 5: NadDea ($2 in chips) 
Seat 6: HubertusB ($1.92 in chips) 
hirsch262: posts small blind $0.01
leonidsss: posts big blind $0.02
*** HOLE CARDS ***
Dealt to HubertusB [3d 7c]
betninja928: folds 
NadDea: raises $0.04 to $0.06
HubertusB: folds 
Marcos_AKQJT: folds 
hirsch262: folds 
leonidsss: folds 
Uncalled bet ($0.04) returned to NadDea
NadDea collected $0.05 from pot
NadDea: doesn't show hand 
*** SUMMARY ***
Total pot $0.05 | Rake $0 
Seat 1: Marcos_AKQJT (button) folded before Flop (didn't bet)
Seat 2: hirsch262 (small blind) folded before Flop
Seat 3: leonidsss (big blind) folded before Flop
Seat 4: betninja928 folded before Flop (didn't bet)
Seat 5: NadDea collected ($0.05)
Seat 6: HubertusB folded before Flop (didn't bet)



PokerStars Zoom Hand #186524767289:  Hold'em No Limit ($0.01/$0.02) - 2018/05/17 20:33:37 CCT [2018/05/17 8:33:37 ET]
Table 'Halley' 6-max Seat #1 is the button
Seat 1: HubertusB ($1.92 in chips) 
Seat 2: kilechka ($1.07 in chips) 
Seat 3: Dimon200521 ($1.98 in chips) 
Seat 4: asusone3 ($2.28 in chips) 
Seat 5: Ed Frost ($2 in chips) 
Seat 6: fitzroy3570 ($2.18 in chips) 
kilechka: posts small blind $0.01
Dimon200521: posts big blind $0.02
*** HOLE CARDS ***
Dealt to HubertusB [4d Th]
asusone3: folds 
Ed Frost: raises $0.04 to $0.06
fitzroy3570: folds 
HubertusB: folds 
kilechka: folds 
Dimon200521: folds 
Uncalled bet ($0.04) returned to Ed Frost
Ed Frost collected $0.05 from pot
Ed Frost: doesn't show hand 
*** SUMMARY ***
Total pot $0.05 | Rake $0 
Seat 1: HubertusB (button) folded before Flop (didn't bet)
Seat 2: kilechka (small blind) folded before Flop
Seat 3: Dimon200521 (big blind) folded before Flop
Seat 4: asusone3 folded before Flop (didn't bet)
Seat 5: Ed Frost collected ($0.05)
Seat 6: fitzroy3570 folded before Flop (didn't bet)



PokerStars Zoom Hand #186524770178:  Hold'em No Limit ($0.01/$0.02) - 2018/05/17 20:33:44 CCT [2018/05/17 8:33:44 ET]
Table 'Halley' 6-max Seat #1 is the button
Seat 1: SellYourBody ($2 in chips) 
Seat 2: HubertusB ($1.92 in chips) 
Seat 3: matioks ($2.94 in chips) 
Seat 4: DolorumP ($1.41 in chips) 
Seat 5: champ8812 ($3.94 in chips) 
Seat 6: PedroN3to ($2.67 in chips) 
HubertusB: posts small blind $0.01
matioks: posts big blind $0.02
*** HOLE CARDS ***
Dealt to HubertusB [2c 6h]
DolorumP: folds 
champ8812: folds 
PedroN3to: folds 
SellYourBody: folds 
HubertusB: folds 
Uncalled bet ($0.01) returned to matioks
matioks collected $0.02 from pot
matioks: doesn't show hand 
*** SUMMARY ***
Total pot $0.02 | Rake $0 
Seat 1: SellYourBody (button) folded before Flop (didn't bet)
Seat 2: HubertusB (small blind) folded before Flop
Seat 3: matioks (big blind) collected ($0.02)
Seat 4: DolorumP folded before Flop (didn't bet)
Seat 5: champ8812 folded before Flop (didn't bet)
Seat 6: PedroN3to folded before Flop (didn't bet)



PokerStars Zoom Hand #186524774376:  Hold'em No Limit ($0.01/$0.02) - 2018/05/17 20:33:54 CCT [2018/05/17 8:33:54 ET]
Table 'Halley' 6-max Seat #1 is the button
Seat 1: UBERSolvo ($5.06 in chips) 
Seat 2: PedroN3to ($2.67 in chips) 
Seat 3: Marcicheku ($2.49 in chips) 
Seat 4: MVDVeer1983 ($2 in chips) 
Seat 5: HubertusB ($1.91 in chips) 
Seat 6: semirami2 ($2 in chips) 
PedroN3to: posts small blind $0.01
Marcicheku: posts big blind $0.02
*** HOLE CARDS ***
Dealt to HubertusB [Kd 3c]
MVDVeer1983: folds 
HubertusB: folds 
semirami2: folds 
UBERSolvo: folds 
PedroN3to: folds 
Uncalled bet ($0.01) returned to Marcicheku
Marcicheku collected $0.02 from pot
Marcicheku: doesn't show hand 
*** SUMMARY ***
Total pot $0.02 | Rake $0 
Seat 1: UBERSolvo (button) folded before Flop (didn't bet)
Seat 2: PedroN3to (small blind) folded before Flop
Seat 3: Marcicheku (big blind) collected ($0.02)
Seat 4: MVDVeer1983 folded before Flop (didn't bet)
Seat 5: HubertusB folded before Flop (didn't bet)
Seat 6: semirami2 folded before Flop (didn't bet)



PokerStars Zoom Hand #186524777305:  Hold'em No Limit ($0.01/$0.02) - 2018/05/17 20:34:01 CCT [2018/05/17 8:34:01 ET]
Table 'Halley' 6-max Seat #1 is the button
Seat 1: NexTLeveL226 ($1.14 in chips) 
Seat 2: MrPokerProAA ($4.12 in chips) 
Seat 3: stasondel ($6.69 in chips) 
Seat 4: ahollste ($2.08 in chips) 
Seat 5: HubertusB ($1.91 in chips) 
Seat 6: Rasmus333333 ($1.98 in chips) 
MrPokerProAA: posts small blind $0.01
stasondel: posts big blind $0.02
*** HOLE CARDS ***
Dealt to HubertusB [9c As]
ahollste: folds 
HubertusB: folds 
Rasmus333333: folds 
NexTLeveL226: raises $0.03 to $0.05
MrPokerProAA: folds 
stasondel: folds 
Uncalled bet ($0.03) returned to NexTLeveL226
NexTLeveL226 collected $0.05 from pot
NexTLeveL226: doesn't show hand 
*** SUMMARY ***
Total pot $0.05 | Rake $0 
Seat 1: NexTLeveL226 (button) collected ($0.05)
Seat 2: MrPokerProAA (small blind) folded before Flop
Seat 3: stasondel (big blind) folded before Flop
Seat 4: ahollste folded before Flop (didn't bet)
Seat 5: HubertusB folded before Flop (didn't bet)
Seat 6: Rasmus333333 folded before Flop (didn't bet)



PokerStars Zoom Hand #186524780312:  Hold'em No Limit ($0.01/$0.02) - 2018/05/17 20:34:08 CCT [2018/05/17 8:34:08 ET]
Table 'Halley' 6-max Seat #1 is the button
Seat 1: Unstoppabble ($2.26 in chips) 
Seat 2: harry748 ($3.16 in chips) 
Seat 3: HubertusB ($1.91 in chips) 
Seat 4: batyr992 ($1.99 in chips) 
Seat 5: Saukra ($2.60 in chips) 
Seat 6: Arnold217 ($2.44 in chips) 
harry748: posts small blind $0.01
HubertusB: posts big blind $0.02
*** HOLE CARDS ***
Dealt to HubertusB [Qd 8s]
batyr992: folds 
Saukra: raises $0.04 to $0.06
Arnold217: folds 
Unstoppabble: folds 
harry748: folds 
HubertusB: folds 
Uncalled bet ($0.04) returned to Saukra
Saukra collected $0.05 from pot
Saukra: doesn't show hand 
*** SUMMARY ***
Total pot $0.05 | Rake $0 
Seat 1: Unstoppabble (button) folded before Flop (didn't bet)
Seat 2: harry748 (small blind) folded before Flop
Seat 3: HubertusB (big blind) folded before Flop
Seat 4: batyr992 folded before Flop (didn't bet)
Seat 5: Saukra collected ($0.05)
Seat 6: Arnold217 folded before Flop (didn't bet)



PokerStars Zoom Hand #186524764321:  Hold'em No Limit ($0.01/$0.02) - 2018/05/17 20:33:30 CCT [2018/05/17 8:33:30 ET]
Table 'Halley' 6-max Seat #1 is the button
Seat 1: sportik27061 ($0.96 in chips) 
Seat 2: aachenjuli ($1.93 in chips) 
Seat 3: cahalfish ($2.07 in chips) 
Seat 4: HubertusB ($1.92 in chips) 
Seat 5: Hubert1929 ($1.54 in chips) 
Seat 6: champ8812 ($3.93 in chips) 
aachenjuli: posts small blind $0.01
cahalfish: posts big blind $0.02
*** HOLE CARDS ***
Dealt to HubertusB [Js 5d]
HubertusB: folds 
Hubert1929: folds 
champ8812: folds 
sportik27061: calls $0.02
aachenjuli: raises $0.04 to $0.06
cahalfish: folds 
sportik27061: calls $0.04
*** FLOP *** [Kc 4d 7s]
aachenjuli: bets $0.07
sportik27061: calls $0.07
*** TURN *** [Kc 4d 7s] [7h]
aachenjuli: checks 
sportik27061: checks 
*** RIVER *** [Kc 4d 7s 7h] [9d]
aachenjuli: checks 
sportik27061: checks 
*** SHOW DOWN ***
aachenjuli: shows [Td Qd] (a pair of Sevens)
sportik27061: mucks hand 
aachenjuli collected $0.27 from pot
*** SUMMARY ***
Total pot $0.28 | Rake $0.01 
Board [Kc 4d 7s 7h 9d]
Seat 1: sportik27061 (button) mucked [8c 6h]
Seat 2: aachenjuli (small blind) showed [Td Qd] and won ($0.27) with a pair of Sevens
Seat 3: cahalfish (big blind) folded before Flop
Seat 4: HubertusB folded before Flop (didn't bet)
Seat 5: Hubert1929 folded before Flop (didn't bet)
Seat 6: champ8812 folded before Flop (didn't bet)



PokerStars Zoom Hand #186524787951:  Hold'em No Limit ($0.01/$0.02) - 2018/05/17 20:34:26 CCT [2018/05/17 8:34:26 ET]
Table 'Halley' 6-max Seat #1 is the button
Seat 1: krosh05 ($2 in chips) 
Seat 2: ahollste ($2.06 in chips) 
Seat 3: mamaMarilyn ($2.32 in chips) 
Seat 4: naokiti ($2.25 in chips) 
Seat 5: lemuriits ($2 in chips) 
Seat 6: HubertusB ($1.89 in chips) 
ahollste: posts small blind $0.01
mamaMarilyn: posts big blind $0.02
*** HOLE CARDS ***
Dealt to HubertusB [Ac Jh]
naokiti: folds 
lemuriits: folds 
HubertusB: raises $0.03 to $0.05
krosh05: folds 
ahollste: folds 
mamaMarilyn: folds 
Uncalled bet ($0.03) returned to HubertusB
HubertusB collected $0.05 from pot
HubertusB: doesn't show hand 
*** SUMMARY ***
Total pot $0.05 | Rake $0 
Seat 1: krosh05 (button) folded before Flop (didn't bet)
Seat 2: ahollste (small blind) folded before Flop
Seat 3: mamaMarilyn (big blind) folded before Flop
Seat 4: naokiti folded before Flop (didn't bet)
Seat 5: lemuriits folded before Flop (didn't bet)
Seat 6: HubertusB collected ($0.05)



PokerStars Zoom Hand #186524795471:  Hold'em No Limit ($0.01/$0.02) - 2018/05/17 20:34:44 CCT [2018/05/17 8:34:44 ET]
Table 'Halley' 6-max Seat #1 is the button
Seat 1: betninja928 ($2.38 in chips) 
Seat 2: HubertusB ($1.92 in chips) 
Seat 3: leomax100 ($2 in chips) 
Seat 4: MrBaralgin4 ($1.50 in chips) 
Seat 5: Honochin ($1.94 in chips) 
Seat 6: spazzycanuck ($2.71 in chips) 
HubertusB: posts small blind $0.01
leomax100: posts big blind $0.02
*** HOLE CARDS ***
Dealt to HubertusB [3d 2c]
MrBaralgin4: folds 
Honochin: folds 
spazzycanuck: raises $0.04 to $0.06
betninja928: folds 
HubertusB: folds 
leomax100: folds 
Uncalled bet ($0.04) returned to spazzycanuck
spazzycanuck collected $0.05 from pot
spazzycanuck: doesn't show hand 
*** SUMMARY ***
Total pot $0.05 | Rake $0 
Seat 1: betninja928 (button) folded before Flop (didn't bet)
Seat 2: HubertusB (small blind) folded before Flop
Seat 3: leomax100 (big blind) folded before Flop
Seat 4: MrBaralgin4 folded before Flop (didn't bet)
Seat 5: Honochin folded before Flop (didn't bet)
Seat 6: spazzycanuck collected ($0.05)



PokerStars Zoom Hand #186524799262:  Hold'em No Limit ($0.01/$0.02) - 2018/05/17 20:34:53 CCT [2018/05/17 8:34:53 ET]
Table 'Halley' 6-max Seat #1 is the button
Seat 1: Protas-Pan ($3.10 in chips) 
Seat 2: mamaMarilyn ($2 in chips) 
Seat 3: AudioLSD ($2.16 in chips) 
Seat 4: VelosNM ($3.80 in chips) 
Seat 5: Machairodont ($7.35 in chips) 
Seat 6: HubertusB ($1.91 in chips) 
mamaMarilyn: posts small blind $0.01
AudioLSD: posts big blind $0.02
*** HOLE CARDS ***
Dealt to HubertusB [Qs 4h]
VelosNM: folds 
Machairodont: folds 
HubertusB: folds 
Protas-Pan: raises $0.04 to $0.06
mamaMarilyn: folds 
AudioLSD: folds 
Uncalled bet ($0.04) returned to Protas-Pan
Protas-Pan collected $0.05 from pot
Protas-Pan: doesn't show hand 
*** SUMMARY ***
Total pot $0.05 | Rake $0 
Seat 1: Protas-Pan (button) collected ($0.05)
Seat 2: mamaMarilyn (small blind) folded before Flop
Seat 3: AudioLSD (big blind) folded before Flop
Seat 4: VelosNM folded before Flop (didn't bet)
Seat 5: Machairodont folded before Flop (didn't bet)
Seat 6: HubertusB folded before Flop (didn't bet)



PokerStars Zoom Hand #186524802162:  Hold'em No Limit ($0.01/$0.02) - 2018/05/17 20:35:00 CCT [2018/05/17 8:35:00 ET]
Table 'Halley' 6-max Seat #1 is the button
Seat 1: elsongomes12 ($1.60 in chips) 
Seat 2: Lada3030 ($0.32 in chips) 
Seat 3: Draw_Warrior ($2.47 in chips) 
Seat 4: asusone3 ($4 in chips) 
Seat 5: HubertusB ($1.91 in chips) 
Seat 6: funnyworld001 ($2.16 in chips) 
Lada3030: posts small blind $0.01
Draw_Warrior: posts big blind $0.02
*** HOLE CARDS ***
Dealt to HubertusB [9s 2h]
asusone3: raises $0.04 to $0.06
HubertusB: folds 
funnyworld001: folds 
elsongomes12: folds 
Lada3030: folds 
Draw_Warrior: folds 
Uncalled bet ($0.04) returned to asusone3
asusone3 collected $0.05 from pot
asusone3: doesn't show hand 
*** SUMMARY ***
Total pot $0.05 | Rake $0 
Seat 1: elsongomes12 (button) folded before Flop (didn't bet)
Seat 2: Lada3030 (small blind) folded before Flop
Seat 3: Draw_Warrior (big blind) folded before Flop
Seat 4: asusone3 collected ($0.05)
Seat 5: HubertusB folded before Flop (didn't bet)
Seat 6: funnyworld001 folded before Flop (didn't bet)



PokerStars Zoom Hand #186524783301:  Hold'em No Limit ($0.01/$0.02) - 2018/05/17 20:34:15 CCT [2018/05/17 8:34:15 ET]
Table 'Halley' 6-max Seat #1 is the button
Seat 1: HubertusB ($1.89 in chips) 
Seat 2: aleks_ply ($2.19 in chips) 
Seat 3: Davydovden34 ($2.19 in chips) 
Seat 4: DLoginova ($4.36 in chips) 
Seat 5: leonidsss ($3.93 in chips) 
Seat 6: mamaMarilyn ($2 in chips) 
aleks_ply: posts small blind $0.01
Davydovden34: posts big blind $0.02
*** HOLE CARDS ***
Dealt to HubertusB [Th 3c]
DLoginova: folds 
leonidsss: folds 
mamaMarilyn: folds 
HubertusB: folds 
aleks_ply: raises $0.03 to $0.05
Davydovden34: raises $0.15 to $0.20
aleks_ply: calls $0.15
*** FLOP *** [8d 9c 9d]
aleks_ply: checks 
Davydovden34: checks 
*** TURN *** [8d 9c 9d] [7c]
aleks_ply: bets $0.23
Davydovden34: folds 
Uncalled bet ($0.23) returned to aleks_ply
aleks_ply collected $0.39 from pot
aleks_ply: doesn't show hand 
*** SUMMARY ***
Total pot $0.40 | Rake $0.01 
Board [8d 9c 9d 7c]
Seat 1: HubertusB (button) folded before Flop (didn't bet)
Seat 2: aleks_ply (small blind) collected ($0.39)
Seat 3: Davydovden34 (big blind) folded on the Turn
Seat 4: DLoginova folded before Flop (didn't bet)
Seat 5: leonidsss folded before Flop (didn't bet)
Seat 6: mamaMarilyn folded before Flop (didn't bet)



PokerStars Zoom Hand #186524805937:  Hold'em No Limit ($0.01/$0.02) - 2018/05/17 20:35:09 CCT [2018/05/17 8:35:09 ET]
Table 'Halley' 6-max Seat #1 is the button
Seat 1: PisTa4oK-20 ($1.41 in chips) 
Seat 2: hirsch262 ($2 in chips) 
Seat 3: HubertusB ($1.91 in chips) 
Seat 4: gehcastro ($2 in chips) 
Seat 5: Speer_DAP ($0.98 in chips) 
Seat 6: viigrivau ($1.49 in chips) 
hirsch262: posts small blind $0.01
HubertusB: posts big blind $0.02
*** HOLE CARDS ***
Dealt to HubertusB [As 5c]
gehcastro: folds 
Speer_DAP: folds 
viigrivau: folds 
PisTa4oK-20: raises $0.02 to $0.04
hirsch262: folds 
HubertusB: raises $0.09 to $0.13
PisTa4oK-20: calls $0.09
*** FLOP *** [3h 6c 4s]
HubertusB: bets $0.13
PisTa4oK-20: calls $0.13
*** TURN *** [3h 6c 4s] [8c]
HubertusB: bets $0.26
PisTa4oK-20: folds 
Uncalled bet ($0.26) returned to HubertusB
HubertusB collected $0.51 from pot
HubertusB: doesn't show hand 
*** SUMMARY ***
Total pot $0.53 | Rake $0.02 
Board [3h 6c 4s 8c]
Seat 1: PisTa4oK-20 (button) folded on the Turn
Seat 2: hirsch262 (small blind) folded before Flop
Seat 3: HubertusB (big blind) collected ($0.51)
Seat 4: gehcastro folded before Flop (didn't bet)
Seat 5: Speer_DAP folded before Flop (didn't bet)
Seat 6: viigrivau folded before Flop (didn't bet)



PokerStars Zoom Hand #186524830091:  Hold'em No Limit ($0.01/$0.02) - 2018/05/17 20:36:07 CCT [2018/05/17 8:36:07 ET]
Table 'Halley' 6-max Seat #1 is the button
Seat 1: lll MAXV lll ($2.02 in chips) 
Seat 2: HubertusB ($2.16 in chips) 
Seat 3: koufodinas32 ($2.11 in chips) 
Seat 4: mitroicata ($2.08 in chips) 
Seat 5: igrok$148 ($1.31 in chips) 
Seat 6: AgroFoxic ($2.32 in chips) 
HubertusB: posts small blind $0.01
koufodinas32: posts big blind $0.02
*** HOLE CARDS ***
Dealt to HubertusB [8d 2h]
mitroicata: folds 
igrok$148: folds 
AgroFoxic: folds 
lll MAXV lll: raises $0.03 to $0.05
HubertusB: folds 
koufodinas32: folds 
Uncalled bet ($0.03) returned to lll MAXV lll
lll MAXV lll collected $0.05 from pot
lll MAXV lll: doesn't show hand 
*** SUMMARY ***
Total pot $0.05 | Rake $0 
Seat 1: lll MAXV lll (button) collected ($0.05)
Seat 2: HubertusB (small blind) folded before Flop
Seat 3: koufodinas32 (big blind) folded before Flop
Seat 4: mitroicata folded before Flop (didn't bet)
Seat 5: igrok$148 folded before Flop (didn't bet)
Seat 6: AgroFoxic folded before Flop (didn't bet)



PokerStars Zoom Hand #186524837688:  Hold'em No Limit ($0.01/$0.02) - 2018/05/17 20:36:25 CCT [2018/05/17 8:36:25 ET]
Table 'Halley' 6-max Seat #1 is the button
Seat 1: Losimas(LT) ($2.74 in chips) 
Seat 2: .betonsthik ($2.85 in chips) 
Seat 3: HubertusB ($2.15 in chips) 
Seat 4: Roki011 ($0.66 in chips) 
Seat 5: DmitriFm ($0.62 in chips) 
Seat 6: cryptozee ($3.80 in chips) 
.betonsthik: posts small blind $0.01
HubertusB: posts big blind $0.02
*** HOLE CARDS ***
Dealt to HubertusB [6s Js]
Roki011: raises $0.02 to $0.04
DmitriFm: folds 
cryptozee: calls $0.04
Losimas(LT): folds 
.betonsthik: folds 
HubertusB: folds 
*** FLOP *** [Jc Qd Ks]
Roki011: bets $0.06
cryptozee: folds 
Uncalled bet ($0.06) returned to Roki011
Roki011 collected $0.11 from pot
Roki011: doesn't show hand 
*** SUMMARY ***
Total pot $0.11 | Rake $0 
Board [Jc Qd Ks]
Seat 1: Losimas(LT) (button) folded before Flop (didn't bet)
Seat 2: .betonsthik (small blind) folded before Flop
Seat 3: HubertusB (big blind) folded before Flop
Seat 4: Roki011 collected ($0.11)
Seat 5: DmitriFm folded before Flop (didn't bet)
Seat 6: cryptozee folded on the Flop



PokerStars Zoom Hand #186524835570:  Hold'em No Limit ($0.01/$0.02) - 2018/05/17 20:36:20 CCT [2018/05/17 8:36:20 ET]
Table 'Halley' 6-max Seat #1 is the button
Seat 1: semirami2 ($2.28 in chips) 
Seat 2: Saratushtra ($5 in chips) 
Seat 3: fasiben ($2 in chips) 
Seat 4: HubertusB ($2.15 in chips) 
Seat 5: marcioadrs ($2.24 in chips) 
Seat 6: neo1200 ($1 in chips) 
Saratushtra: posts small blind $0.01
fasiben: posts big blind $0.02
*** HOLE CARDS ***
Dealt to HubertusB [7s Kc]
HubertusB: folds 
marcioadrs: folds 
neo1200: raises $0.05 to $0.07
semirami2: folds 
Saratushtra: folds 
fasiben: calls $0.05
*** FLOP *** [9d 3c Js]
fasiben: checks 
neo1200: bets $0.07
fasiben: folds 
Uncalled bet ($0.07) returned to neo1200
neo1200 collected $0.14 from pot
neo1200: doesn't show hand 
*** SUMMARY ***
Total pot $0.15 | Rake $0.01 
Board [9d 3c Js]
Seat 1: semirami2 (button) folded before Flop (didn't bet)
Seat 2: Saratushtra (small blind) folded before Flop
Seat 3: fasiben (big blind) folded on the Flop
Seat 4: HubertusB folded before Flop (didn't bet)
Seat 5: marcioadrs folded before Flop (didn't bet)
Seat 6: neo1200 collected ($0.14)



PokerStars Zoom Hand #186524833031:  Hold'em No Limit ($0.01/$0.02) - 2018/05/17 20:36:14 CCT [2018/05/17 8:36:14 ET]
Table 'Halley' 6-max Seat #1 is the button
Seat 1: HubertusB ($2.15 in chips) 
Seat 2: Crowned SULA ($2.36 in chips) 
Seat 3: medicalskunk ($2 in chips) 
Seat 4: kaprizka333 ($2.06 in chips) 
Seat 5: otrebor252 ($1.84 in chips) 
Seat 6: gepard35 ($2 in chips) 
Crowned SULA: posts small blind $0.01
medicalskunk: posts big blind $0.02
*** HOLE CARDS ***
Dealt to HubertusB [Ts 3h]
kaprizka333: folds 
otrebor252: folds 
gepard35: folds 
HubertusB: folds 
Crowned SULA: raises $0.03 to $0.05
medicalskunk: calls $0.03
*** FLOP *** [5h 8s Kd]
Crowned SULA: bets $0.07
medicalskunk: calls $0.07
*** TURN *** [5h 8s Kd] [4h]
Crowned SULA: bets $0.17
medicalskunk: folds 
Uncalled bet ($0.17) returned to Crowned SULA
Crowned SULA collected $0.23 from pot
Crowned SULA: doesn't show hand 
*** SUMMARY ***
Total pot $0.24 | Rake $0.01 
Board [5h 8s Kd 4h]
Seat 1: HubertusB (button) folded before Flop (didn't bet)
Seat 2: Crowned SULA (small blind) collected ($0.23)
Seat 3: medicalskunk (big blind) folded on the Turn
Seat 4: kaprizka333 folded before Flop (didn't bet)
Seat 5: otrebor252 folded before Flop (didn't bet)
Seat 6: gepard35 folded before Flop (didn't bet)



PokerStars Zoom Hand #186524840628:  Hold'em No Limit ($0.01/$0.02) - 2018/05/17 20:36:32 CCT [2018/05/17 8:36:32 ET]
Table 'Halley' 6-max Seat #1 is the button
Seat 1: Omgit'sQuest ($2.47 in chips) 
Seat 2: DonkKing433 ($2 in chips) 
Seat 3: kolacar ($2.53 in chips) 
Seat 4: serikchaplin ($2.50 in chips) 
Seat 5: HubertusB ($2.13 in chips) 
Seat 6: SellYourBody ($2.13 in chips) 
DonkKing433: posts small blind $0.01
kolacar: posts big blind $0.02
*** HOLE CARDS ***
Dealt to HubertusB [Jc 4h]
serikchaplin: folds 
HubertusB: folds 
SellYourBody: folds 
Omgit'sQuest: raises $0.04 to $0.06
DonkKing433: folds 
kolacar: folds 
Uncalled bet ($0.04) returned to Omgit'sQuest
Omgit'sQuest collected $0.05 from pot
Omgit'sQuest: doesn't show hand 
*** SUMMARY ***
Total pot $0.05 | Rake $0 
Seat 1: Omgit'sQuest (button) collected ($0.05)
Seat 2: DonkKing433 (small blind) folded before Flop
Seat 3: kolacar (big blind) folded before Flop
Seat 4: serikchaplin folded before Flop (didn't bet)
Seat 5: HubertusB folded before Flop (didn't bet)
Seat 6: SellYourBody folded before Flop (didn't bet)



PokerStars Zoom Hand #186524848081:  Hold'em No Limit ($0.01/$0.02) - 2018/05/17 20:36:50 CCT [2018/05/17 8:36:50 ET]
Table 'Halley' 6-max Seat #1 is the button
Seat 1: tolfdirr ($2 in chips) 
Seat 2: 66egorik ($3.58 in chips) 
Seat 3: Shockrates101 ($2.24 in chips) 
Seat 4: HubertusB ($2.12 in chips) 
Seat 5: ishihiro ($2.02 in chips) 
Seat 6: Fallen1989 ($5.09 in chips) 
66egorik: posts small blind $0.01
Shockrates101: posts big blind $0.02
*** HOLE CARDS ***
Dealt to HubertusB [2d Js]
HubertusB: folds 
ishihiro: folds 
Fallen1989: folds 
tolfdirr: folds 
66egorik: folds 
Uncalled bet ($0.01) returned to Shockrates101
Shockrates101 collected $0.02 from pot
Shockrates101: doesn't show hand 
*** SUMMARY ***
Total pot $0.02 | Rake $0 
Seat 1: tolfdirr (button) folded before Flop (didn't bet)
Seat 2: 66egorik (small blind) folded before Flop
Seat 3: Shockrates101 (big blind) collected ($0.02)
Seat 4: HubertusB folded before Flop (didn't bet)
Seat 5: ishihiro folded before Flop (didn't bet)
Seat 6: Fallen1989 folded before Flop (didn't bet)



PokerStars Zoom Hand #186524843122:  Hold'em No Limit ($0.01/$0.02) - 2018/05/17 20:36:38 CCT [2018/05/17 8:36:38 ET]
Table 'Halley' 6-max Seat #1 is the button
Seat 1: helicocat ($1.59 in chips) 
Seat 2: marcioadrs ($3.66 in chips) 
Seat 3: ariane1976 ($2.30 in chips) 
Seat 4: Dani288 ($2.21 in chips) 
Seat 5: 888lifeIS ($2.08 in chips) 
Seat 6: HubertusB ($2.13 in chips) 
marcioadrs: posts small blind $0.01
ariane1976: posts big blind $0.02
*** HOLE CARDS ***
Dealt to HubertusB [3c Jh]
Dani288: folds 
888lifeIS: folds 
HubertusB: folds 
helicocat: folds 
marcioadrs: raises $0.04 to $0.06
ariane1976: calls $0.04
*** FLOP *** [Kd 3s 2h]
marcioadrs: bets $0.04
ariane1976: calls $0.04
*** TURN *** [Kd 3s 2h] [Js]
marcioadrs: checks 
ariane1976: checks 
*** RIVER *** [Kd 3s 2h Js] [Kc]
marcioadrs: bets $0.09
ariane1976: folds 
Uncalled bet ($0.09) returned to marcioadrs
marcioadrs collected $0.19 from pot
marcioadrs: doesn't show hand 
*** SUMMARY ***
Total pot $0.20 | Rake $0.01 
Board [Kd 3s 2h Js Kc]
Seat 1: helicocat (button) folded before Flop (didn't bet)
Seat 2: marcioadrs (small blind) collected ($0.19)
Seat 3: ariane1976 (big blind) folded on the River
Seat 4: Dani288 folded before Flop (didn't bet)
Seat 5: 888lifeIS folded before Flop (didn't bet)
Seat 6: HubertusB folded before Flop (didn't bet)



PokerStars Zoom Hand #186524845250:  Hold'em No Limit ($0.01/$0.02) - 2018/05/17 20:36:43 CCT [2018/05/17 8:36:43 ET]
Table 'Halley' 6-max Seat #1 is the button
Seat 1: ccvvisa ($2.34 in chips) 
Seat 2: HubertusB ($2.13 in chips) 
Seat 3: champ8812 ($3.99 in chips) 
Seat 4: Marcos_AKQJT ($0.93 in chips) 
Seat 5: AndreiIva111 ($2 in chips) 
Seat 6: asusone3 ($2.08 in chips) 
HubertusB: posts small blind $0.01
champ8812: posts big blind $0.02
*** HOLE CARDS ***
Dealt to HubertusB [Ad 5h]
Marcos_AKQJT: raises $0.04 to $0.06
AndreiIva111: folds 
asusone3: calls $0.06
ccvvisa: folds 
HubertusB: folds 
champ8812: folds 
*** FLOP *** [2d Ts 5d]
Marcos_AKQJT: bets $0.07
asusone3: calls $0.07
*** TURN *** [2d Ts 5d] [Qc]
Marcos_AKQJT: checks 
asusone3: bets $0.22
Marcos_AKQJT: folds 
Uncalled bet ($0.22) returned to asusone3
asusone3 collected $0.28 from pot
asusone3: doesn't show hand 
*** SUMMARY ***
Total pot $0.29 | Rake $0.01 
Board [2d Ts 5d Qc]
Seat 1: ccvvisa (button) folded before Flop (didn't bet)
Seat 2: HubertusB (small blind) folded before Flop
Seat 3: champ8812 (big blind) folded before Flop
Seat 4: Marcos_AKQJT folded on the Turn
Seat 5: AndreiIva111 folded before Flop (didn't bet)
Seat 6: asusone3 collected ($0.28)



PokerStars Zoom Hand #186524855621:  Hold'em No Limit ($0.01/$0.02) - 2018/05/17 20:37:08 CCT [2018/05/17 8:37:08 ET]
Table 'Halley' 6-max Seat #1 is the button
Seat 1: JeanHavoc ($2.73 in chips) 
Seat 2: David.C.M.R ($1.93 in chips) 
Seat 3: mystromark ($2 in chips) 
Seat 4: HubertusB ($2.12 in chips) 
Seat 5: hsienko ($2 in chips) 
Seat 6: amigo_mesh ($1.80 in chips) 
David.C.M.R: posts small blind $0.01
mystromark: posts big blind $0.02
*** HOLE CARDS ***
Dealt to HubertusB [Ks 2s]
HubertusB: folds 
hsienko: folds 
amigo_mesh: folds 
JeanHavoc: folds 
David.C.M.R: folds 
Uncalled bet ($0.01) returned to mystromark
mystromark collected $0.02 from pot
mystromark: doesn't show hand 
*** SUMMARY ***
Total pot $0.02 | Rake $0 
Seat 1: JeanHavoc (button) folded before Flop (didn't bet)
Seat 2: David.C.M.R (small blind) folded before Flop
Seat 3: mystromark (big blind) collected ($0.02)
Seat 4: HubertusB folded before Flop (didn't bet)
Seat 5: hsienko folded before Flop (didn't bet)
Seat 6: amigo_mesh folded before Flop (didn't bet)



PokerStars Zoom Hand #186524858153:  Hold'em No Limit ($0.01/$0.02) - 2018/05/17 20:37:14 CCT [2018/05/17 8:37:14 ET]
Table 'Halley' 6-max Seat #1 is the button
Seat 1: Marcianoit ($2.36 in chips) 
Seat 2: ConQuRoR25 ($2.18 in chips) 
Seat 3: HubertusB ($2.12 in chips) 
Seat 4: zorino19 ($1.11 in chips) 
Seat 5: Koker255 ($2.04 in chips) 
Seat 6: ishihiro ($2 in chips) 
ConQuRoR25: posts small blind $0.01
HubertusB: posts big blind $0.02
*** HOLE CARDS ***
Dealt to HubertusB [Kd 8c]
zorino19: folds 
Koker255: folds 
ishihiro: folds 
Marcianoit: folds 
ConQuRoR25: folds 
Uncalled bet ($0.01) returned to HubertusB
HubertusB collected $0.02 from pot
HubertusB: doesn't show hand 
*** SUMMARY ***
Total pot $0.02 | Rake $0 
Seat 1: Marcianoit (button) folded before Flop (didn't bet)
Seat 2: ConQuRoR25 (small blind) folded before Flop
Seat 3: HubertusB (big blind) collected ($0.02)
Seat 4: zorino19 folded before Flop (didn't bet)
Seat 5: Koker255 folded before Flop (didn't bet)
Seat 6: ishihiro folded before Flop (didn't bet)



PokerStars Zoom Hand #186524852258:  Hold'em No Limit ($0.01/$0.02) - 2018/05/17 20:37:00 CCT [2018/05/17 8:37:00 ET]
Table 'Halley' 6-max Seat #1 is the button
Seat 1: HubertusB ($2.12 in chips) 
Seat 2: viigrivau ($1.91 in chips) 
Seat 3: MVDVeer1983 ($2.08 in chips) 
Seat 4: evstraliss ($2 in chips) 
Seat 5: mafco09 ($2.17 in chips) 
Seat 6: mitroicata ($3.32 in chips) 
viigrivau: posts small blind $0.01
MVDVeer1983: posts big blind $0.02
*** HOLE CARDS ***
Dealt to HubertusB [3c 9c]
evstraliss: folds 
mafco09: folds 
mitroicata: raises $0.05 to $0.07
HubertusB: folds 
viigrivau: folds 
MVDVeer1983: folds 
Uncalled bet ($0.05) returned to mitroicata
mitroicata collected $0.05 from pot
mitroicata: doesn't show hand 
*** SUMMARY ***
Total pot $0.05 | Rake $0 
Seat 1: HubertusB (button) folded before Flop (didn't bet)
Seat 2: viigrivau (small blind) folded before Flop
Seat 3: MVDVeer1983 (big blind) folded before Flop
Seat 4: evstraliss folded before Flop (didn't bet)
Seat 5: mafco09 folded before Flop (didn't bet)
Seat 6: mitroicata collected ($0.05)



PokerStars Zoom Hand #186524850176:  Hold'em No Limit ($0.01/$0.02) - 2018/05/17 20:36:55 CCT [2018/05/17 8:36:55 ET]
Table 'Halley' 6-max Seat #1 is the button
Seat 1: fasiben ($2 in chips) 
Seat 2: mit7vgs ($2.01 in chips) 
Seat 3: Draw_Warrior ($2.80 in chips) 
Seat 4: john7905 ($5.97 in chips) 
Seat 5: HubertusB ($2.12 in chips) 
Seat 6: leonidsss ($3.79 in chips) 
mit7vgs: posts small blind $0.01
Draw_Warrior: posts big blind $0.02
*** HOLE CARDS ***
Dealt to HubertusB [5h Qs]
john7905: raises $0.02 to $0.04
HubertusB: folds 
leonidsss: folds 
fasiben: calls $0.04
mit7vgs: raises $0.16 to $0.20
Draw_Warrior: folds 
john7905: calls $0.16
fasiben: calls $0.16
*** FLOP *** [Kh Qd 9h]
mit7vgs: bets $0.30
john7905: folds 
fasiben: folds 
Uncalled bet ($0.30) returned to mit7vgs
mit7vgs collected $0.60 from pot
mit7vgs: doesn't show hand 
*** SUMMARY ***
Total pot $0.62 | Rake $0.02 
Board [Kh Qd 9h]
Seat 1: fasiben (button) folded on the Flop
Seat 2: mit7vgs (small blind) collected ($0.60)
Seat 3: Draw_Warrior (big blind) folded before Flop
Seat 4: john7905 folded on the Flop
Seat 5: HubertusB folded before Flop (didn't bet)
Seat 6: leonidsss folded before Flop (didn't bet)



PokerStars Zoom Hand #186524862302:  Hold'em No Limit ($0.01/$0.02) - 2018/05/17 20:37:24 CCT [2018/05/17 8:37:24 ET]
Table 'Halley' 6-max Seat #1 is the button
Seat 1: HubertusB ($2.13 in chips) 
Seat 2: Losimas(LT) ($2.83 in chips) 
Seat 3: Serra xy ($2.34 in chips) 
Seat 4: koufodinas32 ($2.05 in chips) 
Seat 5: TAIPAN420 ($1.06 in chips) 
Seat 6: xiaochenMS ($2.28 in chips) 
Losimas(LT): posts small blind $0.01
Serra xy: posts big blind $0.02
*** HOLE CARDS ***
Dealt to HubertusB [4d Qs]
koufodinas32: folds 
TAIPAN420: raises $0.02 to $0.04
xiaochenMS: folds 
HubertusB: folds 
Losimas(LT): folds 
Serra xy: folds 
Uncalled bet ($0.02) returned to TAIPAN420
TAIPAN420 collected $0.05 from pot
TAIPAN420: doesn't show hand 
*** SUMMARY ***
Total pot $0.05 | Rake $0 
Seat 1: HubertusB (button) folded before Flop (didn't bet)
Seat 2: Losimas(LT) (small blind) folded before Flop
Seat 3: Serra xy (big blind) folded before Flop
Seat 4: koufodinas32 folded before Flop (didn't bet)
Seat 5: TAIPAN420 collected ($0.05)
Seat 6: xiaochenMS folded before Flop (didn't bet)



PokerStars Zoom Hand #186524866992:  Hold'em No Limit ($0.01/$0.02) - 2018/05/17 20:37:35 CCT [2018/05/17 8:37:35 ET]
Table 'Halley' 6-max Seat #1 is the button
Seat 1: Novikov_PM ($3.72 in chips) 
Seat 2: kakRenat ($3.51 in chips) 
Seat 3: alexrain600 ($2.07 in chips) 
Seat 4: 1blanqueanu1 ($2.12 in chips) 
Seat 5: amigo_mesh ($1.82 in chips) 
Seat 6: HubertusB ($2.12 in chips) 
kakRenat: posts small blind $0.01
alexrain600: posts big blind $0.02
*** HOLE CARDS ***
Dealt to HubertusB [5d Ts]
1blanqueanu1: raises $0.03 to $0.05
amigo_mesh: folds 
HubertusB: folds 
Novikov_PM: folds 
kakRenat: folds 
alexrain600: folds 
Uncalled bet ($0.03) returned to 1blanqueanu1
1blanqueanu1 collected $0.05 from pot
1blanqueanu1: doesn't show hand 
*** SUMMARY ***
Total pot $0.05 | Rake $0 
Seat 1: Novikov_PM (button) folded before Flop (didn't bet)
Seat 2: kakRenat (small blind) folded before Flop
Seat 3: alexrain600 (big blind) folded before Flop
Seat 4: 1blanqueanu1 collected ($0.05)
Seat 5: amigo_mesh folded before Flop (didn't bet)
Seat 6: HubertusB folded before Flop (didn't bet)



PokerStars Zoom Hand #186524864463:  Hold'em No Limit ($0.01/$0.02) - 2018/05/17 20:37:29 CCT [2018/05/17 8:37:29 ET]
Table 'Halley' 6-max Seat #1 is the button
Seat 1: Robcrem ($2.64 in chips) 
Seat 2: HubertusB ($2.13 in chips) 
Seat 3: Marcos_AKQJT ($1.11 in chips) 
Seat 4: PISAK1989 ($2 in chips) 
Seat 5: FTWID ($5.75 in chips) 
Seat 6: vcrocksnj ($0.56 in chips) 
HubertusB: posts small blind $0.01
Marcos_AKQJT: posts big blind $0.02
*** HOLE CARDS ***
Dealt to HubertusB [3d Kh]
PISAK1989: folds 
FTWID: folds 
vcrocksnj: calls $0.02
Robcrem: folds 
HubertusB: folds 
Marcos_AKQJT: raises $0.08 to $0.10
vcrocksnj: folds 
Uncalled bet ($0.08) returned to Marcos_AKQJT
Marcos_AKQJT collected $0.05 from pot
Marcos_AKQJT: doesn't show hand 
*** SUMMARY ***
Total pot $0.05 | Rake $0 
Seat 1: Robcrem (button) folded before Flop (didn't bet)
Seat 2: HubertusB (small blind) folded before Flop
Seat 3: Marcos_AKQJT (big blind) collected ($0.05)
Seat 4: PISAK1989 folded before Flop (didn't bet)
Seat 5: FTWID folded before Flop (didn't bet)
Seat 6: vcrocksnj folded before Flop



PokerStars Zoom Hand #186524869553:  Hold'em No Limit ($0.01/$0.02) - 2018/05/17 20:37:41 CCT [2018/05/17 8:37:41 ET]
Table 'Halley' 6-max Seat #1 is the button
Seat 1: gabinova77 ($4.62 in chips) 
Seat 2: KUM979 ($2.02 in chips) 
Seat 3: johnbelll ($2.04 in chips) 
Seat 4: HubertusB ($2.12 in chips) 
Seat 5: aftermath214 ($2.03 in chips) 
Seat 6: putya-putya ($1.99 in chips) 
KUM979: posts small blind $0.01
johnbelll: posts big blind $0.02
*** HOLE CARDS ***
Dealt to HubertusB [6h As]
HubertusB: folds 
aftermath214: folds 
putya-putya: folds 
gabinova77: folds 
KUM979: calls $0.01
johnbelll: checks 
*** FLOP *** [6d Qs Th]
KUM979: checks 
johnbelll: bets $0.02
KUM979: calls $0.02
*** TURN *** [6d Qs Th] [3c]
KUM979: checks 
johnbelll: bets $0.04
KUM979: folds 
Uncalled bet ($0.04) returned to johnbelll
johnbelll collected $0.08 from pot
johnbelll: doesn't show hand 
*** SUMMARY ***
Total pot $0.08 | Rake $0 
Board [6d Qs Th 3c]
Seat 1: gabinova77 (button) folded before Flop (didn't bet)
Seat 2: KUM979 (small blind) folded on the Turn
Seat 3: johnbelll (big blind) collected ($0.08)
Seat 4: HubertusB folded before Flop (didn't bet)
Seat 5: aftermath214 folded before Flop (didn't bet)
Seat 6: putya-putya folded before Flop (didn't bet)



PokerStars Zoom Hand #186524872052:  Hold'em No Limit ($0.01/$0.02) - 2018/05/17 20:37:47 CCT [2018/05/17 8:37:47 ET]
Table 'Halley' 6-max Seat #1 is the button
Seat 1: Tom_Jerry373 ($1.44 in chips) 
Seat 2: piterstone ($2.30 in chips) 
Seat 3: HubertusB ($2.12 in chips) 
Seat 4: ksgltd ($1.36 in chips) 
Seat 5: medicalskunk ($2 in chips) 
Seat 6: aby100 ($2.20 in chips) 
piterstone: posts small blind $0.01
HubertusB: posts big blind $0.02
*** HOLE CARDS ***
Dealt to HubertusB [4c 4h]
ksgltd: folds 
medicalskunk: raises $0.04 to $0.06
aby100: folds 
Tom_Jerry373: folds 
piterstone: folds 
HubertusB: calls $0.04
*** FLOP *** [9c 8h 8c]
HubertusB: checks 
medicalskunk: bets $0.09
HubertusB: raises $0.17 to $0.26
medicalskunk: folds 
Uncalled bet ($0.17) returned to HubertusB
HubertusB collected $0.30 from pot
HubertusB: doesn't show hand 
*** SUMMARY ***
Total pot $0.31 | Rake $0.01 
Board [9c 8h 8c]
Seat 1: Tom_Jerry373 (button) folded before Flop (didn't bet)
Seat 2: piterstone (small blind) folded before Flop
Seat 3: HubertusB (big blind) collected ($0.30)
Seat 4: ksgltd folded before Flop (didn't bet)
Seat 5: medicalskunk folded on the Flop
Seat 6: aby100 folded before Flop (didn't bet)



PokerStars Zoom Hand #186524887070:  Hold'em No Limit ($0.01/$0.02) - 2018/05/17 20:38:23 CCT [2018/05/17 8:38:23 ET]
Table 'Halley' 6-max Seat #1 is the button
Seat 1: 888lifeIS ($2 in chips) 
Seat 2: justina1990 ($7.48 in chips) 
Seat 3: VOLLE28 ($2.52 in chips) 
Seat 4: Rasmus333333 ($3.90 in chips) 
Seat 5: kaprizka333 ($2 in chips) 
Seat 6: HubertusB ($2.27 in chips) 
justina1990: posts small blind $0.01
VOLLE28: posts big blind $0.02
*** HOLE CARDS ***
Dealt to HubertusB [As 2s]
Rasmus333333: raises $0.04 to $0.06
kaprizka333: folds 
HubertusB: raises $0.15 to $0.21
888lifeIS: folds 
justina1990: folds 
VOLLE28: folds 
Rasmus333333: calls $0.15
*** FLOP *** [Th 5s 3h]
Rasmus333333: checks 
HubertusB: bets $0.29
Rasmus333333: folds 
Uncalled bet ($0.29) returned to HubertusB
HubertusB collected $0.43 from pot
HubertusB: doesn't show hand 
*** SUMMARY ***
Total pot $0.45 | Rake $0.02 
Board [Th 5s 3h]
Seat 1: 888lifeIS (button) folded before Flop (didn't bet)
Seat 2: justina1990 (small blind) folded before Flop
Seat 3: VOLLE28 (big blind) folded before Flop
Seat 4: Rasmus333333 folded on the Flop
Seat 5: kaprizka333 folded before Flop (didn't bet)
Seat 6: HubertusB collected ($0.43)



PokerStars Zoom Hand #186524909393:  Hold'em No Limit ($0.01/$0.02) - 2018/05/17 20:39:16 CCT [2018/05/17 8:39:16 ET]
Table 'Halley' 6-max Seat #1 is the button
Seat 1: Draw_Warrior ($2.63 in chips) 
Seat 2: fasiben ($2.11 in chips) 
Seat 3: T0mRedl ($2 in chips) 
Seat 4: Rep_Nothing ($4.99 in chips) 
Seat 5: HubertusB ($2.49 in chips) 
Seat 6: shoji541 ($1.14 in chips) 
fasiben: posts small blind $0.01
T0mRedl: posts big blind $0.02
*** HOLE CARDS ***
Dealt to HubertusB [4d 8c]
Rep_Nothing: folds 
HubertusB: folds 
shoji541: folds 
Draw_Warrior: folds 
fasiben: folds 
Uncalled bet ($0.01) returned to T0mRedl
T0mRedl collected $0.02 from pot
T0mRedl: doesn't show hand 
*** SUMMARY ***
Total pot $0.02 | Rake $0 
Seat 1: Draw_Warrior (button) folded before Flop (didn't bet)
Seat 2: fasiben (small blind) folded before Flop
Seat 3: T0mRedl (big blind) collected ($0.02)
Seat 4: Rep_Nothing folded before Flop (didn't bet)
Seat 5: HubertusB folded before Flop (didn't bet)
Seat 6: shoji541 folded before Flop (didn't bet)



PokerStars Zoom Hand #186524907322:  Hold'em No Limit ($0.01/$0.02) - 2018/05/17 20:39:11 CCT [2018/05/17 8:39:11 ET]
Table 'Halley' 6-max Seat #1 is the button
Seat 1: HubertusB ($2.49 in chips) 
Seat 2: 777fufufu ($0.80 in chips) 
Seat 3: Crowned SULA ($2.21 in chips) 
Seat 4: Pihentagy111 ($2.98 in chips) 
Seat 5: TovaEnchanter ($2.51 in chips) 
Seat 6: ROS 5566 ($1.97 in chips) 
777fufufu: posts small blind $0.01
Crowned SULA: posts big blind $0.02
*** HOLE CARDS ***
Dealt to HubertusB [7s Qd]
Pihentagy111: calls $0.02
TovaEnchanter: folds 
ROS 5566: folds 
HubertusB: folds 
777fufufu: folds 
Crowned SULA: checks 
*** FLOP *** [9c Ks Qh]
Crowned SULA: checks 
Pihentagy111: checks 
*** TURN *** [9c Ks Qh] [2d]
Crowned SULA: checks 
Pihentagy111: bets $0.05
Crowned SULA: folds 
Uncalled bet ($0.05) returned to Pihentagy111
Pihentagy111 collected $0.05 from pot
Pihentagy111: doesn't show hand 
*** SUMMARY ***
Total pot $0.05 | Rake $0 
Board [9c Ks Qh 2d]
Seat 1: HubertusB (button) folded before Flop (didn't bet)
Seat 2: 777fufufu (small blind) folded before Flop
Seat 3: Crowned SULA (big blind) folded on the Turn
Seat 4: Pihentagy111 collected ($0.05)
Seat 5: TovaEnchanter folded before Flop (didn't bet)
Seat 6: ROS 5566 folded before Flop (didn't bet)



PokerStars Zoom Hand #186524911975:  Hold'em No Limit ($0.01/$0.02) - 2018/05/17 20:39:22 CCT [2018/05/17 8:39:22 ET]
Table 'Halley' 6-max Seat #1 is the button
Seat 1: El_Diego_9 ($2.03 in chips) 
Seat 2: HubertusB ($2.49 in chips) 
Seat 3: 66egorik ($2 in chips) 
Seat 4: ZedwayUA ($1.61 in chips) 
Seat 5: DacianDracoRex ($2.52 in chips) 
Seat 6: OlhaComoVaii ($2 in chips) 
HubertusB: posts small blind $0.01
66egorik: posts big blind $0.02
*** HOLE CARDS ***
Dealt to HubertusB [2h 6c]
ZedwayUA: folds 
DacianDracoRex: raises $0.04 to $0.06
OlhaComoVaii: folds 
El_Diego_9: calls $0.06
HubertusB: folds 
66egorik: folds 
*** FLOP *** [Qh 5c 4h]
DacianDracoRex: bets $0.07
El_Diego_9: calls $0.07
*** TURN *** [Qh 5c 4h] [Ah]
DacianDracoRex: checks 
El_Diego_9: bets $0.19
DacianDracoRex: folds 
Uncalled bet ($0.19) returned to El_Diego_9
El_Diego_9 collected $0.28 from pot
El_Diego_9: doesn't show hand 
*** SUMMARY ***
Total pot $0.29 | Rake $0.01 
Board [Qh 5c 4h Ah]
Seat 1: El_Diego_9 (button) collected ($0.28)
Seat 2: HubertusB (small blind) folded before Flop
Seat 3: 66egorik (big blind) folded before Flop
Seat 4: ZedwayUA folded before Flop (didn't bet)
Seat 5: DacianDracoRex folded on the Turn
Seat 6: OlhaComoVaii folded before Flop (didn't bet)



PokerStars Zoom Hand #186524914510:  Hold'em No Limit ($0.01/$0.02) - 2018/05/17 20:39:28 CCT [2018/05/17 8:39:28 ET]
Table 'Halley' 6-max Seat #1 is the button
Seat 1: aloneinnoise ($1.31 in chips) 
Seat 2: chrvan5704 ($1.75 in chips) 
Seat 3: arbiterus ($2.17 in chips) 
Seat 4: HubertusB ($2.48 in chips) 
Seat 5: AlP2012 ($1.18 in chips) 
Seat 6: slayers2012 ($2.76 in chips) 
chrvan5704: posts small blind $0.01
arbiterus: posts big blind $0.02
*** HOLE CARDS ***
Dealt to HubertusB [As 3s]
HubertusB: raises $0.04 to $0.06
AlP2012: folds 
slayers2012: folds 
aloneinnoise: folds 
chrvan5704: calls $0.05
arbiterus: calls $0.04
*** FLOP *** [4c 2d Ac]
chrvan5704: bets $0.02
arbiterus: folds 
HubertusB: raises $0.08 to $0.10
chrvan5704: raises $0.08 to $0.18
HubertusB: calls $0.08
*** TURN *** [4c 2d Ac] [5h]
chrvan5704: bets $0.26
HubertusB: raises $0.52 to $0.78
chrvan5704: calls $0.52
*** RIVER *** [4c 2d Ac 5h] [5s]
chrvan5704: bets $0.73 and is all-in
HubertusB: calls $0.73
*** SHOW DOWN ***
chrvan5704: shows [Qc 5c] (three of a kind, Fives)
HubertusB: shows [As 3s] (a straight, Ace to Five)
HubertusB collected $3.44 from pot
*** SUMMARY ***
Total pot $3.56 | Rake $0.12 
Board [4c 2d Ac 5h 5s]
Seat 1: aloneinnoise (button) folded before Flop (didn't bet)
Seat 2: chrvan5704 (small blind) showed [Qc 5c] and lost with three of a kind, Fives
Seat 3: arbiterus (big blind) folded on the Flop
Seat 4: HubertusB showed [As 3s] and won ($3.44) with a straight, Ace to Five
Seat 5: AlP2012 folded before Flop (didn't bet)
Seat 6: slayers2012 folded before Flop (didn't bet)



PokerStars Zoom Hand #186524949544:  Hold'em No Limit ($0.01/$0.02) - 2018/05/17 20:40:51 CCT [2018/05/17 8:40:51 ET]
Table 'Halley' 6-max Seat #1 is the button
Seat 1: SellYourBody ($3.02 in chips) 
Seat 2: Marat020775 ($1.94 in chips) 
Seat 3: HubertusB ($4.17 in chips) 
Seat 4: spazzycanuck ($2.85 in chips) 
Seat 5: 1blanqueanu1 ($2 in chips) 
Seat 6: igrok$148 ($1.10 in chips) 
Marat020775: posts small blind $0.01
HubertusB: posts big blind $0.02
*** HOLE CARDS ***
Dealt to HubertusB [Kh 5h]
spazzycanuck: folds 
1blanqueanu1: folds 
igrok$148: folds 
SellYourBody: raises $0.04 to $0.06
Marat020775: calls $0.05
HubertusB: folds 
*** FLOP *** [Qs 6d 9d]
Marat020775: checks 
SellYourBody: bets $0.07
Marat020775: folds 
Uncalled bet ($0.07) returned to SellYourBody
SellYourBody collected $0.14 from pot
SellYourBody: doesn't show hand 
*** SUMMARY ***
Total pot $0.14 | Rake $0 
Board [Qs 6d 9d]
Seat 1: SellYourBody (button) collected ($0.14)
Seat 2: Marat020775 (small blind) folded on the Flop
Seat 3: HubertusB (big blind) folded before Flop
Seat 4: spazzycanuck folded before Flop (didn't bet)
Seat 5: 1blanqueanu1 folded before Flop (didn't bet)
Seat 6: igrok$148 folded before Flop (didn't bet)



PokerStars Zoom Hand #186524956375:  Hold'em No Limit ($0.01/$0.02) - 2018/05/17 20:41:07 CCT [2018/05/17 8:41:07 ET]
Table 'Halley' 6-max Seat #1 is the button
Seat 1: vvovan ($2 in chips) 
Seat 2: maxm198 ($2.85 in chips) 
Seat 3: Joranga ($1.91 in chips) 
Seat 4: Losimas(LT) ($2.13 in chips) 
Seat 5: Draw_Warrior ($2.57 in chips) 
Seat 6: HubertusB ($4.15 in chips) 
maxm198: posts small blind $0.01
Joranga: posts big blind $0.02
*** HOLE CARDS ***
Dealt to HubertusB [7s Qh]
Losimas(LT): folds 
Draw_Warrior: folds 
HubertusB: folds 
vvovan: folds 
maxm198: raises $0.04 to $0.06
Joranga: folds 
Uncalled bet ($0.04) returned to maxm198
maxm198 collected $0.04 from pot
maxm198: doesn't show hand 
*** SUMMARY ***
Total pot $0.04 | Rake $0 
Seat 1: vvovan (button) folded before Flop (didn't bet)
Seat 2: maxm198 (small blind) collected ($0.04)
Seat 3: Joranga (big blind) folded before Flop
Seat 4: Losimas(LT) folded before Flop (didn't bet)
Seat 5: Draw_Warrior folded before Flop (didn't bet)
Seat 6: HubertusB folded before Flop (didn't bet)



PokerStars Zoom Hand #186524960436:  Hold'em No Limit ($0.01/$0.02) - 2018/05/17 20:41:17 CCT [2018/05/17 8:41:17 ET]
Table 'Halley' 6-max Seat #1 is the button
Seat 1: HubertusB ($4.15 in chips) 
Seat 2: dimson85777 ($3.63 in chips) 
Seat 3: NexTLeveL226 ($1.03 in chips) 
Seat 4: Crowned SULA ($2.74 in chips) 
Seat 5: aby100 ($4.13 in chips) 
Seat 6: duvallwbb ($2.21 in chips) 
dimson85777: posts small blind $0.01
NexTLeveL226: posts big blind $0.02
*** HOLE CARDS ***
Dealt to HubertusB [8h 8d]
Crowned SULA: folds 
aby100: raises $0.04 to $0.06
duvallwbb: folds 
HubertusB: calls $0.06
dimson85777: raises $0.12 to $0.18
NexTLeveL226: folds 
aby100: calls $0.12
HubertusB: calls $0.12
*** FLOP *** [7s 4h As]
dimson85777: bets $0.27
aby100: folds 
HubertusB: calls $0.27
*** TURN *** [7s 4h As] [9d]
dimson85777: bets $0.62
HubertusB: folds 
Uncalled bet ($0.62) returned to dimson85777
dimson85777 collected $1.06 from pot
dimson85777: doesn't show hand 
*** SUMMARY ***
Total pot $1.10 | Rake $0.04 
Board [7s 4h As 9d]
Seat 1: HubertusB (button) folded on the Turn
Seat 2: dimson85777 (small blind) collected ($1.06)
Seat 3: NexTLeveL226 (big blind) folded before Flop
Seat 4: Crowned SULA folded before Flop (didn't bet)
Seat 5: aby100 folded on the Flop
Seat 6: duvallwbb folded before Flop (didn't bet)



PokerStars Zoom Hand #186524981789:  Hold'em No Limit ($0.01/$0.02) - 2018/05/17 20:42:07 CCT [2018/05/17 8:42:07 ET]
Table 'Halley' 6-max Seat #1 is the button
Seat 1: Jun7x ($2 in chips) 
Seat 2: HubertusB ($3.70 in chips) 
Seat 3: PNL710 ($2.45 in chips) 
Seat 4: sunao1983 ($1.54 in chips) 
Seat 5: fxm341 ($2 in chips) 
Seat 6: pratiano Norber ($1.53 in chips) 
HubertusB: posts small blind $0.01
PNL710: posts big blind $0.02
*** HOLE CARDS ***
Dealt to HubertusB [Kh 8s]
sunao1983: folds 
fxm341: folds 
pratiano Norber: folds 
Jun7x: folds 
HubertusB: folds 
Uncalled bet ($0.01) returned to PNL710
PNL710 collected $0.02 from pot
PNL710: doesn't show hand 
*** SUMMARY ***
Total pot $0.02 | Rake $0 
Seat 1: Jun7x (button) folded before Flop (didn't bet)
Seat 2: HubertusB (small blind) folded before Flop
Seat 3: PNL710 (big blind) collected ($0.02)
Seat 4: sunao1983 folded before Flop (didn't bet)
Seat 5: fxm341 folded before Flop (didn't bet)
Seat 6: pratiano Norber folded before Flop (didn't bet)



PokerStars Zoom Hand #186524984224:  Hold'em No Limit ($0.01/$0.02) - 2018/05/17 20:42:13 CCT [2018/05/17 8:42:13 ET]
Table 'Halley' 6-max Seat #1 is the button
Seat 1: MVDVeer1983 ($2 in chips) 
Seat 2: Efimov07 ($2.54 in chips) 
Seat 3: AVyiO ($2.23 in chips) 
Seat 4: HubertusB ($3.69 in chips) 
Seat 5: mayhem7777 ($1.88 in chips) 
Seat 6: betninja928 ($7.51 in chips) 
Efimov07: posts small blind $0.01
AVyiO: posts big blind $0.02
*** HOLE CARDS ***
Dealt to HubertusB [7s Ts]
HubertusB: folds 
mayhem7777: raises $0.05 to $0.07
betninja928: folds 
MVDVeer1983: folds 
Efimov07: folds 
AVyiO: folds 
Uncalled bet ($0.05) returned to mayhem7777
mayhem7777 collected $0.05 from pot
mayhem7777: doesn't show hand 
*** SUMMARY ***
Total pot $0.05 | Rake $0 
Seat 1: MVDVeer1983 (button) folded before Flop (didn't bet)
Seat 2: Efimov07 (small blind) folded before Flop
Seat 3: AVyiO (big blind) folded before Flop
Seat 4: HubertusB folded before Flop (didn't bet)
Seat 5: mayhem7777 collected ($0.05)
Seat 6: betninja928 folded before Flop (didn't bet)



PokerStars Zoom Hand #186524989769:  Hold'em No Limit ($0.01/$0.02) - 2018/05/17 20:42:26 CCT [2018/05/17 8:42:26 ET]
Table 'Halley' 6-max Seat #1 is the button
Seat 1: spazzycanuck ($2.38 in chips) 
Seat 2: AVyiO ($2.61 in chips) 
Seat 3: xristosG115 ($1.80 in chips) 
Seat 4: RafaelkaAV ($2.17 in chips) 
Seat 5: HubertusB ($3.69 in chips) 
Seat 6: Gevron ($5.13 in chips) 
AVyiO: posts small blind $0.01
xristosG115: posts big blind $0.02
*** HOLE CARDS ***
Dealt to HubertusB [Kd 6c]
RafaelkaAV: folds 
HubertusB: folds 
Gevron: folds 
spazzycanuck: folds 
AVyiO: folds 
Uncalled bet ($0.01) returned to xristosG115
xristosG115 collected $0.02 from pot
xristosG115: doesn't show hand 
*** SUMMARY ***
Total pot $0.02 | Rake $0 
Seat 1: spazzycanuck (button) folded before Flop (didn't bet)
Seat 2: AVyiO (small blind) folded before Flop
Seat 3: xristosG115 (big blind) collected ($0.02)
Seat 4: RafaelkaAV folded before Flop (didn't bet)
Seat 5: HubertusB folded before Flop (didn't bet)
Seat 6: Gevron folded before Flop (didn't bet)



PokerStars Zoom Hand #186525003381:  Hold'em No Limit ($0.01/$0.02) - 2018/05/17 20:42:58 CCT [2018/05/17 8:42:58 ET]
Table 'Halley' 6-max Seat #1 is the button
Seat 1: Flo1080 ($3.66 in chips) 
Seat 2: DLoginova ($3.97 in chips) 
Seat 3: Fostal_by ($2.53 in chips) 
Seat 4: HubertusB ($3.67 in chips) 
Seat 5: simonsand999 ($2.05 in chips) 
Seat 6: Jun7x ($2 in chips) 
DLoginova: posts small blind $0.01
Fostal_by: posts big blind $0.02
*** HOLE CARDS ***
Dealt to HubertusB [6d Jh]
HubertusB: folds 
simonsand999: folds 
Jun7x: folds 
Flo1080: folds 
DLoginova: folds 
Uncalled bet ($0.01) returned to Fostal_by
Fostal_by collected $0.02 from pot
Fostal_by: doesn't show hand 
*** SUMMARY ***
Total pot $0.02 | Rake $0 
Seat 1: Flo1080 (button) folded before Flop (didn't bet)
Seat 2: DLoginova (small blind) folded before Flop
Seat 3: Fostal_by (big blind) collected ($0.02)
Seat 4: HubertusB folded before Flop (didn't bet)
Seat 5: simonsand999 folded before Flop (didn't bet)
Seat 6: Jun7x folded before Flop (didn't bet)



PokerStars Zoom Hand #186525000869:  Hold'em No Limit ($0.01/$0.02) - 2018/05/17 20:42:52 CCT [2018/05/17 8:42:52 ET]
Table 'Halley' 6-max Seat #1 is the button
Seat 1: YlaShark ($3.23 in chips) 
Seat 2: Kowgan ($2.07 in chips) 
Seat 3: IMMPORT@L ($1.59 in chips) 
Seat 4: Johneik ($2 in chips) 
Seat 5: HubertusB ($3.67 in chips) 
Seat 6: GI G0!² ($2.18 in chips) 
Kowgan: posts small blind $0.01
IMMPORT@L: posts big blind $0.02
*** HOLE CARDS ***
Dealt to HubertusB [6s Kh]
Johneik: raises $0.03 to $0.05
HubertusB: folds 
GI G0!²: raises $0.11 to $0.16
YlaShark: folds 
Kowgan: folds 
IMMPORT@L: folds 
Johneik: folds 
Uncalled bet ($0.11) returned to GI G0!²
GI G0!² collected $0.13 from pot
GI G0!²: doesn't show hand 
*** SUMMARY ***
Total pot $0.13 | Rake $0 
Seat 1: YlaShark (button) folded before Flop (didn't bet)
Seat 2: Kowgan (small blind) folded before Flop
Seat 3: IMMPORT@L (big blind) folded before Flop
Seat 4: Johneik folded before Flop
Seat 5: HubertusB folded before Flop (didn't bet)
Seat 6: GI G0!² collected ($0.13)



PokerStars Zoom Hand #186524993195:  Hold'em No Limit ($0.01/$0.02) - 2018/05/17 20:42:34 CCT [2018/05/17 8:42:34 ET]
Table 'Halley' 6-max Seat #1 is the button
Seat 1: GameCraft ($15.37 in chips) 
Seat 2: nordwolf27 ($2.16 in chips) 
Seat 3: HubertusB ($3.69 in chips) 
Seat 4: Losimas(LT) ($2.26 in chips) 
Seat 5: svererii ($4.58 in chips) 
Seat 6: DonkKing433 ($2.11 in chips) 
nordwolf27: posts small blind $0.01
HubertusB: posts big blind $0.02
*** HOLE CARDS ***
Dealt to HubertusB [6s 8h]
Losimas(LT): raises $0.04 to $0.06
svererii: folds 
DonkKing433: folds 
GameCraft: raises $0.10 to $0.16
nordwolf27: folds 
HubertusB: folds 
Losimas(LT): calls $0.10
*** FLOP *** [3h 7c 9d]
Losimas(LT): checks 
GameCraft: bets $0.10
Losimas(LT): folds 
Uncalled bet ($0.10) returned to GameCraft
GameCraft collected $0.34 from pot
GameCraft: doesn't show hand 
*** SUMMARY ***
Total pot $0.35 | Rake $0.01 
Board [3h 7c 9d]
Seat 1: GameCraft (button) collected ($0.34)
Seat 2: nordwolf27 (small blind) folded before Flop
Seat 3: HubertusB (big blind) folded before Flop
Seat 4: Losimas(LT) folded on the Flop
Seat 5: svererii folded before Flop (didn't bet)
Seat 6: DonkKing433 folded before Flop (didn't bet)



PokerStars Zoom Hand #186525007638:  Hold'em No Limit ($0.01/$0.02) - 2018/05/17 20:43:08 CCT [2018/05/17 8:43:08 ET]
Table 'Halley' 6-max Seat #1 is the button
Seat 1: AndreiIva111 ($2.01 in chips) 
Seat 2: HubertusB ($3.67 in chips) 
Seat 3: olga777lucky ($1 in chips) 
Seat 4: gharashmish ($1.59 in chips) 
Seat 5: PNL710 ($2.33 in chips) 
Seat 6: vredniaczek ($4.04 in chips) 
HubertusB: posts small blind $0.01
olga777lucky: posts big blind $0.02
*** HOLE CARDS ***
Dealt to HubertusB [6d Ac]
gharashmish: folds 
PNL710: folds 
vredniaczek: raises $0.04 to $0.06
AndreiIva111: folds 
HubertusB: folds 
olga777lucky: folds 
Uncalled bet ($0.04) returned to vredniaczek
vredniaczek collected $0.05 from pot
vredniaczek: doesn't show hand 
*** SUMMARY ***
Total pot $0.05 | Rake $0 
Seat 1: AndreiIva111 (button) folded before Flop (didn't bet)
Seat 2: HubertusB (small blind) folded before Flop
Seat 3: olga777lucky (big blind) folded before Flop
Seat 4: gharashmish folded before Flop (didn't bet)
Seat 5: PNL710 folded before Flop (didn't bet)
Seat 6: vredniaczek collected ($0.05)



PokerStars Zoom Hand #186525013997:  Hold'em No Limit ($0.01/$0.02) - 2018/05/17 20:43:23 CCT [2018/05/17 8:43:23 ET]
Table 'Halley' 6-max Seat #1 is the button
Seat 1: HubertusB ($3.66 in chips) 
Seat 2: LuNa WL ($1.57 in chips) 
Seat 3: Griefer25 ($2.13 in chips) 
Seat 4: qwerty098234 ($1.70 in chips) 
Seat 5: kaprizka333 ($2.42 in chips) 
Seat 6: Efimov07 ($2.22 in chips) 
LuNa WL: posts small blind $0.01
Griefer25: posts big blind $0.02
*** HOLE CARDS ***
Dealt to HubertusB [8s Tc]
qwerty098234: folds 
kaprizka333: folds 
Efimov07: folds 
HubertusB: folds 
LuNa WL: folds 
Uncalled bet ($0.01) returned to Griefer25
Griefer25 collected $0.02 from pot
Griefer25: doesn't show hand 
*** SUMMARY ***
Total pot $0.02 | Rake $0 
Seat 1: HubertusB (button) folded before Flop (didn't bet)
Seat 2: LuNa WL (small blind) folded before Flop
Seat 3: Griefer25 (big blind) collected ($0.02)
Seat 4: qwerty098234 folded before Flop (didn't bet)
Seat 5: kaprizka333 folded before Flop (didn't bet)
Seat 6: Efimov07 folded before Flop (didn't bet)



PokerStars Zoom Hand #186524987240:  Hold'em No Limit ($0.01/$0.02) - 2018/05/17 20:42:20 CCT [2018/05/17 8:42:20 ET]
Table 'Halley' 6-max Seat #1 is the button
Seat 1: harry748 ($5.26 in chips) 
Seat 2: GI G0!² ($2.39 in chips) 
Seat 3: ROS 5566 ($1.98 in chips) 
Seat 4: Teclis767 ($4.39 in chips) 
Seat 5: Anubith ($1.94 in chips) 
Seat 6: HubertusB ($3.69 in chips) 
GI G0!²: posts small blind $0.01
ROS 5566: posts big blind $0.02
*** HOLE CARDS ***
Dealt to HubertusB [7d 8h]
Teclis767: folds 
Anubith: folds 
HubertusB: folds 
harry748: raises $0.02 to $0.04
GI G0!²: raises $0.10 to $0.14
ROS 5566: calls $0.12
harry748: calls $0.10
*** FLOP *** [5h 6c 9s]
GI G0!²: checks 
ROS 5566: checks 
harry748: checks 
*** TURN *** [5h 6c 9s] [7s]
GI G0!²: checks 
ROS 5566: bets $0.10
harry748: calls $0.10
GI G0!²: folds 
*** RIVER *** [5h 6c 9s 7s] [Jd]
ROS 5566: bets $0.10
harry748: calls $0.10
*** SHOW DOWN ***
ROS 5566: shows [Ac 4c] (high card Ace)
harry748: shows [3h 3d] (a pair of Threes)
harry748 collected $0.79 from pot
*** SUMMARY ***
Total pot $0.82 | Rake $0.03 
Board [5h 6c 9s 7s Jd]
Seat 1: harry748 (button) showed [3h 3d] and won ($0.79) with a pair of Threes
Seat 2: GI G0!² (small blind) folded on the Turn
Seat 3: ROS 5566 (big blind) showed [Ac 4c] and lost with high card Ace
Seat 4: Teclis767 folded before Flop (didn't bet)
Seat 5: Anubith folded before Flop (didn't bet)
Seat 6: HubertusB folded before Flop (didn't bet)



PokerStars Zoom Hand #186525021996:  Hold'em No Limit ($0.01/$0.02) - 2018/05/17 20:43:42 CCT [2018/05/17 8:43:42 ET]
Table 'Halley' 6-max Seat #1 is the button
Seat 1: Johneik ($2.16 in chips) 
Seat 2: magolsz34 ($7.34 in chips) 
Seat 3: HubertusB ($3.66 in chips) 
Seat 4: Anubith ($1.95 in chips) 
Seat 5: retXeD03 ($1.24 in chips) 
Seat 6: unemotionalman ($2.15 in chips) 
magolsz34: posts small blind $0.01
HubertusB: posts big blind $0.02
*** HOLE CARDS ***
Dealt to HubertusB [Ac Th]
Anubith: folds 
retXeD03: raises $0.04 to $0.06
unemotionalman: folds 
Johneik: folds 
magolsz34: folds 
HubertusB: folds 
Uncalled bet ($0.04) returned to retXeD03
retXeD03 collected $0.05 from pot
retXeD03: doesn't show hand 
*** SUMMARY ***
Total pot $0.05 | Rake $0 
Seat 1: Johneik (button) folded before Flop (didn't bet)
Seat 2: magolsz34 (small blind) folded before Flop
Seat 3: HubertusB (big blind) folded before Flop
Seat 4: Anubith folded before Flop (didn't bet)
Seat 5: retXeD03 collected ($0.05)
Seat 6: unemotionalman folded before Flop (didn't bet)



PokerStars Zoom Hand #186525019485:  Hold'em No Limit ($0.01/$0.02) - 2018/05/17 20:43:36 CCT [2018/05/17 8:43:36 ET]
Table 'Halley' 6-max Seat #1 is the button
Seat 1: PandaPower12 ($3.07 in chips) 
Seat 2: blondin4uk74 ($2.01 in chips) 
Seat 3: ivan show276 ($2.11 in chips) 
Seat 4: medicalskunk ($4.54 in chips) 
Seat 5: HubertusB ($3.66 in chips) 
Seat 6: otrebor252 ($1.06 in chips) 
blondin4uk74: posts small blind $0.01
ivan show276: posts big blind $0.02
*** HOLE CARDS ***
Dealt to HubertusB [Th 9c]
medicalskunk: folds 
HubertusB: folds 
otrebor252: folds 
PandaPower12: folds 
blondin4uk74: raises $0.02 to $0.04
ivan show276: raises $0.10 to $0.14
blondin4uk74: folds 
Uncalled bet ($0.10) returned to ivan show276
ivan show276 collected $0.08 from pot
ivan show276: doesn't show hand 
*** SUMMARY ***
Total pot $0.08 | Rake $0 
Seat 1: PandaPower12 (button) folded before Flop (didn't bet)
Seat 2: blondin4uk74 (small blind) folded before Flop
Seat 3: ivan show276 (big blind) collected ($0.08)
Seat 4: medicalskunk folded before Flop (didn't bet)
Seat 5: HubertusB folded before Flop (didn't bet)
Seat 6: otrebor252 folded before Flop (didn't bet)



PokerStars Zoom Hand #186525027083:  Hold'em No Limit ($0.01/$0.02) - 2018/05/17 20:43:54 CCT [2018/05/17 8:43:54 ET]
Table 'Halley' 6-max Seat #1 is the button
Seat 1: vorobor ($2.01 in chips) 
Seat 2: Saratushtra ($2.87 in chips) 
Seat 3: IMMPORT@L ($1.75 in chips) 
Seat 4: ghisbug ($6.32 in chips) 
Seat 5: HubertusB ($3.64 in chips) 
Seat 6: Lime_Onn ($2.65 in chips) 
Saratushtra: posts small blind $0.01
IMMPORT@L: posts big blind $0.02
*** HOLE CARDS ***
Dealt to HubertusB [9s 7h]
ghisbug: raises $0.04 to $0.06
HubertusB: folds 
Lime_Onn: folds 
vorobor: folds 
Saratushtra: folds 
IMMPORT@L: folds 
Uncalled bet ($0.04) returned to ghisbug
ghisbug collected $0.05 from pot
ghisbug: doesn't show hand 
*** SUMMARY ***
Total pot $0.05 | Rake $0 
Seat 1: vorobor (button) folded before Flop (didn't bet)
Seat 2: Saratushtra (small blind) folded before Flop
Seat 3: IMMPORT@L (big blind) folded before Flop
Seat 4: ghisbug collected ($0.05)
Seat 5: HubertusB folded before Flop (didn't bet)
Seat 6: Lime_Onn folded before Flop (didn't bet)



PokerStars Zoom Hand #186525031229:  Hold'em No Limit ($0.01/$0.02) - 2018/05/17 20:44:04 CCT [2018/05/17 8:44:04 ET]
Table 'Halley' 6-max Seat #1 is the button
Seat 1: HubertusB ($3.64 in chips) 
Seat 2: 4989-4989 ($2.03 in chips) 
Seat 3: PISAK1989 ($2.07 in chips) 
Seat 4: duzy33 ($3.57 in chips) 
Seat 5: asusone3 ($2.31 in chips) 
Seat 6: Donatelis ($3.84 in chips) 
4989-4989: posts small blind $0.01
PISAK1989: posts big blind $0.02
*** HOLE CARDS ***
Dealt to HubertusB [Jc Ah]
duzy33: folds 
asusone3: folds 
Donatelis: folds 
HubertusB: raises $0.02 to $0.04
4989-4989: folds 
PISAK1989: folds 
Uncalled bet ($0.02) returned to HubertusB
HubertusB collected $0.05 from pot
HubertusB: doesn't show hand 
*** SUMMARY ***
Total pot $0.05 | Rake $0 
Seat 1: HubertusB (button) collected ($0.05)
Seat 2: 4989-4989 (small blind) folded before Flop
Seat 3: PISAK1989 (big blind) folded before Flop
Seat 4: duzy33 folded before Flop (didn't bet)
Seat 5: asusone3 folded before Flop (didn't bet)
Seat 6: Donatelis folded before Flop (didn't bet)



PokerStars Zoom Hand #186525037192:  Hold'em No Limit ($0.01/$0.02) - 2018/05/17 20:44:18 CCT [2018/05/17 8:44:18 ET]
Table 'Halley' 6-max Seat #1 is the button
Seat 1: IMMPORT@L ($1.73 in chips) 
Seat 2: HubertusB ($3.67 in chips) 
Seat 3: KUM979 ($0.91 in chips) 
Seat 4: HallaeV ($3.87 in chips) 
Seat 5: Siugo888 ($4.85 in chips) 
Seat 6: vorobor ($2.27 in chips) 
HubertusB: posts small blind $0.01
KUM979: posts big blind $0.02
*** HOLE CARDS ***
Dealt to HubertusB [Th 6s]
HallaeV: raises $0.02 to $0.04
Siugo888: folds 
vorobor: folds 
IMMPORT@L: folds 
HubertusB: folds 
KUM979: calls $0.02
*** FLOP *** [Qc 4s 2c]
KUM979: checks 
HallaeV: checks 
*** TURN *** [Qc 4s 2c] [8s]
KUM979: checks 
HallaeV: checks 
*** RIVER *** [Qc 4s 2c 8s] [Kc]
KUM979: checks 
HallaeV: checks 
*** SHOW DOWN ***
KUM979: shows [9s Js] (high card King)
HallaeV: shows [Ac 3d] (high card Ace)
HallaeV collected $0.09 from pot
*** SUMMARY ***
Total pot $0.09 | Rake $0 
Board [Qc 4s 2c 8s Kc]
Seat 1: IMMPORT@L (button) folded before Flop (didn't bet)
Seat 2: HubertusB (small blind) folded before Flop
Seat 3: KUM979 (big blind) showed [9s Js] and lost with high card King
Seat 4: HallaeV showed [Ac 3d] and won ($0.09) with high card Ace
Seat 5: Siugo888 folded before Flop (didn't bet)
Seat 6: vorobor folded before Flop (didn't bet)



PokerStars Zoom Hand #186525039742:  Hold'em No Limit ($0.01/$0.02) - 2018/05/17 20:44:24 CCT [2018/05/17 8:44:24 ET]
Table 'Halley' 6-max Seat #1 is the button
Seat 1: JustLyrixX ($3.33 in chips) 
Seat 2: humwuble ($2.32 in chips) 
Seat 3: SS526 ($2.91 in chips) 
Seat 4: HubertusB ($3.66 in chips) 
Seat 5: mafco09 ($4.63 in chips) 
Seat 6: asusone3 ($2.32 in chips) 
humwuble: posts small blind $0.01
SS526: posts big blind $0.02
*** HOLE CARDS ***
Dealt to HubertusB [Kd Kh]
HubertusB: raises $0.04 to $0.06
mafco09: folds 
asusone3: folds 
JustLyrixX: folds 
humwuble: folds 
SS526: folds 
Uncalled bet ($0.04) returned to HubertusB
HubertusB collected $0.05 from pot
HubertusB: doesn't show hand 
*** SUMMARY ***
Total pot $0.05 | Rake $0 
Seat 1: JustLyrixX (button) folded before Flop (didn't bet)
Seat 2: humwuble (small blind) folded before Flop
Seat 3: SS526 (big blind) folded before Flop
Seat 4: HubertusB collected ($0.05)
Seat 5: mafco09 folded before Flop (didn't bet)
Seat 6: asusone3 folded before Flop (didn't bet)



PokerStars Zoom Hand #186525016108:  Hold'em No Limit ($0.01/$0.02) - 2018/05/17 20:43:28 CCT [2018/05/17 8:43:28 ET]
Table 'Halley' 6-max Seat #1 is the button
Seat 1: Morgondagen ($2.13 in chips) 
Seat 2: AVyiO ($2.05 in chips) 
Seat 3: ConQuRoR25 ($2.45 in chips) 
Seat 4: Mike180380 ($2.60 in chips) 
Seat 5: koufodinas32 ($2 in chips) 
Seat 6: HubertusB ($3.66 in chips) 
AVyiO: posts small blind $0.01
ConQuRoR25: posts big blind $0.02
*** HOLE CARDS ***
Dealt to HubertusB [3h 6c]
Mike180380: raises $0.02 to $0.04
koufodinas32: calls $0.04
HubertusB: folds 
Morgondagen: raises $0.02 to $0.06
AVyiO: folds 
ConQuRoR25: calls $0.04
Mike180380: calls $0.02
koufodinas32: calls $0.02
*** FLOP *** [Qc 4c 9h]
ConQuRoR25: bets $0.10
Mike180380: calls $0.10
koufodinas32: folds 
Morgondagen: calls $0.10
*** TURN *** [Qc 4c 9h] [Th]
ConQuRoR25: checks 
Mike180380: checks 
Morgondagen: bets $0.38
ConQuRoR25: calls $0.38
Mike180380: calls $0.38
*** RIVER *** [Qc 4c 9h Th] [4d]
ConQuRoR25: checks 
Mike180380: checks 
Morgondagen: bets $0.82
ConQuRoR25: calls $0.82
Mike180380: folds 
*** SHOW DOWN ***
Morgondagen: shows [Qh Qs] (a full house, Queens full of Fours)
ConQuRoR25: mucks hand 
Morgondagen collected $3.21 from pot
*** SUMMARY ***
Total pot $3.33 | Rake $0.12 
Board [Qc 4c 9h Th 4d]
Seat 1: Morgondagen (button) showed [Qh Qs] and won ($3.21) with a full house, Queens full of Fours
Seat 2: AVyiO (small blind) folded before Flop
Seat 3: ConQuRoR25 (big blind) mucked [Td Qd]
Seat 4: Mike180380 folded on the River
Seat 5: koufodinas32 folded on the Flop
Seat 6: HubertusB folded before Flop (didn't bet)



PokerStars Zoom Hand #186525052980:  Hold'em No Limit ($0.01/$0.02) - 2018/05/17 20:44:55 CCT [2018/05/17 8:44:55 ET]
Table 'Halley' 6-max Seat #1 is the button
Seat 1: Ed Frost ($2.55 in chips) 
Seat 2: vorobor ($2.27 in chips) 
Seat 3: HubertusB ($3.69 in chips) 
Seat 4: matulinkk ($2.22 in chips) 
Seat 5: mcjacksonoff ($2.09 in chips) 
Seat 6: ghisbug ($0.38 in chips) 
vorobor: posts small blind $0.01
HubertusB: posts big blind $0.02
*** HOLE CARDS ***
Dealt to HubertusB [4c 5c]
matulinkk: folds 
mcjacksonoff: folds 
ghisbug: folds 
Ed Frost: folds 
vorobor: folds 
Uncalled bet ($0.01) returned to HubertusB
HubertusB collected $0.02 from pot
HubertusB: doesn't show hand 
*** SUMMARY ***
Total pot $0.02 | Rake $0 
Seat 1: Ed Frost (button) folded before Flop (didn't bet)
Seat 2: vorobor (small blind) folded before Flop
Seat 3: HubertusB (big blind) collected ($0.02)
Seat 4: matulinkk folded before Flop (didn't bet)
Seat 5: mcjacksonoff folded before Flop (didn't bet)
Seat 6: ghisbug folded before Flop (didn't bet)



PokerStars Zoom Hand #186525059775:  Hold'em No Limit ($0.01/$0.02) - 2018/05/17 20:45:11 CCT [2018/05/17 8:45:11 ET]
Table 'Halley' 6-max Seat #1 is the button
Seat 1: ivan show276 ($2.18 in chips) 
Seat 2: HubertusB ($3.70 in chips) 
Seat 3: igrachaa83 ($3.98 in chips) 
Seat 4: koufodinas32 ($2.18 in chips) 
Seat 5: Losimas(LT) ($2.23 in chips) 
Seat 6: S1mpa69 ($2 in chips) 
HubertusB: posts small blind $0.01
igrachaa83: posts big blind $0.02
*** HOLE CARDS ***
Dealt to HubertusB [6s 2c]
koufodinas32: folds 
Losimas(LT): raises $0.05 to $0.07
S1mpa69: folds 
ivan show276: folds 
HubertusB: folds 
igrachaa83: folds 
Uncalled bet ($0.05) returned to Losimas(LT)
Losimas(LT) collected $0.05 from pot
Losimas(LT): doesn't show hand 
*** SUMMARY ***
Total pot $0.05 | Rake $0 
Seat 1: ivan show276 (button) folded before Flop (didn't bet)
Seat 2: HubertusB (small blind) folded before Flop
Seat 3: igrachaa83 (big blind) folded before Flop
Seat 4: koufodinas32 folded before Flop (didn't bet)
Seat 5: Losimas(LT) collected ($0.05)
Seat 6: S1mpa69 folded before Flop (didn't bet)



PokerStars Zoom Hand #186525057149:  Hold'em No Limit ($0.01/$0.02) - 2018/05/17 20:45:05 CCT [2018/05/17 8:45:05 ET]
Table 'Halley' 6-max Seat #1 is the button
Seat 1: sneressik ($3.79 in chips) 
Seat 2: cavalopok ($2.01 in chips) 
Seat 3: gazlar95 ($2.64 in chips) 
Seat 4: koufodinas32 ($2 in chips) 
Seat 5: HubertusB ($3.70 in chips) 
Seat 6: IcsanyI ($2.06 in chips) 
cavalopok: posts small blind $0.01
gazlar95: posts big blind $0.02
*** HOLE CARDS ***
Dealt to HubertusB [2s 2c]
koufodinas32: folds 
HubertusB: folds 
IcsanyI: folds 
sneressik: raises $0.04 to $0.06
cavalopok: folds 
gazlar95: calls $0.04
*** FLOP *** [Jc Jh 3h]
gazlar95: checks 
sneressik: bets $0.06
gazlar95: calls $0.06
*** TURN *** [Jc Jh 3h] [4h]
gazlar95: checks 
sneressik: bets $0.46
gazlar95: folds 
Uncalled bet ($0.46) returned to sneressik
sneressik collected $0.24 from pot
sneressik: doesn't show hand 
*** SUMMARY ***
Total pot $0.25 | Rake $0.01 
Board [Jc Jh 3h 4h]
Seat 1: sneressik (button) collected ($0.24)
Seat 2: cavalopok (small blind) folded before Flop
Seat 3: gazlar95 (big blind) folded on the Turn
Seat 4: koufodinas32 folded before Flop (didn't bet)
Seat 5: HubertusB folded before Flop (didn't bet)
Seat 6: IcsanyI folded before Flop (didn't bet)



PokerStars Zoom Hand #186525064495:  Hold'em No Limit ($0.01/$0.02) - 2018/05/17 20:45:22 CCT [2018/05/17 8:45:22 ET]
Table 'Halley' 6-max Seat #1 is the button
Seat 1: HubertusB ($3.69 in chips) 
Seat 2: sadam882 ($1.02 in chips) 
Seat 3: xiaochenMS ($3.78 in chips) 
Seat 4: MrPokerProAA ($17.11 in chips) 
Seat 5: spazzycanuck ($2.60 in chips) 
Seat 6: fxm341 ($2.48 in chips) 
sadam882: posts small blind $0.01
xiaochenMS: posts big blind $0.02
*** HOLE CARDS ***
Dealt to HubertusB [Qs 8s]
MrPokerProAA: folds 
spazzycanuck: folds 
fxm341: folds 
HubertusB: raises $0.02 to $0.04
sadam882: calls $0.03
xiaochenMS: folds 
*** FLOP *** [6s 5s Ts]
sadam882: checks 
HubertusB: checks 
*** TURN *** [6s 5s Ts] [Kc]
sadam882: checks 
HubertusB: bets $0.05
sadam882: calls $0.05
*** RIVER *** [6s 5s Ts Kc] [4s]
sadam882: bets $0.10
HubertusB: raises $0.10 to $0.20
sadam882: folds 
Uncalled bet ($0.10) returned to HubertusB
HubertusB collected $0.39 from pot
HubertusB: doesn't show hand 
*** SUMMARY ***
Total pot $0.40 | Rake $0.01 
Board [6s 5s Ts Kc 4s]
Seat 1: HubertusB (button) collected ($0.39)
Seat 2: sadam882 (small blind) folded on the River
Seat 3: xiaochenMS (big blind) folded before Flop
Seat 4: MrPokerProAA folded before Flop (didn't bet)
Seat 5: spazzycanuck folded before Flop (didn't bet)
Seat 6: fxm341 folded before Flop (didn't bet)



PokerStars Zoom Hand #186525048329:  Hold'em No Limit ($0.01/$0.02) - 2018/05/17 20:44:44 CCT [2018/05/17 8:44:44 ET]
Table 'Halley' 6-max Seat #1 is the button
Seat 1: SPivasom ($1.97 in chips) 
Seat 2: GrevBobby ($6.89 in chips) 
Seat 3: Kkrisz90 ($2 in chips) 
Seat 4: T0mRedl ($2.31 in chips) 
Seat 5: aimless0 ($8.27 in chips) 
Seat 6: HubertusB ($3.69 in chips) 
GrevBobby: posts small blind $0.01
Kkrisz90: posts big blind $0.02
*** HOLE CARDS ***
Dealt to HubertusB [9c Qh]
T0mRedl: raises $0.03 to $0.05
aimless0: raises $0.10 to $0.15
HubertusB: folds 
SPivasom: folds 
GrevBobby: folds 
Kkrisz90: folds 
T0mRedl: calls $0.10
*** FLOP *** [6s Ks 4h]
T0mRedl: checks 
aimless0: bets $0.11
T0mRedl: raises $0.39 to $0.50
aimless0: calls $0.39
*** TURN *** [6s Ks 4h] [5c]
T0mRedl: bets $0.80
aimless0: calls $0.80
*** RIVER *** [6s Ks 4h 5c] [Qc]
T0mRedl: bets $0.16
aimless0: calls $0.16
*** SHOW DOWN ***
T0mRedl: shows [Qs Js] (a pair of Queens)
aimless0: shows [Ad Kh] (a pair of Kings)
aimless0 collected $3.14 from pot
*** SUMMARY ***
Total pot $3.25 | Rake $0.11 
Board [6s Ks 4h 5c Qc]
Seat 1: SPivasom (button) folded before Flop (didn't bet)
Seat 2: GrevBobby (small blind) folded before Flop
Seat 3: Kkrisz90 (big blind) folded before Flop
Seat 4: T0mRedl showed [Qs Js] and lost with a pair of Queens
Seat 5: aimless0 showed [Ad Kh] and won ($3.14) with a pair of Kings
Seat 6: HubertusB folded before Flop (didn't bet)



PokerStars Zoom Hand #186525088677:  Hold'em No Limit ($0.01/$0.02) - 2018/05/17 20:46:18 CCT [2018/05/17 8:46:18 ET]
Table 'Halley' 6-max Seat #1 is the button
Seat 1: Doko Karlo ($0.96 in chips) 
Seat 2: ImThaShark ($2.54 in chips) 
Seat 3: aceduffy5 ($1.02 in chips) 
Seat 4: HubertusB ($3.89 in chips) 
Seat 5: IMMPORT@L ($1.99 in chips) 
Seat 6: ccvvisa ($2.02 in chips) 
ImThaShark: posts small blind $0.01
aceduffy5: posts big blind $0.02
*** HOLE CARDS ***
Dealt to HubertusB [Ah Kh]
HubertusB: raises $0.04 to $0.06
IMMPORT@L: folds 
ccvvisa: folds 
Doko Karlo: folds 
ImThaShark: folds 
aceduffy5: calls $0.04
*** FLOP *** [As 7h Qs]
aceduffy5: checks 
HubertusB: bets $0.09
aceduffy5: calls $0.09
*** TURN *** [As 7h Qs] [Th]
aceduffy5: checks 
HubertusB: bets $0.20
aceduffy5: calls $0.20
*** RIVER *** [As 7h Qs Th] [4h]
aceduffy5: checks 
HubertusB: bets $1.06
aceduffy5: calls $0.67 and is all-in
Uncalled bet ($0.39) returned to HubertusB
*** SHOW DOWN ***
HubertusB: shows [Ah Kh] (a flush, Ace high)
aceduffy5: shows [Ad 9d] (a pair of Aces)
HubertusB collected $1.98 from pot
*** SUMMARY ***
Total pot $2.05 | Rake $0.07 
Board [As 7h Qs Th 4h]
Seat 1: Doko Karlo (button) folded before Flop (didn't bet)
Seat 2: ImThaShark (small blind) folded before Flop
Seat 3: aceduffy5 (big blind) showed [Ad 9d] and lost with a pair of Aces
Seat 4: HubertusB showed [Ah Kh] and won ($1.98) with a flush, Ace high
Seat 5: IMMPORT@L folded before Flop (didn't bet)
Seat 6: ccvvisa folded before Flop (didn't bet)



PokerStars Zoom Hand #186525120005:  Hold'em No Limit ($0.01/$0.02) - 2018/05/17 20:47:31 CCT [2018/05/17 8:47:31 ET]
Table 'Halley' 6-max Seat #1 is the button
Seat 1: Protas-Pan ($5.53 in chips) 
Seat 2: Saratushtra ($5.06 in chips) 
Seat 3: DLoginova ($3.46 in chips) 
Seat 4: ntlgnt ($2.51 in chips) 
Seat 5: HubertusB ($4.85 in chips) 
Seat 6: maxm198 ($2.08 in chips) 
Saratushtra: posts small blind $0.01
DLoginova: posts big blind $0.02
*** HOLE CARDS ***
Dealt to HubertusB [Ac Jc]
ntlgnt: folds 
HubertusB: raises $0.03 to $0.05
maxm198: folds 
Protas-Pan: folds 
Saratushtra: folds 
DLoginova: folds 
Uncalled bet ($0.03) returned to HubertusB
HubertusB collected $0.05 from pot
HubertusB: doesn't show hand 
*** SUMMARY ***
Total pot $0.05 | Rake $0 
Seat 1: Protas-Pan (button) folded before Flop (didn't bet)
Seat 2: Saratushtra (small blind) folded before Flop
Seat 3: DLoginova (big blind) folded before Flop
Seat 4: ntlgnt folded before Flop (didn't bet)
Seat 5: HubertusB collected ($0.05)
Seat 6: maxm198 folded before Flop (didn't bet)



PokerStars Zoom Hand #186525123892:  Hold'em No Limit ($0.01/$0.02) - 2018/05/17 20:47:40 CCT [2018/05/17 8:47:40 ET]
Table 'Halley' 6-max Seat #1 is the button
Seat 1: aleks_ply ($3.46 in chips) 
Seat 2: HubertusB ($4.88 in chips) 
Seat 3: Siugo888 ($3.12 in chips) 
Seat 4: LadyAleXX ($1.88 in chips) 
Seat 5: magabas ($5.42 in chips) 
Seat 6: fxm341 ($3.07 in chips) 
HubertusB: posts small blind $0.01
Siugo888: posts big blind $0.02
*** HOLE CARDS ***
Dealt to HubertusB [Qs Ks]
LadyAleXX: folds 
magabas: folds 
fxm341: folds 
aleks_ply: raises $0.03 to $0.05
HubertusB: raises $0.12 to $0.17
Siugo888: folds 
aleks_ply: folds 
Uncalled bet ($0.12) returned to HubertusB
HubertusB collected $0.12 from pot
HubertusB: doesn't show hand 
*** SUMMARY ***
Total pot $0.12 | Rake $0 
Seat 1: aleks_ply (button) folded before Flop
Seat 2: HubertusB (small blind) collected ($0.12)
Seat 3: Siugo888 (big blind) folded before Flop
Seat 4: LadyAleXX folded before Flop (didn't bet)
Seat 5: magabas folded before Flop (didn't bet)
Seat 6: fxm341 folded before Flop (didn't bet)



