PokerStars Zoom Hand #186522977035:  Hold'em No Limit ($0.02/$0.05) - 2018/05/17 19:17:01 CCT [2018/05/17 7:17:01 ET]
Table 'Donati' 6-max Seat #1 is the button
Seat 1: MoreRakePls1 ($6.05 in chips) 
Seat 2: GRizlik14 ($5.76 in chips) 
Seat 3: HubertusB ($5 in chips) 
Seat 4: Falhud ($5.96 in chips) 
Seat 5: Cardenas87 ($5.20 in chips) 
Seat 6: Maoochan ($11.44 in chips) 
GRizlik14: posts small blind $0.02
HubertusB: posts big blind $0.05
*** HOLE CARDS ***
Dealt to HubertusB [Ks 9s]
Falhud: raises $0.10 to $0.15
Cardenas87: folds 
Maoochan: folds 
MoreRakePls1: folds 
GRizlik14: folds 
HubertusB: folds 
Uncalled bet ($0.10) returned to Falhud
Falhud collected $0.12 from pot
Falhud: doesn't show hand 
*** SUMMARY ***
Total pot $0.12 | Rake $0 
Seat 1: MoreRakePls1 (button) folded before Flop (didn't bet)
Seat 2: GRizlik14 (small blind) folded before Flop
Seat 3: HubertusB (big blind) folded before Flop
Seat 4: Falhud collected ($0.12)
Seat 5: Cardenas87 folded before Flop (didn't bet)
Seat 6: Maoochan folded before Flop (didn't bet)



PokerStars Zoom Hand #186522980754:  Hold'em No Limit ($0.02/$0.05) - 2018/05/17 19:17:11 CCT [2018/05/17 7:17:11 ET]
Table 'Donati' 6-max Seat #1 is the button
Seat 1: kang1y ($6.76 in chips) 
Seat 2: HubertusB ($4.95 in chips) 
Seat 3: saha555 ($5.17 in chips) 
Seat 4: margo1011 ($5.18 in chips) 
Seat 5: Shamaxxx ($9.27 in chips) 
Seat 6: khaldrogo59 ($19.19 in chips) 
HubertusB: posts small blind $0.02
saha555: posts big blind $0.05
*** HOLE CARDS ***
Dealt to HubertusB [5d 6d]
margo1011: folds 
Shamaxxx: folds 
khaldrogo59: folds 
kang1y: raises $0.06 to $0.11
HubertusB: raises $0.24 to $0.35
saha555: folds 
kang1y: folds 
Uncalled bet ($0.24) returned to HubertusB
HubertusB collected $0.27 from pot
HubertusB: doesn't show hand 
*** SUMMARY ***
Total pot $0.27 | Rake $0 
Seat 1: kang1y (button) folded before Flop
Seat 2: HubertusB (small blind) collected ($0.27)
Seat 3: saha555 (big blind) folded before Flop
Seat 4: margo1011 folded before Flop (didn't bet)
Seat 5: Shamaxxx folded before Flop (didn't bet)
Seat 6: khaldrogo59 folded before Flop (didn't bet)



PokerStars Zoom Hand #186522990838:  Hold'em No Limit ($0.02/$0.05) - 2018/05/17 19:17:39 CCT [2018/05/17 7:17:39 ET]
Table 'Donati' 6-max Seat #1 is the button
Seat 1: HubertusB ($5.11 in chips) 
Seat 2: mr.all in946 ($5 in chips) 
Seat 3: jacks550 ($6.14 in chips) 
Seat 4: yurkevich487 ($19.55 in chips) 
Seat 5: justina1990 ($5 in chips) 
Seat 6: Lydomanka ($5.32 in chips) 
mr.all in946: posts small blind $0.02
jacks550: posts big blind $0.05
*** HOLE CARDS ***
Dealt to HubertusB [Qc 8d]
yurkevich487: raises $0.07 to $0.12
justina1990: folds 
Lydomanka: folds 
HubertusB: folds 
mr.all in946: calls $0.10
jacks550: folds 
*** FLOP *** [8s Kh 6s]
mr.all in946: checks 
yurkevich487: bets $0.16
mr.all in946: calls $0.16
*** TURN *** [8s Kh 6s] [Ac]
mr.all in946: checks 
yurkevich487: checks 
*** RIVER *** [8s Kh 6s Ac] [2d]
mr.all in946: bets $0.30
yurkevich487: calls $0.30
*** SHOW DOWN ***
mr.all in946: shows [Tc As] (a pair of Aces)
yurkevich487: mucks hand 
mr.all in946 collected $1.16 from pot
*** SUMMARY ***
Total pot $1.21 | Rake $0.05 
Board [8s Kh 6s Ac 2d]
Seat 1: HubertusB (button) folded before Flop (didn't bet)
Seat 2: mr.all in946 (small blind) showed [Tc As] and won ($1.16) with a pair of Aces
Seat 3: jacks550 (big blind) folded before Flop
Seat 4: yurkevich487 mucked [Ks Qs]
Seat 5: justina1990 folded before Flop (didn't bet)
Seat 6: Lydomanka folded before Flop (didn't bet)



PokerStars Zoom Hand #186522993788:  Hold'em No Limit ($0.02/$0.05) - 2018/05/17 19:17:47 CCT [2018/05/17 7:17:47 ET]
Table 'Donati' 6-max Seat #1 is the button
Seat 1: AASiz ($10.23 in chips) 
Seat 2: ThomaSs223 ($12.83 in chips) 
Seat 3: Genisys11 ($6.66 in chips) 
Seat 4: michaelodonovan ($4.93 in chips) 
Seat 5: HubertusB ($5.11 in chips) 
Seat 6: tizisejo ($9.62 in chips) 
ThomaSs223: posts small blind $0.02
Genisys11: posts big blind $0.05
*** HOLE CARDS ***
Dealt to HubertusB [6h 7c]
michaelodonovan: folds 
HubertusB: folds 
tizisejo: folds 
AASiz: raises $0.07 to $0.12
ThomaSs223: folds 
Genisys11: folds 
Uncalled bet ($0.07) returned to AASiz
AASiz collected $0.12 from pot
AASiz: doesn't show hand 
*** SUMMARY ***
Total pot $0.12 | Rake $0 
Seat 1: AASiz (button) collected ($0.12)
Seat 2: ThomaSs223 (small blind) folded before Flop
Seat 3: Genisys11 (big blind) folded before Flop
Seat 4: michaelodonovan folded before Flop (didn't bet)
Seat 5: HubertusB folded before Flop (didn't bet)
Seat 6: tizisejo folded before Flop (didn't bet)



PokerStars Zoom Hand #186522998538:  Hold'em No Limit ($0.02/$0.05) - 2018/05/17 19:18:00 CCT [2018/05/17 7:18:00 ET]
Table 'Donati' 6-max Seat #1 is the button
Seat 1: MistyStar918 ($5.41 in chips) 
Seat 2: tirapolisme ($5.32 in chips) 
Seat 3: k1v0k ($6.96 in chips) 
Seat 4: lyupan809 ($5.73 in chips) 
Seat 5: Falhud ($6.03 in chips) 
Seat 6: HubertusB ($5.11 in chips) 
tirapolisme: posts small blind $0.02
k1v0k: posts big blind $0.05
*** HOLE CARDS ***
Dealt to HubertusB [Ad 3c]
lyupan809: raises $0.05 to $0.10
Falhud: folds 
HubertusB: raises $0.20 to $0.30
MistyStar918: folds 
tirapolisme: folds 
k1v0k: folds 
lyupan809: calls $0.20
*** FLOP *** [6h 2c 7h]
lyupan809: checks 
HubertusB: bets $0.32
lyupan809: calls $0.32
*** TURN *** [6h 2c 7h] [3d]
lyupan809: checks 
HubertusB: checks 
*** RIVER *** [6h 2c 7h 3d] [9h]
lyupan809: bets $0.65
HubertusB: folds 
Uncalled bet ($0.65) returned to lyupan809
lyupan809 collected $1.26 from pot
lyupan809: doesn't show hand 
*** SUMMARY ***
Total pot $1.31 | Rake $0.05 
Board [6h 2c 7h 3d 9h]
Seat 1: MistyStar918 (button) folded before Flop (didn't bet)
Seat 2: tirapolisme (small blind) folded before Flop
Seat 3: k1v0k (big blind) folded before Flop
Seat 4: lyupan809 collected ($1.26)
Seat 5: Falhud folded before Flop (didn't bet)
Seat 6: HubertusB folded on the River



PokerStars Zoom Hand #186523014391:  Hold'em No Limit ($0.02/$0.05) - 2018/05/17 19:18:43 CCT [2018/05/17 7:18:43 ET]
Table 'Donati' 6-max Seat #1 is the button
Seat 1: vova270793 ($6.54 in chips) 
Seat 2: HubertusB ($4.49 in chips) 
Seat 3: ess3L ($11.80 in chips) 
Seat 4: moon0828 ($10.13 in chips) 
Seat 5: arturs1996 ($10.41 in chips) 
Seat 6: GRizlik14 ($6.07 in chips) 
HubertusB: posts small blind $0.02
ess3L: posts big blind $0.05
*** HOLE CARDS ***
Dealt to HubertusB [7h 8c]
moon0828: folds 
arturs1996: raises $0.10 to $0.15
GRizlik14: folds 
vova270793: folds 
HubertusB: folds 
ess3L: folds 
Uncalled bet ($0.10) returned to arturs1996
arturs1996 collected $0.12 from pot
arturs1996: doesn't show hand 
*** SUMMARY ***
Total pot $0.12 | Rake $0 
Seat 1: vova270793 (button) folded before Flop (didn't bet)
Seat 2: HubertusB (small blind) folded before Flop
Seat 3: ess3L (big blind) folded before Flop
Seat 4: moon0828 folded before Flop (didn't bet)
Seat 5: arturs1996 collected ($0.12)
Seat 6: GRizlik14 folded before Flop (didn't bet)



PokerStars Zoom Hand #186523019847:  Hold'em No Limit ($0.02/$0.05) - 2018/05/17 19:18:58 CCT [2018/05/17 7:18:58 ET]
Table 'Donati' 6-max Seat #1 is the button
Seat 1: cjames14 ($4.87 in chips) 
Seat 2: MistyStar918 ($5.08 in chips) 
Seat 3: HubertusB ($4.47 in chips) 
Seat 4: justasheep20 ($12.95 in chips) 
Seat 5: Blackantz ($9.76 in chips) 
Seat 6: Antant AA ($2.54 in chips) 
MistyStar918: posts small blind $0.02
HubertusB: posts big blind $0.05
*** HOLE CARDS ***
Dealt to HubertusB [Qd Ks]
justasheep20: folds 
Blackantz: folds 
Antant AA: folds 
cjames14: folds 
MistyStar918: folds 
Uncalled bet ($0.03) returned to HubertusB
HubertusB collected $0.04 from pot
HubertusB: doesn't show hand 
*** SUMMARY ***
Total pot $0.04 | Rake $0 
Seat 1: cjames14 (button) folded before Flop (didn't bet)
Seat 2: MistyStar918 (small blind) folded before Flop
Seat 3: HubertusB (big blind) collected ($0.04)
Seat 4: justasheep20 folded before Flop (didn't bet)
Seat 5: Blackantz folded before Flop (didn't bet)
Seat 6: Antant AA folded before Flop (didn't bet)



PokerStars Zoom Hand #186523016977:  Hold'em No Limit ($0.02/$0.05) - 2018/05/17 19:18:50 CCT [2018/05/17 7:18:50 ET]
Table 'Donati' 6-max Seat #1 is the button
Seat 1: kotsu65 ($4.93 in chips) 
Seat 2: tirapolisme ($5 in chips) 
Seat 3: seignior ($4.98 in chips) 
Seat 4: Quorthon_Zei ($5.27 in chips) 
Seat 5: MistyStar918 ($5.08 in chips) 
Seat 6: HubertusB ($4.47 in chips) 
tirapolisme: posts small blind $0.02
seignior: posts big blind $0.05
*** HOLE CARDS ***
Dealt to HubertusB [2c Ts]
Quorthon_Zei: raises $0.10 to $0.15
MistyStar918: folds 
HubertusB: folds 
kotsu65: folds 
tirapolisme: folds 
seignior: calls $0.10
*** FLOP *** [Ks 9h 5d]
seignior: checks 
Quorthon_Zei: checks 
*** TURN *** [Ks 9h 5d] [Ah]
seignior: checks 
Quorthon_Zei: bets $0.20
seignior: calls $0.20
*** RIVER *** [Ks 9h 5d Ah] [7h]
seignior: checks 
Quorthon_Zei: bets $0.45
seignior: calls $0.45
*** SHOW DOWN ***
Quorthon_Zei: shows [As Qs] (a pair of Aces)
seignior: shows [Ad 7d] (two pair, Aces and Sevens)
seignior collected $1.55 from pot
*** SUMMARY ***
Total pot $1.62 | Rake $0.07 
Board [Ks 9h 5d Ah 7h]
Seat 1: kotsu65 (button) folded before Flop (didn't bet)
Seat 2: tirapolisme (small blind) folded before Flop
Seat 3: seignior (big blind) showed [Ad 7d] and won ($1.55) with two pair, Aces and Sevens
Seat 4: Quorthon_Zei showed [As Qs] and lost with a pair of Aces
Seat 5: MistyStar918 folded before Flop (didn't bet)
Seat 6: HubertusB folded before Flop (didn't bet)



PokerStars Zoom Hand #186523029407:  Hold'em No Limit ($0.02/$0.05) - 2018/05/17 19:19:24 CCT [2018/05/17 7:19:24 ET]
Table 'Donati' 6-max Seat #1 is the button
Seat 1: HubertusB ($4.49 in chips) 
Seat 2: Marat020775 ($7.07 in chips) 
Seat 3: balosstone ($6.24 in chips) 
Seat 4: TheFibonachi ($3.43 in chips) 
Seat 5: mishu415 ($5.07 in chips) 
Seat 6: Gevron ($7.67 in chips) 
Marat020775: posts small blind $0.02
balosstone: posts big blind $0.05
*** HOLE CARDS ***
Dealt to HubertusB [6c 2c]
TheFibonachi: folds 
mishu415: folds 
Gevron: folds 
HubertusB: raises $0.05 to $0.10
Marat020775: folds 
balosstone: calls $0.05
*** FLOP *** [Kc 5s 7d]
balosstone: bets $0.08
HubertusB: raises $0.17 to $0.25
balosstone: folds 
Uncalled bet ($0.17) returned to HubertusB
HubertusB collected $0.36 from pot
HubertusB: doesn't show hand 
*** SUMMARY ***
Total pot $0.38 | Rake $0.02 
Board [Kc 5s 7d]
Seat 1: HubertusB (button) collected ($0.36)
Seat 2: Marat020775 (small blind) folded before Flop
Seat 3: balosstone (big blind) folded on the Flop
Seat 4: TheFibonachi folded before Flop (didn't bet)
Seat 5: mishu415 folded before Flop (didn't bet)
Seat 6: Gevron folded before Flop (didn't bet)



PokerStars Zoom Hand #186523050217:  Hold'em No Limit ($0.02/$0.05) - 2018/05/17 19:20:21 CCT [2018/05/17 7:20:21 ET]
Table 'Donati' 6-max Seat #1 is the button
Seat 1: DollarPrync ($5.37 in chips) 
Seat 2: margo1011 ($5 in chips) 
Seat 3: Papa_Prey ($5.07 in chips) 
Seat 4: zwetok ($16.47 in chips) 
Seat 5: HubertusB ($4.67 in chips) 
Seat 6: mishu415 ($5.07 in chips) 
margo1011: posts small blind $0.02
Papa_Prey: posts big blind $0.05
*** HOLE CARDS ***
Dealt to HubertusB [3s 5h]
zwetok: folds 
HubertusB: folds 
mishu415: folds 
DollarPrync: folds 
margo1011: folds 
Uncalled bet ($0.03) returned to Papa_Prey
Papa_Prey collected $0.04 from pot
Papa_Prey: doesn't show hand 
*** SUMMARY ***
Total pot $0.04 | Rake $0 
Seat 1: DollarPrync (button) folded before Flop (didn't bet)
Seat 2: margo1011 (small blind) folded before Flop
Seat 3: Papa_Prey (big blind) collected ($0.04)
Seat 4: zwetok folded before Flop (didn't bet)
Seat 5: HubertusB folded before Flop (didn't bet)
Seat 6: mishu415 folded before Flop (didn't bet)



PokerStars Zoom Hand #186523052060:  Hold'em No Limit ($0.02/$0.05) - 2018/05/17 19:20:26 CCT [2018/05/17 7:20:26 ET]
Table 'Donati' 6-max Seat #1 is the button
Seat 1: LQ Wu ($1.87 in chips) 
Seat 2: evGHENII85 ($7.93 in chips) 
Seat 3: tty1214 ($7.82 in chips) 
Seat 4: HubertusB ($4.67 in chips) 
Seat 5: El Hanni ($4.93 in chips) 
Seat 6: Gigike2222 ($7.77 in chips) 
evGHENII85: posts small blind $0.02
tty1214: posts big blind $0.05
*** HOLE CARDS ***
Dealt to HubertusB [Ac 2h]
HubertusB: raises $0.05 to $0.10
El Hanni: folds 
Gigike2222: calls $0.10
LQ Wu: folds 
evGHENII85: folds 
tty1214: folds 
*** FLOP *** [5s 5d Tc]
HubertusB: bets $0.15
Gigike2222: folds 
Uncalled bet ($0.15) returned to HubertusB
HubertusB collected $0.26 from pot
HubertusB: doesn't show hand 
*** SUMMARY ***
Total pot $0.27 | Rake $0.01 
Board [5s 5d Tc]
Seat 1: LQ Wu (button) folded before Flop (didn't bet)
Seat 2: evGHENII85 (small blind) folded before Flop
Seat 3: tty1214 (big blind) folded before Flop
Seat 4: HubertusB collected ($0.26)
Seat 5: El Hanni folded before Flop (didn't bet)
Seat 6: Gigike2222 folded on the Flop



PokerStars Zoom Hand #186523061809:  Hold'em No Limit ($0.02/$0.05) - 2018/05/17 19:20:53 CCT [2018/05/17 7:20:53 ET]
Table 'Donati' 6-max Seat #1 is the button
Seat 1: MistyStar918 ($5 in chips) 
Seat 2: Archangel226 ($5.02 in chips) 
Seat 3: TehPokeHerer ($10.23 in chips) 
Seat 4: HubertusB ($4.83 in chips) 
Seat 5: KinG_T1427 ($6.16 in chips) 
Seat 6: Toni2Maroni ($4.95 in chips) 
Archangel226: posts small blind $0.02
TehPokeHerer: posts big blind $0.05
*** HOLE CARDS ***
Dealt to HubertusB [Jc 8c]
HubertusB: raises $0.05 to $0.10
KinG_T1427: folds 
Toni2Maroni: folds 
MistyStar918: folds 
Archangel226: folds 
TehPokeHerer: folds 
Uncalled bet ($0.05) returned to HubertusB
HubertusB collected $0.12 from pot
HubertusB: doesn't show hand 
*** SUMMARY ***
Total pot $0.12 | Rake $0 
Seat 1: MistyStar918 (button) folded before Flop (didn't bet)
Seat 2: Archangel226 (small blind) folded before Flop
Seat 3: TehPokeHerer (big blind) folded before Flop
Seat 4: HubertusB collected ($0.12)
Seat 5: KinG_T1427 folded before Flop (didn't bet)
Seat 6: Toni2Maroni folded before Flop (didn't bet)



PokerStars Zoom Hand #186523066394:  Hold'em No Limit ($0.02/$0.05) - 2018/05/17 19:21:05 CCT [2018/05/17 7:21:05 ET]
Table 'Donati' 6-max Seat #1 is the button
Seat 1: evGHENII85 ($11.58 in chips) 
Seat 2: Schwaetzer84 ($5 in chips) 
Seat 3: HubertusB ($4.90 in chips) 
Seat 4: Araj Moon ($9.61 in chips) 
Seat 5: dorin505 ($1.56 in chips) 
Seat 6: Siorassc ($5.70 in chips) 
Schwaetzer84: posts small blind $0.02
HubertusB: posts big blind $0.05
*** HOLE CARDS ***
Dealt to HubertusB [2s 9d]
Araj Moon: folds 
dorin505: raises $1.51 to $1.56 and is all-in
Siorassc: folds 
evGHENII85: folds 
Schwaetzer84: folds 
HubertusB: folds 
Uncalled bet ($1.51) returned to dorin505
dorin505 collected $0.12 from pot
dorin505: doesn't show hand 
*** SUMMARY ***
Total pot $0.12 | Rake $0 
Seat 1: evGHENII85 (button) folded before Flop (didn't bet)
Seat 2: Schwaetzer84 (small blind) folded before Flop
Seat 3: HubertusB (big blind) folded before Flop
Seat 4: Araj Moon folded before Flop (didn't bet)
Seat 5: dorin505 collected ($0.12)
Seat 6: Siorassc folded before Flop (didn't bet)



PokerStars Zoom Hand #186523071560:  Hold'em No Limit ($0.02/$0.05) - 2018/05/17 19:21:19 CCT [2018/05/17 7:21:19 ET]
Table 'Donati' 6-max Seat #1 is the button
Seat 1: ckmtl5 ($4.86 in chips) 
Seat 2: venbeat ($9.88 in chips) 
Seat 3: jaanis1983 ($6.74 in chips) 
Seat 4: HubertusB ($4.83 in chips) 
Seat 5: RobertMoog ($5 in chips) 
Seat 6: Joji_137 ($5.58 in chips) 
venbeat: posts small blind $0.02
jaanis1983: posts big blind $0.05
*** HOLE CARDS ***
Dealt to HubertusB [8d 3h]
HubertusB: folds 
RobertMoog: raises $0.10 to $0.15
Joji_137: folds 
ckmtl5: folds 
venbeat: folds 
jaanis1983: raises $0.40 to $0.55
RobertMoog: folds 
Uncalled bet ($0.40) returned to jaanis1983
jaanis1983 collected $0.32 from pot
jaanis1983: doesn't show hand 
*** SUMMARY ***
Total pot $0.32 | Rake $0 
Seat 1: ckmtl5 (button) folded before Flop (didn't bet)
Seat 2: venbeat (small blind) folded before Flop
Seat 3: jaanis1983 (big blind) collected ($0.32)
Seat 4: HubertusB folded before Flop (didn't bet)
Seat 5: RobertMoog folded before Flop
Seat 6: Joji_137 folded before Flop (didn't bet)



PokerStars Zoom Hand #186523074440:  Hold'em No Limit ($0.02/$0.05) - 2018/05/17 19:21:27 CCT [2018/05/17 7:21:27 ET]
Table 'Donati' 6-max Seat #1 is the button
Seat 1: HubertusB ($4.83 in chips) 
Seat 2: dekabrist185 ($6 in chips) 
Seat 3: Marat020775 ($5.67 in chips) 
Seat 4: Cardenas87 ($5 in chips) 
Seat 5: 2650421782 ($5.07 in chips) 
Seat 6: Toni2Maroni ($4.86 in chips) 
dekabrist185: posts small blind $0.02
Marat020775: posts big blind $0.05
*** HOLE CARDS ***
Dealt to HubertusB [8h Jd]
Cardenas87: folds 
2650421782: raises $0.12 to $0.17
Toni2Maroni: folds 
HubertusB: raises $0.28 to $0.45
dekabrist185: folds 
Marat020775: folds 
2650421782: raises $4.62 to $5.07 and is all-in
HubertusB: folds 
Uncalled bet ($4.62) returned to 2650421782
2650421782 collected $0.97 from pot
2650421782: doesn't show hand 
*** SUMMARY ***
Total pot $0.97 | Rake $0 
Seat 1: HubertusB (button) folded before Flop
Seat 2: dekabrist185 (small blind) folded before Flop
Seat 3: Marat020775 (big blind) folded before Flop
Seat 4: Cardenas87 folded before Flop (didn't bet)
Seat 5: 2650421782 collected ($0.97)
Seat 6: Toni2Maroni folded before Flop (didn't bet)



PokerStars Zoom Hand #186523069709:  Hold'em No Limit ($0.02/$0.05) - 2018/05/17 19:21:14 CCT [2018/05/17 7:21:14 ET]
Table 'Donati' 6-max Seat #1 is the button
Seat 1: Schwaetzer84 ($5 in chips) 
Seat 2: HubertusB ($4.85 in chips) 
Seat 3: GreenBir ($6.90 in chips) 
Seat 4: nexo4yxa ($1.83 in chips) 
Seat 5: belgas33 ($5.36 in chips) 
Seat 6: lucaskissler ($5.12 in chips) 
HubertusB: posts small blind $0.02
GreenBir: posts big blind $0.05
*** HOLE CARDS ***
Dealt to HubertusB [Td 2c]
nexo4yxa: raises $0.10 to $0.15
belgas33: folds 
lucaskissler: folds 
Schwaetzer84: raises $0.37 to $0.52
HubertusB: folds 
GreenBir has timed out while disconnected
GreenBir: folds 
nexo4yxa: calls $0.37
*** FLOP *** [8h 2s 3s]
nexo4yxa: checks 
Schwaetzer84: bets $0.80
nexo4yxa: raises $0.51 to $1.31 and is all-in
Schwaetzer84: calls $0.51
*** TURN *** [8h 2s 3s] [7c]
*** RIVER *** [8h 2s 3s 7c] [6s]
*** SHOW DOWN ***
nexo4yxa: shows [Tc As] (high card Ace)
Schwaetzer84: shows [Qh Ah] (high card Ace - Queen kicker)
Schwaetzer84 collected $3.58 from pot
*** SUMMARY ***
Total pot $3.73 | Rake $0.15 
Board [8h 2s 3s 7c 6s]
Seat 1: Schwaetzer84 (button) showed [Qh Ah] and won ($3.58) with high card Ace
Seat 2: HubertusB (small blind) folded before Flop
Seat 3: GreenBir (big blind) folded before Flop
Seat 4: nexo4yxa showed [Tc As] and lost with high card Ace
Seat 5: belgas33 folded before Flop (didn't bet)
Seat 6: lucaskissler folded before Flop (didn't bet)



PokerStars Zoom Hand #186523085592:  Hold'em No Limit ($0.02/$0.05) - 2018/05/17 19:21:57 CCT [2018/05/17 7:21:57 ET]
Table 'Donati' 6-max Seat #1 is the button
Seat 1: Papa_Prey ($5.27 in chips) 
Seat 2: HubertusB ($4.38 in chips) 
Seat 3: AB5OLUTI0N ($5.12 in chips) 
Seat 4: BrunoWolf80 ($6.31 in chips) 
Seat 5: Marat020775 ($5.60 in chips) 
Seat 6: onlinep ($4.44 in chips) 
HubertusB: posts small blind $0.02
AB5OLUTI0N: posts big blind $0.05
*** HOLE CARDS ***
Dealt to HubertusB [Js Jd]
BrunoWolf80: folds 
Marat020775: raises $0.10 to $0.15
onlinep: folds 
Papa_Prey: folds 
HubertusB: raises $0.30 to $0.45
AB5OLUTI0N: folds 
Marat020775: calls $0.30
*** FLOP *** [5d 6c 2c]
HubertusB: bets $0.45
Marat020775: folds 
Uncalled bet ($0.45) returned to HubertusB
HubertusB collected $0.91 from pot
HubertusB: doesn't show hand 
*** SUMMARY ***
Total pot $0.95 | Rake $0.04 
Board [5d 6c 2c]
Seat 1: Papa_Prey (button) folded before Flop (didn't bet)
Seat 2: HubertusB (small blind) collected ($0.91)
Seat 3: AB5OLUTI0N (big blind) folded before Flop
Seat 4: BrunoWolf80 folded before Flop (didn't bet)
Seat 5: Marat020775 folded on the Flop
Seat 6: onlinep folded before Flop (didn't bet)



PokerStars Zoom Hand #186523097820:  Hold'em No Limit ($0.02/$0.05) - 2018/05/17 19:22:30 CCT [2018/05/17 7:22:30 ET]
Table 'Donati' 6-max Seat #1 is the button
Seat 1: andriasssse ($5.22 in chips) 
Seat 2: 1ColdCanuk ($5.07 in chips) 
Seat 3: HubertusB ($4.84 in chips) 
Seat 4: Hunt3r.A.A. ($2.96 in chips) 
Seat 5: Genisys11 ($6.80 in chips) 
Seat 6: Schwaetzer84 ($5.54 in chips) 
1ColdCanuk: posts small blind $0.02
HubertusB: posts big blind $0.05
*** HOLE CARDS ***
Dealt to HubertusB [Qh 3c]
Hunt3r.A.A.: folds 
Genisys11: folds 
Schwaetzer84: folds 
andriasssse: folds 
1ColdCanuk: folds 
Uncalled bet ($0.03) returned to HubertusB
HubertusB collected $0.04 from pot
HubertusB: doesn't show hand 
*** SUMMARY ***
Total pot $0.04 | Rake $0 
Seat 1: andriasssse (button) folded before Flop (didn't bet)
Seat 2: 1ColdCanuk (small blind) folded before Flop
Seat 3: HubertusB (big blind) collected ($0.04)
Seat 4: Hunt3r.A.A. folded before Flop (didn't bet)
Seat 5: Genisys11 folded before Flop (didn't bet)
Seat 6: Schwaetzer84 folded before Flop (didn't bet)



PokerStars Zoom Hand #186523101898:  Hold'em No Limit ($0.02/$0.05) - 2018/05/17 19:22:41 CCT [2018/05/17 7:22:41 ET]
Table 'Donati' 6-max Seat #1 is the button
Seat 1: HubertusB ($4.86 in chips) 
Seat 2: Marat020775 ($5.10 in chips) 
Seat 3: paspartoo1 ($2.50 in chips) 
Seat 4: aDYTKINa ($7.12 in chips) 
Seat 5: smudge120681 ($5 in chips) 
Seat 6: Blacky1967 ($4.85 in chips) 
Marat020775: posts small blind $0.02
paspartoo1: posts big blind $0.05
*** HOLE CARDS ***
Dealt to HubertusB [6h Ks]
aDYTKINa: folds 
smudge120681: folds 
Blacky1967: folds 
HubertusB: folds 
Marat020775: raises $0.10 to $0.15
paspartoo1: calls $0.10
*** FLOP *** [5c Jd 7d]
Marat020775: checks 
paspartoo1: bets $0.05
Marat020775: folds 
Uncalled bet ($0.05) returned to paspartoo1
paspartoo1 collected $0.29 from pot
paspartoo1: doesn't show hand 
*** SUMMARY ***
Total pot $0.30 | Rake $0.01 
Board [5c Jd 7d]
Seat 1: HubertusB (button) folded before Flop (didn't bet)
Seat 2: Marat020775 (small blind) folded on the Flop
Seat 3: paspartoo1 (big blind) collected ($0.29)
Seat 4: aDYTKINa folded before Flop (didn't bet)
Seat 5: smudge120681 folded before Flop (didn't bet)
Seat 6: Blacky1967 folded before Flop (didn't bet)



PokerStars Zoom Hand #186523104165:  Hold'em No Limit ($0.02/$0.05) - 2018/05/17 19:22:47 CCT [2018/05/17 7:22:47 ET]
Table 'Donati' 6-max Seat #1 is the button
Seat 1: SeU85 ($9.35 in chips) 
Seat 2: TehPokeHerer ($10.42 in chips) 
Seat 3: Punzzzer ($5.44 in chips) 
Seat 4: andeee74 ($5.93 in chips) 
Seat 5: Maoochan ($5.02 in chips) 
Seat 6: HubertusB ($4.86 in chips) 
TehPokeHerer: posts small blind $0.02
Punzzzer: posts big blind $0.05
*** HOLE CARDS ***
Dealt to HubertusB [8h 7c]
andeee74: folds 
Maoochan: folds 
HubertusB: folds 
SeU85: folds 
TehPokeHerer: folds 
Uncalled bet ($0.03) returned to Punzzzer
Punzzzer collected $0.04 from pot
Punzzzer: doesn't show hand 
*** SUMMARY ***
Total pot $0.04 | Rake $0 
Seat 1: SeU85 (button) folded before Flop (didn't bet)
Seat 2: TehPokeHerer (small blind) folded before Flop
Seat 3: Punzzzer (big blind) collected ($0.04)
Seat 4: andeee74 folded before Flop (didn't bet)
Seat 5: Maoochan folded before Flop (didn't bet)
Seat 6: HubertusB folded before Flop (didn't bet)



PokerStars Zoom Hand #186523108195:  Hold'em No Limit ($0.02/$0.05) - 2018/05/17 19:22:58 CCT [2018/05/17 7:22:58 ET]
Table 'Donati' 6-max Seat #1 is the button
Seat 1: Narzan640 ($5.80 in chips) 
Seat 2: Only_Vizard ($5.48 in chips) 
Seat 3: Papa_Prey ($5.20 in chips) 
Seat 4: belgas33 ($6.01 in chips) 
Seat 5: andriasssse ($5.22 in chips) 
Seat 6: HubertusB ($4.86 in chips) 
Only_Vizard: posts small blind $0.02
Papa_Prey: posts big blind $0.05
*** HOLE CARDS ***
Dealt to HubertusB [7h 8h]
belgas33: folds 
andriasssse: folds 
HubertusB: raises $0.05 to $0.10
Narzan640: folds 
Only_Vizard: folds 
Papa_Prey: folds 
Uncalled bet ($0.05) returned to HubertusB
HubertusB collected $0.12 from pot
HubertusB: doesn't show hand 
*** SUMMARY ***
Total pot $0.12 | Rake $0 
Seat 1: Narzan640 (button) folded before Flop (didn't bet)
Seat 2: Only_Vizard (small blind) folded before Flop
Seat 3: Papa_Prey (big blind) folded before Flop
Seat 4: belgas33 folded before Flop (didn't bet)
Seat 5: andriasssse folded before Flop (didn't bet)
Seat 6: HubertusB collected ($0.12)



PokerStars Zoom Hand #186523112722:  Hold'em No Limit ($0.02/$0.05) - 2018/05/17 19:23:10 CCT [2018/05/17 7:23:10 ET]
Table 'Donati' 6-max Seat #1 is the button
Seat 1: paspartoo1 ($2.62 in chips) 
Seat 2: Papa_Prey ($5.75 in chips) 
Seat 3: yugay55 ($7.46 in chips) 
Seat 4: drk55 ($6.18 in chips) 
Seat 5: HubertusB ($4.93 in chips) 
Seat 6: Blacky1967 ($7.16 in chips) 
Papa_Prey: posts small blind $0.02
yugay55: posts big blind $0.05
*** HOLE CARDS ***
Dealt to HubertusB [Kd 7h]
drk55: folds 
HubertusB: folds 
Blacky1967: folds 
paspartoo1: folds 
Papa_Prey: folds 
Uncalled bet ($0.03) returned to yugay55
yugay55 collected $0.04 from pot
yugay55: doesn't show hand 
*** SUMMARY ***
Total pot $0.04 | Rake $0 
Seat 1: paspartoo1 (button) folded before Flop (didn't bet)
Seat 2: Papa_Prey (small blind) folded before Flop
Seat 3: yugay55 (big blind) collected ($0.04)
Seat 4: drk55 folded before Flop (didn't bet)
Seat 5: HubertusB folded before Flop (didn't bet)
Seat 6: Blacky1967 folded before Flop (didn't bet)



PokerStars Zoom Hand #186523114967:  Hold'em No Limit ($0.02/$0.05) - 2018/05/17 19:23:16 CCT [2018/05/17 7:23:16 ET]
Table 'Donati' 6-max Seat #1 is the button
Seat 1: j0rdi4 ($5 in chips) 
Seat 2: HubertusB ($4.93 in chips) 
Seat 3: Gevron ($5.12 in chips) 
Seat 4: Igorsss3 ($5.85 in chips) 
Seat 5: Faied123 ($5.63 in chips) 
Seat 6: vova270793 ($5.57 in chips) 
HubertusB: posts small blind $0.02
Gevron: posts big blind $0.05
*** HOLE CARDS ***
Dealt to HubertusB [5s 8s]
Igorsss3: folds 
Faied123: folds 
vova270793: folds 
j0rdi4: raises $0.07 to $0.12
HubertusB: raises $0.23 to $0.35
Gevron: folds 
j0rdi4: folds 
Uncalled bet ($0.23) returned to HubertusB
HubertusB collected $0.29 from pot
HubertusB: doesn't show hand 
*** SUMMARY ***
Total pot $0.29 | Rake $0 
Seat 1: j0rdi4 (button) folded before Flop
Seat 2: HubertusB (small blind) collected ($0.29)
Seat 3: Gevron (big blind) folded before Flop
Seat 4: Igorsss3 folded before Flop (didn't bet)
Seat 5: Faied123 folded before Flop (didn't bet)
Seat 6: vova270793 folded before Flop (didn't bet)



PokerStars Zoom Hand #186523122747:  Hold'em No Limit ($0.02/$0.05) - 2018/05/17 19:23:37 CCT [2018/05/17 7:23:37 ET]
Table 'Donati' 6-max Seat #1 is the button
Seat 1: Archangel226 ($5.47 in chips) 
Seat 2: salamandryko ($5.17 in chips) 
Seat 3: seignior ($5.42 in chips) 
Seat 4: balosstone ($6.41 in chips) 
Seat 5: HubertusB ($5.10 in chips) 
Seat 6: Break0123 ($5 in chips) 
salamandryko: posts small blind $0.02
seignior: posts big blind $0.05
*** HOLE CARDS ***
Dealt to HubertusB [8d 6d]
balosstone: folds 
HubertusB: raises $0.05 to $0.10
Break0123: folds 
Archangel226: folds 
salamandryko: folds 
seignior: folds 
Uncalled bet ($0.05) returned to HubertusB
HubertusB collected $0.12 from pot
HubertusB: doesn't show hand 
*** SUMMARY ***
Total pot $0.12 | Rake $0 
Seat 1: Archangel226 (button) folded before Flop (didn't bet)
Seat 2: salamandryko (small blind) folded before Flop
Seat 3: seignior (big blind) folded before Flop
Seat 4: balosstone folded before Flop (didn't bet)
Seat 5: HubertusB collected ($0.12)
Seat 6: Break0123 folded before Flop (didn't bet)



PokerStars Zoom Hand #186523130532:  Hold'em No Limit ($0.02/$0.05) - 2018/05/17 19:23:58 CCT [2018/05/17 7:23:58 ET]
Table 'Donati' 6-max Seat #1 is the button
Seat 1: Papa_Prey ($5.61 in chips) 
Seat 2: evGHENII85 ($8.77 in chips) 
Seat 3: HubertusB ($5.17 in chips) 
Seat 4: jacks550 ($8.28 in chips) 
Seat 5: sorokin21 ($4.75 in chips) 
Seat 6: zwetok ($9.24 in chips) 
evGHENII85: posts small blind $0.02
HubertusB: posts big blind $0.05
*** HOLE CARDS ***
Dealt to HubertusB [Kc 2h]
jacks550: folds 
sorokin21: folds 
zwetok: folds 
Papa_Prey: raises $0.05 to $0.10
evGHENII85: folds 
HubertusB: folds 
Uncalled bet ($0.05) returned to Papa_Prey
Papa_Prey collected $0.12 from pot
Papa_Prey: doesn't show hand 
*** SUMMARY ***
Total pot $0.12 | Rake $0 
Seat 1: Papa_Prey (button) collected ($0.12)
Seat 2: evGHENII85 (small blind) folded before Flop
Seat 3: HubertusB (big blind) folded before Flop
Seat 4: jacks550 folded before Flop (didn't bet)
Seat 5: sorokin21 folded before Flop (didn't bet)
Seat 6: zwetok folded before Flop (didn't bet)



PokerStars Zoom Hand #186523135705:  Hold'em No Limit ($0.02/$0.05) - 2018/05/17 19:24:12 CCT [2018/05/17 7:24:12 ET]
Table 'Donati' 6-max Seat #1 is the button
Seat 1: HubertusB ($5.12 in chips) 
Seat 2: rottermont26T ($4.87 in chips) 
Seat 3: roadto2kmmr ($16.61 in chips) 
Seat 4: MistyStar918 ($6.25 in chips) 
Seat 5: Kruzer20 ($13.95 in chips) 
Seat 6: 1Sania1 ($12.14 in chips) 
rottermont26T: posts small blind $0.02
roadto2kmmr: posts big blind $0.05
*** HOLE CARDS ***
Dealt to HubertusB [8d 9s]
MistyStar918: folds 
Kruzer20: folds 
1Sania1: folds 
HubertusB: raises $0.05 to $0.10
rottermont26T: calls $0.08
roadto2kmmr: folds 
*** FLOP *** [9c 2d 2h]
rottermont26T: checks 
HubertusB: checks 
*** TURN *** [9c 2d 2h] [5h]
rottermont26T: checks 
HubertusB: bets $0.15
rottermont26T: folds 
Uncalled bet ($0.15) returned to HubertusB
HubertusB collected $0.24 from pot
HubertusB: doesn't show hand 
*** SUMMARY ***
Total pot $0.25 | Rake $0.01 
Board [9c 2d 2h 5h]
Seat 1: HubertusB (button) collected ($0.24)
Seat 2: rottermont26T (small blind) folded on the Turn
Seat 3: roadto2kmmr (big blind) folded before Flop
Seat 4: MistyStar918 folded before Flop (didn't bet)
Seat 5: Kruzer20 folded before Flop (didn't bet)
Seat 6: 1Sania1 folded before Flop (didn't bet)



PokerStars Zoom Hand #186523143818:  Hold'em No Limit ($0.02/$0.05) - 2018/05/17 19:24:34 CCT [2018/05/17 7:24:34 ET]
Table 'Donati' 6-max Seat #1 is the button
Seat 1: Schwaetzer84 ($7.13 in chips) 
Seat 2: aDYTKINa ($12.21 in chips) 
Seat 3: Archangel226 ($5 in chips) 
Seat 4: HubertusB ($5.26 in chips) 
Seat 5: lada6465 ($0.51 in chips) 
Seat 6: Shamaxxx ($5.74 in chips) 
aDYTKINa: posts small blind $0.02
Archangel226: posts big blind $0.05
*** HOLE CARDS ***
Dealt to HubertusB [Jc Ad]
HubertusB: raises $0.05 to $0.10
lada6465: folds 
Shamaxxx: raises $0.31 to $0.41
Schwaetzer84: folds 
aDYTKINa: folds 
Archangel226: folds 
HubertusB: folds 
Uncalled bet ($0.31) returned to Shamaxxx
Shamaxxx collected $0.27 from pot
Shamaxxx: doesn't show hand 
*** SUMMARY ***
Total pot $0.27 | Rake $0 
Seat 1: Schwaetzer84 (button) folded before Flop (didn't bet)
Seat 2: aDYTKINa (small blind) folded before Flop
Seat 3: Archangel226 (big blind) folded before Flop
Seat 4: HubertusB folded before Flop
Seat 5: lada6465 folded before Flop (didn't bet)
Seat 6: Shamaxxx collected ($0.27)



PokerStars Zoom Hand #186523154472:  Hold'em No Limit ($0.02/$0.05) - 2018/05/17 19:25:03 CCT [2018/05/17 7:25:03 ET]
Table 'Donati' 6-max Seat #1 is the button
Seat 1: k1v0k ($5.02 in chips) 
Seat 2: JaguarBLR ($5.84 in chips) 
Seat 3: Mutnii14 ($5 in chips) 
Seat 4: Kent77a ($4.53 in chips) 
Seat 5: Gamer577 ($12.66 in chips) 
Seat 6: HubertusB ($5.16 in chips) 
JaguarBLR: posts small blind $0.02
Mutnii14: posts big blind $0.05
*** HOLE CARDS ***
Dealt to HubertusB [Qs 5s]
Kent77a: folds 
Gamer577: folds 
HubertusB: raises $0.05 to $0.10
k1v0k: raises $0.30 to $0.40
JaguarBLR: folds 
Mutnii14: folds 
HubertusB: folds 
Uncalled bet ($0.30) returned to k1v0k
k1v0k collected $0.27 from pot
k1v0k: doesn't show hand 
*** SUMMARY ***
Total pot $0.27 | Rake $0 
Seat 1: k1v0k (button) collected ($0.27)
Seat 2: JaguarBLR (small blind) folded before Flop
Seat 3: Mutnii14 (big blind) folded before Flop
Seat 4: Kent77a folded before Flop (didn't bet)
Seat 5: Gamer577 folded before Flop (didn't bet)
Seat 6: HubertusB folded before Flop



PokerStars Zoom Hand #186523162340:  Hold'em No Limit ($0.02/$0.05) - 2018/05/17 19:25:24 CCT [2018/05/17 7:25:24 ET]
Table 'Donati' 6-max Seat #1 is the button
Seat 1: evGHENII85 ($11.22 in chips) 
Seat 2: HubertusB ($5.06 in chips) 
Seat 3: Valerij V.S. ($4.89 in chips) 
Seat 4: lada6465 ($0.58 in chips) 
Seat 5: aDYTKINa ($7.24 in chips) 
Seat 6: AllIKnowIs0 ($6.16 in chips) 
HubertusB: posts small blind $0.02
Valerij V.S.: posts big blind $0.05
*** HOLE CARDS ***
Dealt to HubertusB [Tc Qc]
lada6465: folds 
aDYTKINa: folds 
AllIKnowIs0: folds 
evGHENII85: raises $0.10 to $0.15
HubertusB: raises $0.30 to $0.45
Valerij V.S.: folds 
evGHENII85: calls $0.30
*** FLOP *** [5d 3h 7s]
HubertusB: bets $0.45
evGHENII85: calls $0.45
*** TURN *** [5d 3h 7s] [Js]
HubertusB: checks 
evGHENII85: bets $0.90
HubertusB: folds 
Uncalled bet ($0.90) returned to evGHENII85
evGHENII85 collected $1.77 from pot
evGHENII85: doesn't show hand 
*** SUMMARY ***
Total pot $1.85 | Rake $0.08 
Board [5d 3h 7s Js]
Seat 1: evGHENII85 (button) collected ($1.77)
Seat 2: HubertusB (small blind) folded on the Turn
Seat 3: Valerij V.S. (big blind) folded before Flop
Seat 4: lada6465 folded before Flop (didn't bet)
Seat 5: aDYTKINa folded before Flop (didn't bet)
Seat 6: AllIKnowIs0 folded before Flop (didn't bet)



PokerStars Zoom Hand #186523184767:  Hold'em No Limit ($0.02/$0.05) - 2018/05/17 19:26:24 CCT [2018/05/17 7:26:24 ET]
Table 'Donati' 6-max Seat #1 is the button
Seat 1: Lydomanka ($5 in chips) 
Seat 2: justasheep20 ($23.95 in chips) 
Seat 3: Papa_Prey ($5.96 in chips) 
Seat 4: AbraRoy ($5 in chips) 
Seat 5: HubertusB ($4.16 in chips) 
Seat 6: Truth711 ($12.24 in chips) 
justasheep20: posts small blind $0.02
Papa_Prey: posts big blind $0.05
*** HOLE CARDS ***
Dealt to HubertusB [Kc 6c]
AbraRoy: folds 
HubertusB: raises $0.05 to $0.10
Truth711: folds 
Lydomanka: folds 
justasheep20: raises $0.30 to $0.40
Papa_Prey: folds 
HubertusB: folds 
Uncalled bet ($0.30) returned to justasheep20
justasheep20 collected $0.25 from pot
justasheep20: doesn't show hand 
*** SUMMARY ***
Total pot $0.25 | Rake $0 
Seat 1: Lydomanka (button) folded before Flop (didn't bet)
Seat 2: justasheep20 (small blind) collected ($0.25)
Seat 3: Papa_Prey (big blind) folded before Flop
Seat 4: AbraRoy folded before Flop (didn't bet)
Seat 5: HubertusB folded before Flop
Seat 6: Truth711 folded before Flop (didn't bet)



PokerStars Zoom Hand #186523191093:  Hold'em No Limit ($0.02/$0.05) - 2018/05/17 19:26:41 CCT [2018/05/17 7:26:41 ET]
Table 'Donati' 6-max Seat #1 is the button
Seat 1: AnthonyTH ($3.65 in chips) 
Seat 2: GLIKADIN ($4.19 in chips) 
Seat 3: HubertusB ($4.06 in chips) 
Seat 4: mohandes81 ($13.51 in chips) 
Seat 5: Blackantz ($5 in chips) 
Seat 6: KAMSHULER ($6.38 in chips) 
GLIKADIN: posts small blind $0.02
HubertusB: posts big blind $0.05
*** HOLE CARDS ***
Dealt to HubertusB [5d Qs]
mohandes81: raises $0.10 to $0.15
Blackantz: folds 
KAMSHULER: folds 
AnthonyTH: folds 
GLIKADIN: folds 
HubertusB: folds 
Uncalled bet ($0.10) returned to mohandes81
mohandes81 collected $0.12 from pot
mohandes81: doesn't show hand 
*** SUMMARY ***
Total pot $0.12 | Rake $0 
Seat 1: AnthonyTH (button) folded before Flop (didn't bet)
Seat 2: GLIKADIN (small blind) folded before Flop
Seat 3: HubertusB (big blind) folded before Flop
Seat 4: mohandes81 collected ($0.12)
Seat 5: Blackantz folded before Flop (didn't bet)
Seat 6: KAMSHULER folded before Flop (didn't bet)



PokerStars Zoom Hand #186523193326:  Hold'em No Limit ($0.02/$0.05) - 2018/05/17 19:26:47 CCT [2018/05/17 7:26:47 ET]
Table 'Donati' 6-max Seat #1 is the button
Seat 1: dekabrist185 ($6.52 in chips) 
Seat 2: Kent77a ($4.55 in chips) 
Seat 3: AB5OLUTI0N ($5.23 in chips) 
Seat 4: Aleks Ryder ($7.48 in chips) 
Seat 5: St_Curly21 ($8.85 in chips) 
Seat 6: HubertusB ($4.01 in chips) 
Kent77a: posts small blind $0.02
AB5OLUTI0N: posts big blind $0.05
*** HOLE CARDS ***
Dealt to HubertusB [Th 3d]
Aleks Ryder: folds 
St_Curly21: folds 
HubertusB: folds 
dekabrist185: raises $0.10 to $0.15
Kent77a: folds 
AB5OLUTI0N: calls $0.10
*** FLOP *** [4s Js 2c]
AB5OLUTI0N: checks 
dekabrist185: bets $0.16
AB5OLUTI0N: folds 
Uncalled bet ($0.16) returned to dekabrist185
dekabrist185 collected $0.31 from pot
dekabrist185: doesn't show hand 
*** SUMMARY ***
Total pot $0.32 | Rake $0.01 
Board [4s Js 2c]
Seat 1: dekabrist185 (button) collected ($0.31)
Seat 2: Kent77a (small blind) folded before Flop
Seat 3: AB5OLUTI0N (big blind) folded on the Flop
Seat 4: Aleks Ryder folded before Flop (didn't bet)
Seat 5: St_Curly21 folded before Flop (didn't bet)
Seat 6: HubertusB folded before Flop (didn't bet)



PokerStars Zoom Hand #186523195519:  Hold'em No Limit ($0.02/$0.05) - 2018/05/17 19:26:53 CCT [2018/05/17 7:26:53 ET]
Table 'Donati' 6-max Seat #1 is the button
Seat 1: DollarPrync ($5 in chips) 
Seat 2: Hisa38 ($10.52 in chips) 
Seat 3: edger4013 ($7.55 in chips) 
Seat 4: mariusghet12 ($12.03 in chips) 
Seat 5: HubertusB ($4.01 in chips) 
Seat 6: mnml478 ($6.69 in chips) 
Hisa38: posts small blind $0.02
edger4013: posts big blind $0.05
*** HOLE CARDS ***
Dealt to HubertusB [Jc Jd]
mariusghet12: folds 
HubertusB: raises $0.05 to $0.10
mnml478: folds 
DollarPrync: calls $0.10
Hisa38: folds 
edger4013: folds 
*** FLOP *** [Qd 8s 9s]
HubertusB: checks 
DollarPrync: bets $0.20
HubertusB: calls $0.20
*** TURN *** [Qd 8s 9s] [Ac]
HubertusB: checks 
DollarPrync: checks 
*** RIVER *** [Qd 8s 9s Ac] [Jh]
HubertusB: bets $0.55
DollarPrync: raises $0.75 to $1.30
HubertusB: calls $0.75
*** SHOW DOWN ***
DollarPrync: shows [Ts Kh] (a straight, Ten to Ace)
HubertusB: mucks hand 
DollarPrync collected $3.13 from pot
*** SUMMARY ***
Total pot $3.27 | Rake $0.14 
Board [Qd 8s 9s Ac Jh]
Seat 1: DollarPrync (button) showed [Ts Kh] and won ($3.13) with a straight, Ten to Ace
Seat 2: Hisa38 (small blind) folded before Flop
Seat 3: edger4013 (big blind) folded before Flop
Seat 4: mariusghet12 folded before Flop (didn't bet)
Seat 5: HubertusB mucked [Jc Jd]
Seat 6: mnml478 folded before Flop (didn't bet)



PokerStars Zoom Hand #186523221499:  Hold'em No Limit ($0.02/$0.05) - 2018/05/17 19:28:03 CCT [2018/05/17 7:28:03 ET]
Table 'Donati' 6-max Seat #1 is the button
Seat 1: HubertusB ($2.41 in chips) 
Seat 2: m4ri4kky ($7.67 in chips) 
Seat 3: Gamer577 ($5.28 in chips) 
Seat 4: mishu415 ($5.70 in chips) 
Seat 5: k1v0k ($5.13 in chips) 
Seat 6: Cardenas87 ($5 in chips) 
m4ri4kky: posts small blind $0.02
Gamer577: posts big blind $0.05
*** HOLE CARDS ***
Dealt to HubertusB [3c 6s]
mishu415: raises $0.10 to $0.15
k1v0k: folds 
Cardenas87: folds 
HubertusB: folds 
m4ri4kky: folds 
Gamer577: folds 
Uncalled bet ($0.10) returned to mishu415
mishu415 collected $0.12 from pot
mishu415: doesn't show hand 
*** SUMMARY ***
Total pot $0.12 | Rake $0 
Seat 1: HubertusB (button) folded before Flop (didn't bet)
Seat 2: m4ri4kky (small blind) folded before Flop
Seat 3: Gamer577 (big blind) folded before Flop
Seat 4: mishu415 collected ($0.12)
Seat 5: k1v0k folded before Flop (didn't bet)
Seat 6: Cardenas87 folded before Flop (didn't bet)



PokerStars Zoom Hand #186523223732:  Hold'em No Limit ($0.02/$0.05) - 2018/05/17 19:28:09 CCT [2018/05/17 7:28:09 ET]
Table 'Donati' 6-max Seat #1 is the button
Seat 1: zdaz1 ($24.30 in chips) 
Seat 2: Dmigri ($5.99 in chips) 
Seat 3: AbraRoy ($5.28 in chips) 
Seat 4: HubertusB ($2.41 in chips) 
Seat 5: VarAnaDim ($5.84 in chips) 
Seat 6: cjames14 ($5.59 in chips) 
Dmigri: posts small blind $0.02
AbraRoy: posts big blind $0.05
*** HOLE CARDS ***
Dealt to HubertusB [Ks Ac]
HubertusB: raises $0.05 to $0.10
VarAnaDim: folds 
cjames14: folds 
zdaz1: folds 
Dmigri: folds 
AbraRoy: folds 
Uncalled bet ($0.05) returned to HubertusB
HubertusB collected $0.12 from pot
HubertusB: doesn't show hand 
*** SUMMARY ***
Total pot $0.12 | Rake $0 
Seat 1: zdaz1 (button) folded before Flop (didn't bet)
Seat 2: Dmigri (small blind) folded before Flop
Seat 3: AbraRoy (big blind) folded before Flop
Seat 4: HubertusB collected ($0.12)
Seat 5: VarAnaDim folded before Flop (didn't bet)
Seat 6: cjames14 folded before Flop (didn't bet)



PokerStars Zoom Hand #186523230069:  Hold'em No Limit ($0.02/$0.05) - 2018/05/17 19:28:26 CCT [2018/05/17 7:28:26 ET]
Table 'Donati' 6-max Seat #1 is the button
Seat 1: Restorm1 ($5.57 in chips) 
Seat 2: HubertusB ($2.48 in chips) 
Seat 3: jacks550 ($7.86 in chips) 
Seat 4: marah77 ($5.70 in chips) 
Seat 5: bbaty123 ($5 in chips) 
Seat 6: sepik200 ($4.45 in chips) 
HubertusB: posts small blind $0.02
jacks550: posts big blind $0.05
*** HOLE CARDS ***
Dealt to HubertusB [Jd Qh]
marah77: folds 
bbaty123: folds 
sepik200: raises $0.05 to $0.10
Restorm1: calls $0.10
HubertusB: calls $0.08
jacks550: folds 
*** FLOP *** [5d 7d 9h]
HubertusB: checks 
sepik200: bets $0.05
Restorm1: raises $0.23 to $0.28
HubertusB: folds 
sepik200: folds 
Uncalled bet ($0.23) returned to Restorm1
Restorm1 collected $0.43 from pot
Restorm1: doesn't show hand 
*** SUMMARY ***
Total pot $0.45 | Rake $0.02 
Board [5d 7d 9h]
Seat 1: Restorm1 (button) collected ($0.43)
Seat 2: HubertusB (small blind) folded on the Flop
Seat 3: jacks550 (big blind) folded before Flop
Seat 4: marah77 folded before Flop (didn't bet)
Seat 5: bbaty123 folded before Flop (didn't bet)
Seat 6: sepik200 folded on the Flop



PokerStars Zoom Hand #186523245563:  Hold'em No Limit ($0.02/$0.05) - 2018/05/17 19:29:07 CCT [2018/05/17 7:29:07 ET]
Table 'Donati' 6-max Seat #1 is the button
Seat 1: Siorassc ($5.05 in chips) 
Seat 2: GRizlik14 ($5 in chips) 
Seat 3: 0GL0 ($5.19 in chips) 
Seat 4: Cooper Huang ($5 in chips) 
Seat 5: Mutnii14 ($3.32 in chips) 
Seat 6: HubertusB ($2.38 in chips) 
GRizlik14: posts small blind $0.02
0GL0: posts big blind $0.05
*** HOLE CARDS ***
Dealt to HubertusB [Jc Jd]
Cooper Huang: folds 
Mutnii14: raises $0.10 to $0.15
HubertusB: raises $0.30 to $0.45
Siorassc: folds 
GRizlik14: folds 
0GL0: folds 
Mutnii14: raises $2.87 to $3.32 and is all-in
HubertusB: calls $1.93 and is all-in
Uncalled bet ($0.94) returned to Mutnii14
*** FLOP *** [Ts 4d 8c]
*** TURN *** [Ts 4d 8c] [3h]
*** RIVER *** [Ts 4d 8c 3h] [As]
*** SHOW DOWN ***
Mutnii14: shows [Ac Kh] (a pair of Aces)
HubertusB: shows [Jc Jd] (a pair of Jacks)
Mutnii14 collected $4.63 from pot
*** SUMMARY ***
Total pot $4.83 | Rake $0.20 
Board [Ts 4d 8c 3h As]
Seat 1: Siorassc (button) folded before Flop (didn't bet)
Seat 2: GRizlik14 (small blind) folded before Flop
Seat 3: 0GL0 (big blind) folded before Flop
Seat 4: Cooper Huang folded before Flop (didn't bet)
Seat 5: Mutnii14 showed [Ac Kh] and won ($4.63) with a pair of Aces
Seat 6: HubertusB showed [Jc Jd] and lost with a pair of Jacks



PokerStars Zoom Hand #186523258575:  Hold'em No Limit ($0.02/$0.05) - 2018/05/17 19:29:42 CCT [2018/05/17 7:29:42 ET]
Table 'Donati' 6-max Seat #1 is the button
Seat 1: tty1214 ($5.46 in chips) 
Seat 2: sashok16bim ($4.88 in chips) 
Seat 3: HubertusB ($5 in chips) 
Seat 4: Archangel226 ($5.67 in chips) 
Seat 5: Break0123 ($5 in chips) 
Seat 6: 4:20 dm ($5.94 in chips) 
sashok16bim: posts small blind $0.02
HubertusB: posts big blind $0.05
*** HOLE CARDS ***
Dealt to HubertusB [3d 5s]
Archangel226: raises $0.10 to $0.15
Break0123: folds 
4:20 dm: calls $0.15
tty1214: folds 
sashok16bim: folds 
HubertusB: folds 
*** FLOP *** [8c Ks 4s]
Archangel226: bets $0.15
4:20 dm: folds 
Uncalled bet ($0.15) returned to Archangel226
Archangel226 collected $0.35 from pot
Archangel226: doesn't show hand 
*** SUMMARY ***
Total pot $0.37 | Rake $0.02 
Board [8c Ks 4s]
Seat 1: tty1214 (button) folded before Flop (didn't bet)
Seat 2: sashok16bim (small blind) folded before Flop
Seat 3: HubertusB (big blind) folded before Flop
Seat 4: Archangel226 collected ($0.35)
Seat 5: Break0123 folded before Flop (didn't bet)
Seat 6: 4:20 dm folded on the Flop



PokerStars Zoom Hand #186523279134:  Hold'em No Limit ($0.02/$0.05) - 2018/05/17 19:30:37 CCT [2018/05/17 7:30:37 ET]
Table 'Donati' 6-max Seat #1 is the button
Seat 1: pawel87652 ($10.04 in chips) 
Seat 2: Restorm1 ($6.23 in chips) 
Seat 3: vova270793 ($5.08 in chips) 
Seat 4: Antant AA ($2.33 in chips) 
Seat 5: HubertusB ($4.70 in chips) 
Seat 6: JaguarBLR ($5 in chips) 
Restorm1: posts small blind $0.02
vova270793: posts big blind $0.05
*** HOLE CARDS ***
Dealt to HubertusB [Kh 3s]
Antant AA: folds 
HubertusB: folds 
JaguarBLR: folds 
pawel87652: raises $0.10 to $0.15
Restorm1: raises $0.35 to $0.50
vova270793: folds 
pawel87652: folds 
Uncalled bet ($0.35) returned to Restorm1
Restorm1 collected $0.35 from pot
Restorm1: doesn't show hand 
*** SUMMARY ***
Total pot $0.35 | Rake $0 
Seat 1: pawel87652 (button) folded before Flop
Seat 2: Restorm1 (small blind) collected ($0.35)
Seat 3: vova270793 (big blind) folded before Flop
Seat 4: Antant AA folded before Flop (didn't bet)
Seat 5: HubertusB folded before Flop (didn't bet)
Seat 6: JaguarBLR folded before Flop (didn't bet)



PokerStars Zoom Hand #186523261147:  Hold'em No Limit ($0.02/$0.05) - 2018/05/17 19:29:49 CCT [2018/05/17 7:29:49 ET]
Table 'Donati' 6-max Seat #1 is the button
Seat 1: HubertusB ($4.95 in chips) 
Seat 2: 1Sania1 ($18.07 in chips) 
Seat 3: vagnerl0ve ($28.44 in chips) 
Seat 4: edger4013 ($7.20 in chips) 
Seat 5: FelixZyl ($7.06 in chips) 
Seat 6: aleksx673 ($4.45 in chips) 
1Sania1: posts small blind $0.02
vagnerl0ve: posts big blind $0.05
*** HOLE CARDS ***
Dealt to HubertusB [Qd Td]
edger4013: folds 
FelixZyl: folds 
aleksx673: calls $0.05
HubertusB: raises $0.15 to $0.20
1Sania1: calls $0.18
vagnerl0ve: folds 
aleksx673: calls $0.15
*** FLOP *** [7h 9c 6s]
1Sania1: checks 
aleksx673: bets $0.05
HubertusB: calls $0.05
1Sania1: raises $0.35 to $0.40
aleksx673: calls $0.35
HubertusB: folds 
*** TURN *** [7h 9c 6s] [9s]
1Sania1: bets $0.73
aleksx673: calls $0.73
*** RIVER *** [7h 9c 6s 9s] [7c]
1Sania1: checks 
aleksx673: bets $2.05
1Sania1: calls $2.05
*** SHOW DOWN ***
aleksx673: shows [5s Ts] (two pair, Nines and Sevens)
1Sania1: shows [6c 6d] (a full house, Sixes full of Nines)
1Sania1 collected $6.77 from pot
*** SUMMARY ***
Total pot $7.06 | Rake $0.29 
Board [7h 9c 6s 9s 7c]
Seat 1: HubertusB (button) folded on the Flop
Seat 2: 1Sania1 (small blind) showed [6c 6d] and won ($6.77) with a full house, Sixes full of Nines
Seat 3: vagnerl0ve (big blind) folded before Flop
Seat 4: edger4013 folded before Flop (didn't bet)
Seat 5: FelixZyl folded before Flop (didn't bet)
Seat 6: aleksx673 showed [5s Ts] and lost with two pair, Nines and Sevens



PokerStars Zoom Hand #186523287318:  Hold'em No Limit ($0.02/$0.05) - 2018/05/17 19:30:59 CCT [2018/05/17 7:30:59 ET]
Table 'Donati' 6-max Seat #1 is the button
Seat 1: arturs1996 ($4.21 in chips) 
Seat 2: edger4013 ($5 in chips) 
Seat 3: Siorassc ($7.33 in chips) 
Seat 4: HubertusB ($4.68 in chips) 
Seat 5: serge87100 ($5.06 in chips) 
Seat 6: Dushaman ($6.96 in chips) 
edger4013: posts small blind $0.02
Siorassc: posts big blind $0.05
*** HOLE CARDS ***
Dealt to HubertusB [4c 2h]
HubertusB: folds 
serge87100: folds 
Dushaman: folds 
arturs1996: folds 
edger4013: folds 
Uncalled bet ($0.03) returned to Siorassc
Siorassc collected $0.04 from pot
Siorassc: doesn't show hand 
*** SUMMARY ***
Total pot $0.04 | Rake $0 
Seat 1: arturs1996 (button) folded before Flop (didn't bet)
Seat 2: edger4013 (small blind) folded before Flop
Seat 3: Siorassc (big blind) collected ($0.04)
Seat 4: HubertusB folded before Flop (didn't bet)
Seat 5: serge87100 folded before Flop (didn't bet)
Seat 6: Dushaman folded before Flop (didn't bet)



PokerStars Zoom Hand #186523280992:  Hold'em No Limit ($0.02/$0.05) - 2018/05/17 19:30:42 CCT [2018/05/17 7:30:42 ET]
Table 'Donati' 6-max Seat #1 is the button
Seat 1: NoApolog1es ($8.31 in chips) 
Seat 2: HubertusB ($4.70 in chips) 
Seat 3: victor250178 ($5.35 in chips) 
Seat 4: AbraRoy ($5.25 in chips) 
Seat 5: JoK1910 ($4.85 in chips) 
Seat 6: SHMAG3L ($5 in chips) 
HubertusB: posts small blind $0.02
victor250178: posts big blind $0.05
*** HOLE CARDS ***
Dealt to HubertusB [7s Jc]
AbraRoy: folds 
JoK1910: folds 
SHMAG3L: folds 
NoApolog1es: raises $0.07 to $0.12
HubertusB: folds 
victor250178: calls $0.07
*** FLOP *** [8d Kd 4s]
victor250178: checks 
NoApolog1es: checks 
*** TURN *** [8d Kd 4s] [5h]
victor250178: checks 
NoApolog1es: bets $0.15
victor250178: folds 
Uncalled bet ($0.15) returned to NoApolog1es
NoApolog1es collected $0.25 from pot
NoApolog1es: doesn't show hand 
*** SUMMARY ***
Total pot $0.26 | Rake $0.01 
Board [8d Kd 4s 5h]
Seat 1: NoApolog1es (button) collected ($0.25)
Seat 2: HubertusB (small blind) folded before Flop
Seat 3: victor250178 (big blind) folded on the Turn
Seat 4: AbraRoy folded before Flop (didn't bet)
Seat 5: JoK1910 folded before Flop (didn't bet)
Seat 6: SHMAG3L folded before Flop (didn't bet)



PokerStars Zoom Hand #186523291817:  Hold'em No Limit ($0.02/$0.05) - 2018/05/17 19:31:11 CCT [2018/05/17 7:31:11 ET]
Table 'Donati' 6-max Seat #1 is the button
Seat 1: Go0bus ($5.37 in chips) 
Seat 2: GrmASG ($5.02 in chips) 
Seat 3: Quorthon_Zei ($5.40 in chips) 
Seat 4: HubertusB ($4.63 in chips) 
Seat 5: Archangel226 ($5.80 in chips) 
Seat 6: MoreRakePls1 ($5 in chips) 
GrmASG: posts small blind $0.02
Quorthon_Zei: posts big blind $0.05
*** HOLE CARDS ***
Dealt to HubertusB [4c Kc]
HubertusB: folds 
Archangel226: folds 
MoreRakePls1: folds 
Go0bus: folds 
GrmASG: folds 
Uncalled bet ($0.03) returned to Quorthon_Zei
Quorthon_Zei collected $0.04 from pot
Quorthon_Zei: doesn't show hand 
*** SUMMARY ***
Total pot $0.04 | Rake $0 
Seat 1: Go0bus (button) folded before Flop (didn't bet)
Seat 2: GrmASG (small blind) folded before Flop
Seat 3: Quorthon_Zei (big blind) collected ($0.04)
Seat 4: HubertusB folded before Flop (didn't bet)
Seat 5: Archangel226 folded before Flop (didn't bet)
Seat 6: MoreRakePls1 folded before Flop (didn't bet)



PokerStars Zoom Hand #186523284668:  Hold'em No Limit ($0.02/$0.05) - 2018/05/17 19:30:52 CCT [2018/05/17 7:30:52 ET]
Table 'Donati' 6-max Seat #1 is the button
Seat 1: Restorm1 ($6.43 in chips) 
Seat 2: Break0123 ($7.01 in chips) 
Seat 3: drk55 ($5.47 in chips) 
Seat 4: GRizlik14 ($7.06 in chips) 
Seat 5: HubertusB ($4.68 in chips) 
Seat 6: justina1990 ($5.31 in chips) 
Break0123: posts small blind $0.02
drk55: posts big blind $0.05
*** HOLE CARDS ***
Dealt to HubertusB [Kh 4s]
GRizlik14: raises $0.09 to $0.14
HubertusB: folds 
justina1990: folds 
Restorm1: calls $0.14
Break0123: folds 
drk55: folds 
*** FLOP *** [Qd 8s 8c]
GRizlik14: checks 
Restorm1: bets $0.11
GRizlik14: calls $0.11
*** TURN *** [Qd 8s 8c] [Td]
GRizlik14: checks 
Restorm1: checks 
*** RIVER *** [Qd 8s 8c Td] [5s]
GRizlik14: checks 
Restorm1: checks 
*** SHOW DOWN ***
GRizlik14: shows [Jh Js] (two pair, Jacks and Eights)
Restorm1: mucks hand 
GRizlik14 collected $0.55 from pot
*** SUMMARY ***
Total pot $0.57 | Rake $0.02 
Board [Qd 8s 8c Td 5s]
Seat 1: Restorm1 (button) mucked [6h 6d]
Seat 2: Break0123 (small blind) folded before Flop
Seat 3: drk55 (big blind) folded before Flop
Seat 4: GRizlik14 showed [Jh Js] and won ($0.55) with two pair, Jacks and Eights
Seat 5: HubertusB folded before Flop (didn't bet)
Seat 6: justina1990 folded before Flop (didn't bet)



PokerStars Zoom Hand #186523294400:  Hold'em No Limit ($0.02/$0.05) - 2018/05/17 19:31:18 CCT [2018/05/17 7:31:18 ET]
Table 'Donati' 6-max Seat #1 is the button
Seat 1: HubertusB ($4.63 in chips) 
Seat 2: L.Lucete ($6.89 in chips) 
Seat 3: TehPokeHerer ($10.49 in chips) 
Seat 4: Ashlynn POV ($2.50 in chips) 
Seat 5: Vaidaz ($5 in chips) 
Seat 6: budztpt ($19.45 in chips) 
L.Lucete: posts small blind $0.02
TehPokeHerer: posts big blind $0.05
*** HOLE CARDS ***
Dealt to HubertusB [5h As]
Ashlynn POV: folds 
Vaidaz: folds 
budztpt: raises $0.05 to $0.10
HubertusB: raises $0.20 to $0.30
L.Lucete: folds 
TehPokeHerer: folds 
budztpt: calls $0.20
*** FLOP *** [9s 8d 3c]
budztpt: bets $0.25
HubertusB: folds 
Uncalled bet ($0.25) returned to budztpt
budztpt collected $0.64 from pot
budztpt: doesn't show hand 
*** SUMMARY ***
Total pot $0.67 | Rake $0.03 
Board [9s 8d 3c]
Seat 1: HubertusB (button) folded on the Flop
Seat 2: L.Lucete (small blind) folded before Flop
Seat 3: TehPokeHerer (big blind) folded before Flop
Seat 4: Ashlynn POV folded before Flop (didn't bet)
Seat 5: Vaidaz folded before Flop (didn't bet)
Seat 6: budztpt collected ($0.64)



PokerStars Zoom Hand #186523289563:  Hold'em No Limit ($0.02/$0.05) - 2018/05/17 19:31:05 CCT [2018/05/17 7:31:05 ET]
Table 'Donati' 6-max Seat #1 is the button
Seat 1: rebasekene ($12.93 in chips) 
Seat 2: TehPokeHerer ($10.51 in chips) 
Seat 3: HubertusB ($4.68 in chips) 
Seat 4: PiNe4ppLe ($10.90 in chips) 
Seat 5: Siorassc ($11.08 in chips) 
Seat 6: JaguarBLR ($5 in chips) 
TehPokeHerer: posts small blind $0.02
HubertusB: posts big blind $0.05
*** HOLE CARDS ***
Dealt to HubertusB [9s 7s]
PiNe4ppLe: raises $0.10 to $0.15
Siorassc: folds 
JaguarBLR: folds 
rebasekene: calls $0.15
TehPokeHerer: folds 
HubertusB: folds 
*** FLOP *** [8c 4c 6s]
PiNe4ppLe: checks 
rebasekene: checks 
*** TURN *** [8c 4c 6s] [Ac]
PiNe4ppLe: bets $0.18
rebasekene: calls $0.18
*** RIVER *** [8c 4c 6s Ac] [Jh]
PiNe4ppLe: bets $0.22
rebasekene: raises $0.80 to $1.02
PiNe4ppLe: folds 
Uncalled bet ($0.80) returned to rebasekene
rebasekene collected $1.12 from pot
rebasekene: doesn't show hand 
*** SUMMARY ***
Total pot $1.17 | Rake $0.05 
Board [8c 4c 6s Ac Jh]
Seat 1: rebasekene (button) collected ($1.12)
Seat 2: TehPokeHerer (small blind) folded before Flop
Seat 3: HubertusB (big blind) folded before Flop
Seat 4: PiNe4ppLe folded on the River
Seat 5: Siorassc folded before Flop (didn't bet)
Seat 6: JaguarBLR folded before Flop (didn't bet)



PokerStars Zoom Hand #186523303325:  Hold'em No Limit ($0.02/$0.05) - 2018/05/17 19:31:42 CCT [2018/05/17 7:31:42 ET]
Table 'Donati' 6-max Seat #1 is the button
Seat 1: WaterStriker ($5.81 in chips) 
Seat 2: justina1990 ($10.19 in chips) 
Seat 3: rebasekene ($5.29 in chips) 
Seat 4: Truth711 ($11.65 in chips) 
Seat 5: HubertusB ($4.33 in chips) 
Seat 6: andriasssse ($15.14 in chips) 
justina1990: posts small blind $0.02
rebasekene: posts big blind $0.05
*** HOLE CARDS ***
Dealt to HubertusB [8h 6h]
Truth711: folds 
HubertusB: raises $0.10 to $0.15
andriasssse: folds 
WaterStriker: folds 
justina1990: folds 
rebasekene: folds 
Uncalled bet ($0.10) returned to HubertusB
HubertusB collected $0.12 from pot
HubertusB: doesn't show hand 
*** SUMMARY ***
Total pot $0.12 | Rake $0 
Seat 1: WaterStriker (button) folded before Flop (didn't bet)
Seat 2: justina1990 (small blind) folded before Flop
Seat 3: rebasekene (big blind) folded before Flop
Seat 4: Truth711 folded before Flop (didn't bet)
Seat 5: HubertusB collected ($0.12)
Seat 6: andriasssse folded before Flop (didn't bet)



PokerStars Zoom Hand #186523309831:  Hold'em No Limit ($0.02/$0.05) - 2018/05/17 19:31:59 CCT [2018/05/17 7:31:59 ET]
Table 'Donati' 6-max Seat #1 is the button
Seat 1: GRizlik14 ($7.47 in chips) 
Seat 2: Faied123 ($5.11 in chips) 
Seat 3: Shamaxxx ($16.48 in chips) 
Seat 4: Kruzer20 ($6.46 in chips) 
Seat 5: RobertMoog ($5.40 in chips) 
Seat 6: HubertusB ($4.40 in chips) 
Faied123: posts small blind $0.02
Shamaxxx: posts big blind $0.05
*** HOLE CARDS ***
Dealt to HubertusB [Jh 3c]
Kruzer20: folds 
RobertMoog: raises $0.10 to $0.15
HubertusB: folds 
GRizlik14: folds 
Faied123: raises $0.35 to $0.50
Shamaxxx: folds 
RobertMoog: folds 
Uncalled bet ($0.35) returned to Faied123
Faied123 collected $0.35 from pot
Faied123: doesn't show hand 
*** SUMMARY ***
Total pot $0.35 | Rake $0 
Seat 1: GRizlik14 (button) folded before Flop (didn't bet)
Seat 2: Faied123 (small blind) collected ($0.35)
Seat 3: Shamaxxx (big blind) folded before Flop
Seat 4: Kruzer20 folded before Flop (didn't bet)
Seat 5: RobertMoog folded before Flop
Seat 6: HubertusB folded before Flop (didn't bet)



PokerStars Zoom Hand #186523312520:  Hold'em No Limit ($0.02/$0.05) - 2018/05/17 19:32:06 CCT [2018/05/17 7:32:06 ET]
Table 'Donati' 6-max Seat #1 is the button
Seat 1: offuca ($17.38 in chips) 
Seat 2: 0GL0 ($5 in chips) 
Seat 3: Fighter485 ($6.13 in chips) 
Seat 4: HubertusB ($4.40 in chips) 
Seat 5: zdaz1 ($5.12 in chips) 
Seat 6: aleksx673 ($0.99 in chips) 
0GL0: posts small blind $0.02
Fighter485: posts big blind $0.05
*** HOLE CARDS ***
Dealt to HubertusB [9c 8s]
HubertusB: folds 
zdaz1: raises $0.07 to $0.12
aleksx673: folds 
offuca: folds 
0GL0: folds 
Fighter485: folds 
Uncalled bet ($0.07) returned to zdaz1
zdaz1 collected $0.12 from pot
zdaz1: doesn't show hand 
*** SUMMARY ***
Total pot $0.12 | Rake $0 
Seat 1: offuca (button) folded before Flop (didn't bet)
Seat 2: 0GL0 (small blind) folded before Flop
Seat 3: Fighter485 (big blind) folded before Flop
Seat 4: HubertusB folded before Flop (didn't bet)
Seat 5: zdaz1 collected ($0.12)
Seat 6: aleksx673 folded before Flop (didn't bet)



PokerStars Zoom Hand #186523314381:  Hold'em No Limit ($0.02/$0.05) - 2018/05/17 19:32:11 CCT [2018/05/17 7:32:11 ET]
Table 'Donati' 6-max Seat #1 is the button
Seat 1: AASiz ($5.02 in chips) 
Seat 2: IGOR14RUS ($5.37 in chips) 
Seat 3: HubertusB ($4.40 in chips) 
Seat 4: TehPokeHerer ($10.40 in chips) 
Seat 5: justasheep20 ($26.15 in chips) 
Seat 6: epyj1231 ($7.27 in chips) 
IGOR14RUS: posts small blind $0.02
HubertusB: posts big blind $0.05
*** HOLE CARDS ***
Dealt to HubertusB [4s 7h]
TehPokeHerer: folds 
justasheep20: folds 
epyj1231: folds 
AASiz: folds 
IGOR14RUS: raises $0.07 to $0.12
HubertusB: folds 
Uncalled bet ($0.07) returned to IGOR14RUS
IGOR14RUS collected $0.10 from pot
IGOR14RUS: doesn't show hand 
*** SUMMARY ***
Total pot $0.10 | Rake $0 
Seat 1: AASiz (button) folded before Flop (didn't bet)
Seat 2: IGOR14RUS (small blind) collected ($0.10)
Seat 3: HubertusB (big blind) folded before Flop
Seat 4: TehPokeHerer folded before Flop (didn't bet)
Seat 5: justasheep20 folded before Flop (didn't bet)
Seat 6: epyj1231 folded before Flop (didn't bet)



PokerStars Zoom Hand #186523318196:  Hold'em No Limit ($0.02/$0.05) - 2018/05/17 19:32:21 CCT [2018/05/17 7:32:21 ET]
Table 'Donati' 6-max Seat #1 is the button
Seat 1: roadto2kmmr ($19.52 in chips) 
Seat 2: HubertusB ($4.35 in chips) 
Seat 3: Cardenas87 ($5 in chips) 
Seat 4: allomister ($2.08 in chips) 
Seat 5: sashok16bim ($2.75 in chips) 
Seat 6: Igoreshqaa ($2.93 in chips) 
HubertusB: posts small blind $0.02
Cardenas87: posts big blind $0.05
*** HOLE CARDS ***
Dealt to HubertusB [9d 7d]
allomister: folds 
sashok16bim: folds 
Igoreshqaa: folds 
roadto2kmmr: folds 
HubertusB: raises $0.05 to $0.10
Cardenas87: folds 
Uncalled bet ($0.05) returned to HubertusB
HubertusB collected $0.10 from pot
HubertusB: doesn't show hand 
*** SUMMARY ***
Total pot $0.10 | Rake $0 
Seat 1: roadto2kmmr (button) folded before Flop (didn't bet)
Seat 2: HubertusB (small blind) collected ($0.10)
Seat 3: Cardenas87 (big blind) folded before Flop
Seat 4: allomister folded before Flop (didn't bet)
Seat 5: sashok16bim folded before Flop (didn't bet)
Seat 6: Igoreshqaa folded before Flop (didn't bet)



PokerStars Zoom Hand #186523326397:  Hold'em No Limit ($0.02/$0.05) - 2018/05/17 19:32:43 CCT [2018/05/17 7:32:43 ET]
Table 'Donati' 6-max Seat #1 is the button
Seat 1: HubertusB ($4.40 in chips) 
Seat 2: PugoGrasse ($5.74 in chips) 
Seat 3: FelixZyl ($7.99 in chips) 
Seat 4: opopo0009 ($5 in chips) 
Seat 5: BeatLimits ($5.07 in chips) 
Seat 6: edger4013 ($7.01 in chips) 
PugoGrasse: posts small blind $0.02
FelixZyl: posts big blind $0.05
*** HOLE CARDS ***
Dealt to HubertusB [Kd 5d]
opopo0009: folds 
BeatLimits: folds 
edger4013: folds 
HubertusB: raises $0.05 to $0.10
PugoGrasse: raises $0.32 to $0.42
FelixZyl: calls $0.37
HubertusB: raises $0.68 to $1.10
PugoGrasse: folds 
FelixZyl: folds 
Uncalled bet ($0.68) returned to HubertusB
HubertusB collected $1.26 from pot
HubertusB: doesn't show hand 
*** SUMMARY ***
Total pot $1.26 | Rake $0 
Seat 1: HubertusB (button) collected ($1.26)
Seat 2: PugoGrasse (small blind) folded before Flop
Seat 3: FelixZyl (big blind) folded before Flop
Seat 4: opopo0009 folded before Flop (didn't bet)
Seat 5: BeatLimits folded before Flop (didn't bet)
Seat 6: edger4013 folded before Flop (didn't bet)



PokerStars Zoom Hand #186523346433:  Hold'em No Limit ($0.02/$0.05) - 2018/05/17 19:33:36 CCT [2018/05/17 7:33:36 ET]
Table 'Donati' 6-max Seat #1 is the button
Seat 1: NoApolog1es ($9.55 in chips) 
Seat 2: HubertusB ($5.24 in chips) 
Seat 3: Kruzer20 ($15.25 in chips) 
Seat 4: Break0123 ($5.37 in chips) 
Seat 5: KAMSHULER ($5.14 in chips) 
Seat 6: AbraRoy ($6.85 in chips) 
HubertusB: posts small blind $0.02
Kruzer20: posts big blind $0.05
*** HOLE CARDS ***
Dealt to HubertusB [8c 7c]
Break0123: folds 
KAMSHULER: folds 
AbraRoy: folds 
NoApolog1es: folds 
HubertusB: raises $0.05 to $0.10
Kruzer20: calls $0.05
*** FLOP *** [3h 9s Jd]
HubertusB: bets $0.15
Kruzer20: calls $0.15
*** TURN *** [3h 9s Jd] [4c]
HubertusB: bets $0.35
Kruzer20: raises $0.78 to $1.13
HubertusB: folds 
Uncalled bet ($0.78) returned to Kruzer20
Kruzer20 collected $1.15 from pot
Kruzer20: doesn't show hand 
*** SUMMARY ***
Total pot $1.20 | Rake $0.05 
Board [3h 9s Jd 4c]
Seat 1: NoApolog1es (button) folded before Flop (didn't bet)
Seat 2: HubertusB (small blind) folded on the Turn
Seat 3: Kruzer20 (big blind) collected ($1.15)
Seat 4: Break0123 folded before Flop (didn't bet)
Seat 5: KAMSHULER folded before Flop (didn't bet)
Seat 6: AbraRoy folded before Flop (didn't bet)



PokerStars Zoom Hand #186523364962:  Hold'em No Limit ($0.02/$0.05) - 2018/05/17 19:34:25 CCT [2018/05/17 7:34:25 ET]
Table 'Donati' 6-max Seat #1 is the button
Seat 1: cjames14 ($7.27 in chips) 
Seat 2: MoreRakePls1 ($9.40 in chips) 
Seat 3: olleyzell ($4.02 in chips) 
Seat 4: Quorthon_Zei ($5 in chips) 
Seat 5: Punzzzer ($6.50 in chips) 
Seat 6: HubertusB ($4.64 in chips) 
MoreRakePls1: posts small blind $0.02
olleyzell: posts big blind $0.05
*** HOLE CARDS ***
Dealt to HubertusB [9s 9c]
Quorthon_Zei: folds 
Punzzzer: folds 
HubertusB: raises $0.05 to $0.10
cjames14: folds 
MoreRakePls1: folds 
olleyzell: folds 
Uncalled bet ($0.05) returned to HubertusB
HubertusB collected $0.12 from pot
HubertusB: doesn't show hand 
*** SUMMARY ***
Total pot $0.12 | Rake $0 
Seat 1: cjames14 (button) folded before Flop (didn't bet)
Seat 2: MoreRakePls1 (small blind) folded before Flop
Seat 3: olleyzell (big blind) folded before Flop
Seat 4: Quorthon_Zei folded before Flop (didn't bet)
Seat 5: Punzzzer folded before Flop (didn't bet)
Seat 6: HubertusB collected ($0.12)



PokerStars Zoom Hand #186523372107:  Hold'em No Limit ($0.02/$0.05) - 2018/05/17 19:34:44 CCT [2018/05/17 7:34:44 ET]
Table 'Donati' 6-max Seat #1 is the button
Seat 1: titop_Vector ($6.65 in chips) 
Seat 2: PugoGrasse ($6.50 in chips) 
Seat 3: class29 ($11.23 in chips) 
Seat 4: ThomaSs223 ($13.72 in chips) 
Seat 5: HubertusB ($4.71 in chips) 
Seat 6: Vaidaz ($6.20 in chips) 
PugoGrasse: posts small blind $0.02
class29: posts big blind $0.05
*** HOLE CARDS ***
Dealt to HubertusB [Tc 2s]
ThomaSs223: folds 
HubertusB: folds 
Vaidaz: folds 
titop_Vector: folds 
PugoGrasse: raises $0.10 to $0.15
class29: folds 
Uncalled bet ($0.10) returned to PugoGrasse
PugoGrasse collected $0.10 from pot
PugoGrasse: doesn't show hand 
*** SUMMARY ***
Total pot $0.10 | Rake $0 
Seat 1: titop_Vector (button) folded before Flop (didn't bet)
Seat 2: PugoGrasse (small blind) collected ($0.10)
Seat 3: class29 (big blind) folded before Flop
Seat 4: ThomaSs223 folded before Flop (didn't bet)
Seat 5: HubertusB folded before Flop (didn't bet)
Seat 6: Vaidaz folded before Flop (didn't bet)



PokerStars Zoom Hand #186523369881:  Hold'em No Limit ($0.02/$0.05) - 2018/05/17 19:34:38 CCT [2018/05/17 7:34:38 ET]
Table 'Donati' 6-max Seat #1 is the button
Seat 1: CieplaPucha ($4.71 in chips) 
Seat 2: vova270793 ($5 in chips) 
Seat 3: MoreRakePls1 ($9.38 in chips) 
Seat 4: HubertusB ($4.71 in chips) 
Seat 5: WimmerA97 ($6.44 in chips) 
Seat 6: mariusghet12 ($5.98 in chips) 
vova270793: posts small blind $0.02
MoreRakePls1: posts big blind $0.05
*** HOLE CARDS ***
Dealt to HubertusB [8h 3d]
HubertusB: folds 
WimmerA97: folds 
mariusghet12: folds 
CieplaPucha: raises $0.10 to $0.15
vova270793: raises $0.35 to $0.50
MoreRakePls1: folds 
CieplaPucha: folds 
Uncalled bet ($0.35) returned to vova270793
vova270793 collected $0.35 from pot
vova270793: doesn't show hand 
*** SUMMARY ***
Total pot $0.35 | Rake $0 
Seat 1: CieplaPucha (button) folded before Flop
Seat 2: vova270793 (small blind) collected ($0.35)
Seat 3: MoreRakePls1 (big blind) folded before Flop
Seat 4: HubertusB folded before Flop (didn't bet)
Seat 5: WimmerA97 folded before Flop (didn't bet)
Seat 6: mariusghet12 folded before Flop (didn't bet)



PokerStars Zoom Hand #186523374287:  Hold'em No Limit ($0.02/$0.05) - 2018/05/17 19:34:50 CCT [2018/05/17 7:34:50 ET]
Table 'Donati' 6-max Seat #1 is the button
Seat 1: MoreRakePls1 ($12.18 in chips) 
Seat 2: Gamer577 ($5.98 in chips) 
Seat 3: HubertusB ($4.71 in chips) 
Seat 4: ando272 ($5.27 in chips) 
Seat 5: BVB1909 ($5.07 in chips) 
Seat 6: serge87100 ($5.33 in chips) 
Gamer577: posts small blind $0.02
HubertusB: posts big blind $0.05
*** HOLE CARDS ***
Dealt to HubertusB [Qd 2d]
ando272: folds 
BVB1909: raises $0.12 to $0.17
serge87100: folds 
MoreRakePls1: folds 
Gamer577: folds 
HubertusB: folds 
Uncalled bet ($0.12) returned to BVB1909
BVB1909 collected $0.12 from pot
BVB1909: doesn't show hand 
*** SUMMARY ***
Total pot $0.12 | Rake $0 
Seat 1: MoreRakePls1 (button) folded before Flop (didn't bet)
Seat 2: Gamer577 (small blind) folded before Flop
Seat 3: HubertusB (big blind) folded before Flop
Seat 4: ando272 folded before Flop (didn't bet)
Seat 5: BVB1909 collected ($0.12)
Seat 6: serge87100 folded before Flop (didn't bet)



PokerStars Zoom Hand #186523377639:  Hold'em No Limit ($0.02/$0.05) - 2018/05/17 19:34:59 CCT [2018/05/17 7:34:59 ET]
Table 'Donati' 6-max Seat #1 is the button
Seat 1: Shamaxxx ($7.32 in chips) 
Seat 2: HubertusB ($4.66 in chips) 
Seat 3: variag2911 ($4.92 in chips) 
Seat 4: Dushaman ($7.14 in chips) 
Seat 5: quelopariooo ($4.33 in chips) 
Seat 6: takkun230 ($5.19 in chips) 
HubertusB: posts small blind $0.02
variag2911: posts big blind $0.05
*** HOLE CARDS ***
Dealt to HubertusB [2c 5s]
Dushaman: folds 
quelopariooo: folds 
takkun230: folds 
Shamaxxx: folds 
HubertusB: folds 
Uncalled bet ($0.03) returned to variag2911
variag2911 collected $0.04 from pot
variag2911: doesn't show hand 
*** SUMMARY ***
Total pot $0.04 | Rake $0 
Seat 1: Shamaxxx (button) folded before Flop (didn't bet)
Seat 2: HubertusB (small blind) folded before Flop
Seat 3: variag2911 (big blind) collected ($0.04)
Seat 4: Dushaman folded before Flop (didn't bet)
Seat 5: quelopariooo folded before Flop (didn't bet)
Seat 6: takkun230 folded before Flop (didn't bet)



PokerStars Zoom Hand #186523380279:  Hold'em No Limit ($0.02/$0.05) - 2018/05/17 19:35:06 CCT [2018/05/17 7:35:06 ET]
Table 'Donati' 6-max Seat #1 is the button
Seat 1: HubertusB ($4.64 in chips) 
Seat 2: livluvlif951 ($5.25 in chips) 
Seat 3: Restorm1 ($6.10 in chips) 
Seat 4: Kruzer20 ($16.93 in chips) 
Seat 5: zdaz1 ($26.14 in chips) 
Seat 6: rebasekene ($13.16 in chips) 
livluvlif951: posts small blind $0.02
Restorm1: posts big blind $0.05
*** HOLE CARDS ***
Dealt to HubertusB [Ks 8d]
Kruzer20: folds 
zdaz1: raises $0.15 to $0.20
rebasekene: folds 
HubertusB: folds 
livluvlif951: folds 
Restorm1: folds 
Uncalled bet ($0.15) returned to zdaz1
zdaz1 collected $0.12 from pot
zdaz1: doesn't show hand 
*** SUMMARY ***
Total pot $0.12 | Rake $0 
Seat 1: HubertusB (button) folded before Flop (didn't bet)
Seat 2: livluvlif951 (small blind) folded before Flop
Seat 3: Restorm1 (big blind) folded before Flop
Seat 4: Kruzer20 folded before Flop (didn't bet)
Seat 5: zdaz1 collected ($0.12)
Seat 6: rebasekene folded before Flop (didn't bet)



PokerStars Zoom Hand #186523382956:  Hold'em No Limit ($0.02/$0.05) - 2018/05/17 19:35:13 CCT [2018/05/17 7:35:13 ET]
Table 'Donati' 6-max Seat #1 is the button
Seat 1: mr.all in946 ($5.86 in chips) 
Seat 2: MAMOH77 ($9.50 in chips) 
Seat 3: Lydomanka ($5.26 in chips) 
Seat 4: POPOM_88 ($5 in chips) 
Seat 5: AASiz ($5.13 in chips) 
Seat 6: HubertusB ($4.64 in chips) 
MAMOH77: posts small blind $0.02
Lydomanka: posts big blind $0.05
*** HOLE CARDS ***
Dealt to HubertusB [9h Js]
POPOM_88: folds 
AASiz: folds 
HubertusB: raises $0.05 to $0.10
mr.all in946: folds 
MAMOH77: calls $0.08
Lydomanka: calls $0.05
*** FLOP *** [6h 8c Kc]
MAMOH77: checks 
Lydomanka: checks 
HubertusB: checks 
*** TURN *** [6h 8c Kc] [Jc]
MAMOH77: checks 
Lydomanka: checks 
HubertusB: checks 
*** RIVER *** [6h 8c Kc Jc] [9d]
MAMOH77: checks 
Lydomanka: checks 
HubertusB: bets $0.25
MAMOH77: folds 
Lydomanka: folds 
Uncalled bet ($0.25) returned to HubertusB
HubertusB collected $0.29 from pot
HubertusB: doesn't show hand 
*** SUMMARY ***
Total pot $0.30 | Rake $0.01 
Board [6h 8c Kc Jc 9d]
Seat 1: mr.all in946 (button) folded before Flop (didn't bet)
Seat 2: MAMOH77 (small blind) folded on the River
Seat 3: Lydomanka (big blind) folded on the River
Seat 4: POPOM_88 folded before Flop (didn't bet)
Seat 5: AASiz folded before Flop (didn't bet)
Seat 6: HubertusB collected ($0.29)



PokerStars Zoom Hand #186523400576:  Hold'em No Limit ($0.02/$0.05) - 2018/05/17 19:35:59 CCT [2018/05/17 7:35:59 ET]
Table 'Donati' 6-max Seat #1 is the button
Seat 1: Break0123 ($5 in chips) 
Seat 2: edger4013 ($5.77 in chips) 
Seat 3: georgetsn ($4.64 in chips) 
Seat 4: Sitela ($5 in chips) 
Seat 5: HubertusB ($4.83 in chips) 
Seat 6: JaguarBLR ($5 in chips) 
edger4013: posts small blind $0.02
georgetsn: posts big blind $0.05
*** HOLE CARDS ***
Dealt to HubertusB [3h 3c]
Sitela: folds 
HubertusB: raises $0.05 to $0.10
JaguarBLR: folds 
Break0123: folds 
edger4013: folds 
georgetsn: calls $0.05
*** FLOP *** [5c 9s Jh]
georgetsn: checks 
HubertusB: checks 
*** TURN *** [5c 9s Jh] [Tc]
georgetsn: checks 
HubertusB: checks 
*** RIVER *** [5c 9s Jh Tc] [8d]
georgetsn: checks 
HubertusB: checks 
*** SHOW DOWN ***
georgetsn: shows [4h Kh] (high card King)
HubertusB: shows [3h 3c] (a pair of Threes)
HubertusB collected $0.21 from pot
*** SUMMARY ***
Total pot $0.22 | Rake $0.01 
Board [5c 9s Jh Tc 8d]
Seat 1: Break0123 (button) folded before Flop (didn't bet)
Seat 2: edger4013 (small blind) folded before Flop
Seat 3: georgetsn (big blind) showed [4h Kh] and lost with high card King
Seat 4: Sitela folded before Flop (didn't bet)
Seat 5: HubertusB showed [3h 3c] and won ($0.21) with a pair of Threes
Seat 6: JaguarBLR folded before Flop (didn't bet)



PokerStars Zoom Hand #186523410749:  Hold'em No Limit ($0.02/$0.05) - 2018/05/17 19:36:26 CCT [2018/05/17 7:36:26 ET]
Table 'Donati' 6-max Seat #1 is the button
Seat 1: m4ri4kky ($7.19 in chips) 
Seat 2: PugoGrasse ($5.98 in chips) 
Seat 3: cjames14 ($2.33 in chips) 
Seat 4: HubertusB ($4.94 in chips) 
Seat 5: Faied123 ($8.77 in chips) 
Seat 6: WimmerA97 ($4.85 in chips) 
PugoGrasse: posts small blind $0.02
cjames14: posts big blind $0.05
*** HOLE CARDS ***
Dealt to HubertusB [5h 3h]
HubertusB: folds 
Faied123: folds 
WimmerA97: raises $0.10 to $0.15
m4ri4kky: folds 
PugoGrasse: folds 
cjames14: calls $0.10
*** FLOP *** [Tc 7d 5c]
cjames14: checks 
WimmerA97: checks 
*** TURN *** [Tc 7d 5c] [6h]
cjames14: bets $0.24
WimmerA97: folds 
Uncalled bet ($0.24) returned to cjames14
cjames14 collected $0.31 from pot
cjames14: doesn't show hand 
*** SUMMARY ***
Total pot $0.32 | Rake $0.01 
Board [Tc 7d 5c 6h]
Seat 1: m4ri4kky (button) folded before Flop (didn't bet)
Seat 2: PugoGrasse (small blind) folded before Flop
Seat 3: cjames14 (big blind) collected ($0.31)
Seat 4: HubertusB folded before Flop (didn't bet)
Seat 5: Faied123 folded before Flop (didn't bet)
Seat 6: WimmerA97 folded on the Turn



PokerStars Zoom Hand #186523413055:  Hold'em No Limit ($0.02/$0.05) - 2018/05/17 19:36:32 CCT [2018/05/17 7:36:32 ET]
Table 'Donati' 6-max Seat #1 is the button
Seat 1: opsalee ($6.24 in chips) 
Seat 2: justina1990 ($7.18 in chips) 
Seat 3: HubertusB ($4.94 in chips) 
Seat 4: serge87100 ($5.24 in chips) 
Seat 5: I_am_GOD_NaX ($10.81 in chips) 
Seat 6: titop_Vector ($5.16 in chips) 
justina1990: posts small blind $0.02
HubertusB: posts big blind $0.05
*** HOLE CARDS ***
Dealt to HubertusB [Jh Js]
serge87100: folds 
I_am_GOD_NaX: folds 
titop_Vector: folds 
opsalee: raises $0.05 to $0.10
justina1990: raises $0.20 to $0.30
HubertusB: raises $0.45 to $0.75
opsalee: folds 
justina1990: calls $0.45
*** FLOP *** [2h 6h Ad]
justina1990: checks 
HubertusB: checks 
*** TURN *** [2h 6h Ad] [Ks]
justina1990: checks 
HubertusB: checks 
*** RIVER *** [2h 6h Ad Ks] [As]
justina1990: checks 
HubertusB: bets $0.60
justina1990: calls $0.60
*** SHOW DOWN ***
HubertusB: shows [Jh Js] (two pair, Aces and Jacks)
justina1990: mucks hand 
HubertusB collected $2.68 from pot
*** SUMMARY ***
Total pot $2.80 | Rake $0.12 
Board [2h 6h Ad Ks As]
Seat 1: opsalee (button) folded before Flop
Seat 2: justina1990 (small blind) mucked [8d 8s]
Seat 3: HubertusB (big blind) showed [Jh Js] and won ($2.68) with two pair, Aces and Jacks
Seat 4: serge87100 folded before Flop (didn't bet)
Seat 5: I_am_GOD_NaX folded before Flop (didn't bet)
Seat 6: titop_Vector folded before Flop (didn't bet)



PokerStars Zoom Hand #186523433183:  Hold'em No Limit ($0.02/$0.05) - 2018/05/17 19:37:25 CCT [2018/05/17 7:37:25 ET]
Table 'Donati' 6-max Seat #1 is the button
Seat 1: Fighter485 ($5.52 in chips) 
Seat 2: HubertusB ($6.27 in chips) 
Seat 3: k1v0k ($5 in chips) 
Seat 4: ilynskiy ($5.81 in chips) 
Seat 5: justina1990 ($5.83 in chips) 
Seat 6: michaelodonovan ($5 in chips) 
HubertusB: posts small blind $0.02
k1v0k: posts big blind $0.05
*** HOLE CARDS ***
Dealt to HubertusB [9c 4d]
ilynskiy: folds 
justina1990: folds 
michaelodonovan: folds 
Fighter485: folds 
HubertusB: folds 
Uncalled bet ($0.03) returned to k1v0k
k1v0k collected $0.04 from pot
k1v0k: doesn't show hand 
*** SUMMARY ***
Total pot $0.04 | Rake $0 
Seat 1: Fighter485 (button) folded before Flop (didn't bet)
Seat 2: HubertusB (small blind) folded before Flop
Seat 3: k1v0k (big blind) collected ($0.04)
Seat 4: ilynskiy folded before Flop (didn't bet)
Seat 5: justina1990 folded before Flop (didn't bet)
Seat 6: michaelodonovan folded before Flop (didn't bet)



PokerStars Zoom Hand #186523436268:  Hold'em No Limit ($0.02/$0.05) - 2018/05/17 19:37:33 CCT [2018/05/17 7:37:33 ET]
Table 'Donati' 6-max Seat #1 is the button
Seat 1: HubertusB ($6.25 in chips) 
Seat 2: DollarPrync ($10.42 in chips) 
Seat 3: BeatLimits ($5 in chips) 
Seat 4: mishu415 ($5.18 in chips) 
Seat 5: roadto2kmmr ($23.29 in chips) 
Seat 6: kakeru ($5.53 in chips) 
DollarPrync: posts small blind $0.02
BeatLimits: posts big blind $0.05
*** HOLE CARDS ***
Dealt to HubertusB [8c 7h]
mishu415: folds 
roadto2kmmr: raises $0.10 to $0.15
kakeru: folds 
HubertusB: raises $0.30 to $0.45
DollarPrync: folds 
BeatLimits: folds 
roadto2kmmr: folds 
Uncalled bet ($0.30) returned to HubertusB
HubertusB collected $0.37 from pot
HubertusB: doesn't show hand 
*** SUMMARY ***
Total pot $0.37 | Rake $0 
Seat 1: HubertusB (button) collected ($0.37)
Seat 2: DollarPrync (small blind) folded before Flop
Seat 3: BeatLimits (big blind) folded before Flop
Seat 4: mishu415 folded before Flop (didn't bet)
Seat 5: roadto2kmmr folded before Flop
Seat 6: kakeru folded before Flop (didn't bet)



PokerStars Zoom Hand #186523443551:  Hold'em No Limit ($0.02/$0.05) - 2018/05/17 19:37:52 CCT [2018/05/17 7:37:52 ET]
Table 'Donati' 6-max Seat #1 is the button
Seat 1: HubertusB ($6.47 in chips) 
Seat 2: Punzzzer ($5 in chips) 
Seat 3: Deox666 ($5 in chips) 
Seat 4: Hisa38 ($8.12 in chips) 
Seat 5: ANNEGEPUNKT ($4.02 in chips) 
Seat 6: Gevron ($8.29 in chips) 
Punzzzer: posts small blind $0.02
Deox666: posts big blind $0.05
*** HOLE CARDS ***
Dealt to HubertusB [6h 7h]
Hisa38: folds 
ANNEGEPUNKT: raises $0.10 to $0.15
Gevron: folds 
HubertusB: calls $0.15
Punzzzer: folds 
Deox666: folds 
*** FLOP *** [Jd 3c Qs]
ANNEGEPUNKT: bets $0.35
HubertusB: folds 
Uncalled bet ($0.35) returned to ANNEGEPUNKT
ANNEGEPUNKT collected $0.35 from pot
ANNEGEPUNKT: doesn't show hand 
*** SUMMARY ***
Total pot $0.37 | Rake $0.02 
Board [Jd 3c Qs]
Seat 1: HubertusB (button) folded on the Flop
Seat 2: Punzzzer (small blind) folded before Flop
Seat 3: Deox666 (big blind) folded before Flop
Seat 4: Hisa38 folded before Flop (didn't bet)
Seat 5: ANNEGEPUNKT collected ($0.35)
Seat 6: Gevron folded before Flop (didn't bet)



PokerStars Zoom Hand #186523457665:  Hold'em No Limit ($0.02/$0.05) - 2018/05/17 19:38:29 CCT [2018/05/17 7:38:29 ET]
Table 'Donati' 6-max Seat #1 is the button
Seat 1: livluvlif951 ($5 in chips) 
Seat 2: severeny ($2.95 in chips) 
Seat 3: AASiz ($5.39 in chips) 
Seat 4: masakimilk ($5 in chips) 
Seat 5: NoApolog1es ($7.67 in chips) 
Seat 6: HubertusB ($6.32 in chips) 
severeny: posts small blind $0.02
AASiz: posts big blind $0.05
*** HOLE CARDS ***
Dealt to HubertusB [3s Qs]
masakimilk: folds 
NoApolog1es: folds 
HubertusB: raises $0.05 to $0.10
livluvlif951: calls $0.10
severeny: folds 
AASiz: folds 
*** FLOP *** [Ts 8s 5s]
HubertusB: bets $0.15
livluvlif951: calls $0.15
*** TURN *** [Ts 8s 5s] [7c]
HubertusB: checks 
livluvlif951: checks 
*** RIVER *** [Ts 8s 5s 7c] [Tc]
HubertusB: checks 
livluvlif951: bets $0.30
HubertusB: raises $0.80 to $1.10
livluvlif951: folds 
Uncalled bet ($0.80) returned to HubertusB
HubertusB collected $1.12 from pot
HubertusB: doesn't show hand 
*** SUMMARY ***
Total pot $1.17 | Rake $0.05 
Board [Ts 8s 5s 7c Tc]
Seat 1: livluvlif951 (button) folded on the River
Seat 2: severeny (small blind) folded before Flop
Seat 3: AASiz (big blind) folded before Flop
Seat 4: masakimilk folded before Flop (didn't bet)
Seat 5: NoApolog1es folded before Flop (didn't bet)
Seat 6: HubertusB collected ($1.12)



PokerStars Zoom Hand #186523484220:  Hold'em No Limit ($0.02/$0.05) - 2018/05/17 19:39:38 CCT [2018/05/17 7:39:38 ET]
Table 'Donati' 6-max Seat #1 is the button
Seat 1: Schwaetzer84 ($5.05 in chips) 
Seat 2: Tom_Jerry373 ($2.20 in chips) 
Seat 3: Siorassc ($8.48 in chips) 
Seat 4: DIMAvBOSS ($6.37 in chips) 
Seat 5: HubertusB ($6.89 in chips) 
Seat 6: Hisa38 ($9.76 in chips) 
Tom_Jerry373: posts small blind $0.02
Siorassc: posts big blind $0.05
*** HOLE CARDS ***
Dealt to HubertusB [4c 8s]
DIMAvBOSS: raises $0.15 to $0.20
HubertusB: folds 
Hisa38: folds 
Schwaetzer84: folds 
Tom_Jerry373: folds 
Siorassc: folds 
Uncalled bet ($0.15) returned to DIMAvBOSS
DIMAvBOSS collected $0.12 from pot
DIMAvBOSS: doesn't show hand 
*** SUMMARY ***
Total pot $0.12 | Rake $0 
Seat 1: Schwaetzer84 (button) folded before Flop (didn't bet)
Seat 2: Tom_Jerry373 (small blind) folded before Flop
Seat 3: Siorassc (big blind) folded before Flop
Seat 4: DIMAvBOSS collected ($0.12)
Seat 5: HubertusB folded before Flop (didn't bet)
Seat 6: Hisa38 folded before Flop (didn't bet)



PokerStars Zoom Hand #186523487285:  Hold'em No Limit ($0.02/$0.05) - 2018/05/17 19:39:46 CCT [2018/05/17 7:39:46 ET]
Table 'Donati' 6-max Seat #1 is the button
Seat 1: Break0123 ($5.05 in chips) 
Seat 2: boxhan ($8.74 in chips) 
Seat 3: HubertusB ($6.89 in chips) 
Seat 4: FelixZyl ($5.89 in chips) 
Seat 5: mariusghet12 ($12.03 in chips) 
Seat 6: SHMAG3L ($8.74 in chips) 
boxhan: posts small blind $0.02
HubertusB: posts big blind $0.05
*** HOLE CARDS ***
Dealt to HubertusB [Ad Js]
FelixZyl: folds 
mariusghet12: folds 
SHMAG3L: folds 
Break0123: raises $0.08 to $0.13
boxhan: folds 
HubertusB: calls $0.08
*** FLOP *** [7s Kd 3d]
HubertusB: checks 
Break0123: bets $0.11
HubertusB: folds 
Uncalled bet ($0.11) returned to Break0123
Break0123 collected $0.27 from pot
Break0123: doesn't show hand 
*** SUMMARY ***
Total pot $0.28 | Rake $0.01 
Board [7s Kd 3d]
Seat 1: Break0123 (button) collected ($0.27)
Seat 2: boxhan (small blind) folded before Flop
Seat 3: HubertusB (big blind) folded on the Flop
Seat 4: FelixZyl folded before Flop (didn't bet)
Seat 5: mariusghet12 folded before Flop (didn't bet)
Seat 6: SHMAG3L folded before Flop (didn't bet)



PokerStars Zoom Hand #186523499924:  Hold'em No Limit ($0.02/$0.05) - 2018/05/17 19:40:19 CCT [2018/05/17 7:40:19 ET]
Table 'Donati' 6-max Seat #1 is the button
Seat 1: umekichi88 ($5.05 in chips) 
Seat 2: Mitusha666 ($5 in chips) 
Seat 3: roadto2kmmr ($12.56 in chips) 
Seat 4: HubertusB ($6.76 in chips) 
Seat 5: titop_Vector ($5.11 in chips) 
Seat 6: Shamaxxx ($6.38 in chips) 
Mitusha666: posts small blind $0.02
roadto2kmmr: posts big blind $0.05
*** HOLE CARDS ***
Dealt to HubertusB [Qd Tc]
HubertusB: raises $0.05 to $0.10
titop_Vector: calls $0.10
Shamaxxx: folds 
umekichi88: folds 
Mitusha666: folds 
roadto2kmmr: calls $0.05
*** FLOP *** [8h 8c Ks]
roadto2kmmr: checks 
HubertusB: bets $0.15
titop_Vector: folds 
roadto2kmmr: folds 
Uncalled bet ($0.15) returned to HubertusB
HubertusB collected $0.31 from pot
HubertusB: doesn't show hand 
*** SUMMARY ***
Total pot $0.32 | Rake $0.01 
Board [8h 8c Ks]
Seat 1: umekichi88 (button) folded before Flop (didn't bet)
Seat 2: Mitusha666 (small blind) folded before Flop
Seat 3: roadto2kmmr (big blind) folded on the Flop
Seat 4: HubertusB collected ($0.31)
Seat 5: titop_Vector folded on the Flop
Seat 6: Shamaxxx folded before Flop (didn't bet)



PokerStars Zoom Hand #186523508996:  Hold'em No Limit ($0.02/$0.05) - 2018/05/17 19:40:43 CCT [2018/05/17 7:40:43 ET]
Table 'Donati' 6-max Seat #1 is the button
Seat 1: Genisys11 ($8.90 in chips) 
Seat 2: class29 ($11.08 in chips) 
Seat 3: engelen563 ($5.34 in chips) 
Seat 4: mohandes81 ($9.17 in chips) 
Seat 5: dekabrist185 ($4.29 in chips) 
Seat 6: HubertusB ($6.97 in chips) 
class29: posts small blind $0.02
engelen563: posts big blind $0.05
*** HOLE CARDS ***
Dealt to HubertusB [5c 3c]
mohandes81: folds 
dekabrist185: folds 
HubertusB: raises $0.05 to $0.10
Genisys11: folds 
class29: folds 
engelen563: folds 
Uncalled bet ($0.05) returned to HubertusB
HubertusB collected $0.12 from pot
HubertusB: doesn't show hand 
*** SUMMARY ***
Total pot $0.12 | Rake $0 
Seat 1: Genisys11 (button) folded before Flop (didn't bet)
Seat 2: class29 (small blind) folded before Flop
Seat 3: engelen563 (big blind) folded before Flop
Seat 4: mohandes81 folded before Flop (didn't bet)
Seat 5: dekabrist185 folded before Flop (didn't bet)
Seat 6: HubertusB collected ($0.12)



PokerStars Zoom Hand #186523513208:  Hold'em No Limit ($0.02/$0.05) - 2018/05/17 19:40:54 CCT [2018/05/17 7:40:54 ET]
Table 'Donati' 6-max Seat #1 is the button
Seat 1: funfun55 ($5.36 in chips) 
Seat 2: x8e3yn4ik ($5.53 in chips) 
Seat 3: HubertusB ($7.04 in chips) 
Seat 4: Faied123 ($7.71 in chips) 
Seat 5: Antonii228 ($14.49 in chips) 
Seat 6: masakimilk ($5 in chips) 
x8e3yn4ik: posts small blind $0.02
HubertusB: posts big blind $0.05
*** HOLE CARDS ***
Dealt to HubertusB [Jh 2s]
Faied123: folds 
Antonii228: folds 
masakimilk: raises $0.07 to $0.12
funfun55: folds 
x8e3yn4ik: folds 
HubertusB: folds 
Uncalled bet ($0.07) returned to masakimilk
masakimilk collected $0.12 from pot
masakimilk: doesn't show hand 
*** SUMMARY ***
Total pot $0.12 | Rake $0 
Seat 1: funfun55 (button) folded before Flop (didn't bet)
Seat 2: x8e3yn4ik (small blind) folded before Flop
Seat 3: HubertusB (big blind) folded before Flop
Seat 4: Faied123 folded before Flop (didn't bet)
Seat 5: Antonii228 folded before Flop (didn't bet)
Seat 6: masakimilk collected ($0.12)



PokerStars Zoom Hand #186523516593:  Hold'em No Limit ($0.02/$0.05) - 2018/05/17 19:41:03 CCT [2018/05/17 7:41:03 ET]
Table 'Donati' 6-max Seat #1 is the button
Seat 1: okli87 ($5.58 in chips) 
Seat 2: HubertusB ($6.99 in chips) 
Seat 3: class29 ($11.06 in chips) 
Seat 4: Gyula MIH ($5 in chips) 
Seat 5: saha555 ($11.40 in chips) 
Seat 6: serg197211 ($5.05 in chips) 
HubertusB: posts small blind $0.02
class29: posts big blind $0.05
*** HOLE CARDS ***
Dealt to HubertusB [2d 4d]
Gyula MIH: folds 
saha555: folds 
serg197211: folds 
okli87: folds 
HubertusB: raises $0.05 to $0.10
class29: folds 
Uncalled bet ($0.05) returned to HubertusB
HubertusB collected $0.10 from pot
HubertusB: doesn't show hand 
*** SUMMARY ***
Total pot $0.10 | Rake $0 
Seat 1: okli87 (button) folded before Flop (didn't bet)
Seat 2: HubertusB (small blind) collected ($0.10)
Seat 3: class29 (big blind) folded before Flop
Seat 4: Gyula MIH folded before Flop (didn't bet)
Seat 5: saha555 folded before Flop (didn't bet)
Seat 6: serg197211 folded before Flop (didn't bet)



PokerStars Zoom Hand #186523522728:  Hold'em No Limit ($0.02/$0.05) - 2018/05/17 19:41:19 CCT [2018/05/17 7:41:19 ET]
Table 'Donati' 6-max Seat #1 is the button
Seat 1: F1911P ($5.25 in chips) 
Seat 2: NoApolog1es ($8.05 in chips) 
Seat 3: WimmerA97 ($5 in chips) 
Seat 4: Hisa38 ($6.40 in chips) 
Seat 5: HubertusB ($7.04 in chips) 
Seat 6: PiNe4ppLe ($8.80 in chips) 
NoApolog1es: posts small blind $0.02
WimmerA97: posts big blind $0.05
*** HOLE CARDS ***
Dealt to HubertusB [3c 9c]
Hisa38: raises $0.10 to $0.15
HubertusB: folds 
PiNe4ppLe: folds 
F1911P: folds 
NoApolog1es: folds 
WimmerA97: folds 
Uncalled bet ($0.10) returned to Hisa38
Hisa38 collected $0.12 from pot
Hisa38: doesn't show hand 
*** SUMMARY ***
Total pot $0.12 | Rake $0 
Seat 1: F1911P (button) folded before Flop (didn't bet)
Seat 2: NoApolog1es (small blind) folded before Flop
Seat 3: WimmerA97 (big blind) folded before Flop
Seat 4: Hisa38 collected ($0.12)
Seat 5: HubertusB folded before Flop (didn't bet)
Seat 6: PiNe4ppLe folded before Flop (didn't bet)



PokerStars Zoom Hand #186523527392:  Hold'em No Limit ($0.02/$0.05) - 2018/05/17 19:41:31 CCT [2018/05/17 7:41:31 ET]
Table 'Donati' 6-max Seat #1 is the button
Seat 1: HubertusB ($7.04 in chips) 
Seat 2: Nirael555 ($5.04 in chips) 
Seat 3: salamandryko ($5 in chips) 
Seat 4: AASiz ($7.02 in chips) 
Seat 5: vova270793 ($5.07 in chips) 
Seat 6: NoApolog1es ($6.32 in chips) 
Nirael555: posts small blind $0.02
salamandryko: posts big blind $0.05
*** HOLE CARDS ***
Dealt to HubertusB [6c 5c]
AASiz: folds 
vova270793: folds 
NoApolog1es: folds 
HubertusB: raises $0.05 to $0.10
Nirael555: calls $0.08
salamandryko: calls $0.05
*** FLOP *** [2h 9h 3d]
Nirael555: checks 
salamandryko: checks 
HubertusB: bets $0.20
Nirael555: calls $0.20
salamandryko: folds 
*** TURN *** [2h 9h 3d] [5h]
Nirael555: checks 
HubertusB: checks 
*** RIVER *** [2h 9h 3d 5h] [2c]
Nirael555: checks 
HubertusB: checks 
*** SHOW DOWN ***
Nirael555: shows [8s 8d] (two pair, Eights and Deuces)
HubertusB: mucks hand 
Nirael555 collected $0.67 from pot
*** SUMMARY ***
Total pot $0.70 | Rake $0.03 
Board [2h 9h 3d 5h 2c]
Seat 1: HubertusB (button) mucked [6c 5c]
Seat 2: Nirael555 (small blind) showed [8s 8d] and won ($0.67) with two pair, Eights and Deuces
Seat 3: salamandryko (big blind) folded on the Flop
Seat 4: AASiz folded before Flop (didn't bet)
Seat 5: vova270793 folded before Flop (didn't bet)
Seat 6: NoApolog1es folded before Flop (didn't bet)



PokerStars Zoom Hand #186523547902:  Hold'em No Limit ($0.02/$0.05) - 2018/05/17 19:42:25 CCT [2018/05/17 7:42:25 ET]
Table 'Donati' 6-max Seat #1 is the button
Seat 1: hovlaa ($6.76 in chips) 
Seat 2: Rajfix12 ($8.07 in chips) 
Seat 3: arturs1996 ($13.08 in chips) 
Seat 4: TehPokeHerer ($11.26 in chips) 
Seat 5: Gyula MIH ($5 in chips) 
Seat 6: HubertusB ($6.74 in chips) 
Rajfix12: posts small blind $0.02
arturs1996: posts big blind $0.05
*** HOLE CARDS ***
Dealt to HubertusB [8c Td]
TehPokeHerer: folds 
Gyula MIH: folds 
HubertusB: raises $0.05 to $0.10
hovlaa: folds 
Rajfix12: folds 
arturs1996: calls $0.05
*** FLOP *** [Qs Qh Jh]
arturs1996: checks 
HubertusB: bets $0.10
arturs1996: folds 
Uncalled bet ($0.10) returned to HubertusB
HubertusB collected $0.21 from pot
HubertusB: doesn't show hand 
*** SUMMARY ***
Total pot $0.22 | Rake $0.01 
Board [Qs Qh Jh]
Seat 1: hovlaa (button) folded before Flop (didn't bet)
Seat 2: Rajfix12 (small blind) folded before Flop
Seat 3: arturs1996 (big blind) folded on the Flop
Seat 4: TehPokeHerer folded before Flop (didn't bet)
Seat 5: Gyula MIH folded before Flop (didn't bet)
Seat 6: HubertusB collected ($0.21)



PokerStars Zoom Hand #186523555203:  Hold'em No Limit ($0.02/$0.05) - 2018/05/17 19:42:44 CCT [2018/05/17 7:42:44 ET]
Table 'Donati' 6-max Seat #1 is the button
Seat 1: Vegetarian93 ($6.34 in chips) 
Seat 2: Siorassc ($8.62 in chips) 
Seat 3: Sitela ($6.44 in chips) 
Seat 4: funfun55 ($5.18 in chips) 
Seat 5: HubertusB ($6.85 in chips) 
Seat 6: kovexkrisz ($5.97 in chips) 
Siorassc: posts small blind $0.02
Sitela: posts big blind $0.05
*** HOLE CARDS ***
Dealt to HubertusB [4h 4c]
funfun55: folds 
HubertusB: raises $0.05 to $0.10
kovexkrisz: folds 
Vegetarian93: folds 
Siorassc: folds 
Sitela: calls $0.05
*** FLOP *** [Js 3h Th]
Sitela: checks 
HubertusB: checks 
*** TURN *** [Js 3h Th] [Qs]
Sitela: checks 
HubertusB: checks 
*** RIVER *** [Js 3h Th Qs] [Qh]
Sitela: checks 
HubertusB: checks 
*** SHOW DOWN ***
Sitela: shows [9d 6d] (a pair of Queens)
HubertusB: shows [4h 4c] (two pair, Queens and Fours)
HubertusB collected $0.21 from pot
*** SUMMARY ***
Total pot $0.22 | Rake $0.01 
Board [Js 3h Th Qs Qh]
Seat 1: Vegetarian93 (button) folded before Flop (didn't bet)
Seat 2: Siorassc (small blind) folded before Flop
Seat 3: Sitela (big blind) showed [9d 6d] and lost with a pair of Queens
Seat 4: funfun55 folded before Flop (didn't bet)
Seat 5: HubertusB showed [4h 4c] and won ($0.21) with two pair, Queens and Fours
Seat 6: kovexkrisz folded before Flop (didn't bet)



PokerStars Zoom Hand #186523564338:  Hold'em No Limit ($0.02/$0.05) - 2018/05/17 19:43:08 CCT [2018/05/17 7:43:08 ET]
Table 'Donati' 6-max Seat #1 is the button
Seat 1: HubertusB ($6.96 in chips) 
Seat 2: Sitela ($6.34 in chips) 
Seat 3: WaterStriker ($7.34 in chips) 
Seat 4: Caerus86 ($5.15 in chips) 
Seat 5: fcsickmind77 ($2.47 in chips) 
Seat 6: Hisa38 ($9.55 in chips) 
Sitela: posts small blind $0.02
WaterStriker: posts big blind $0.05
*** HOLE CARDS ***
Dealt to HubertusB [9d 2d]
Caerus86: raises $0.10 to $0.15
fcsickmind77: folds 
Hisa38: folds 
HubertusB: folds 
Sitela: folds 
WaterStriker: folds 
Uncalled bet ($0.10) returned to Caerus86
Caerus86 collected $0.12 from pot
Caerus86: doesn't show hand 
*** SUMMARY ***
Total pot $0.12 | Rake $0 
Seat 1: HubertusB (button) folded before Flop (didn't bet)
Seat 2: Sitela (small blind) folded before Flop
Seat 3: WaterStriker (big blind) folded before Flop
Seat 4: Caerus86 collected ($0.12)
Seat 5: fcsickmind77 folded before Flop (didn't bet)
Seat 6: Hisa38 folded before Flop (didn't bet)



PokerStars Zoom Hand #186523567049:  Hold'em No Limit ($0.02/$0.05) - 2018/05/17 19:43:15 CCT [2018/05/17 7:43:15 ET]
Table 'Donati' 6-max Seat #1 is the button
Seat 1: jacks550 ($4.54 in chips) 
Seat 2: JaguarBLR ($5 in chips) 
Seat 3: HubertusB ($6.96 in chips) 
Seat 4: vova270793 ($5.39 in chips) 
Seat 5: SHMAG3L ($5 in chips) 
Seat 6: draxler1996 ($3.74 in chips) 
JaguarBLR: posts small blind $0.02
HubertusB: posts big blind $0.05
*** HOLE CARDS ***
Dealt to HubertusB [Jh 5d]
vova270793: folds 
SHMAG3L: raises $0.10 to $0.15
draxler1996: folds 
jacks550: folds 
JaguarBLR: folds 
HubertusB: folds 
Uncalled bet ($0.10) returned to SHMAG3L
SHMAG3L collected $0.12 from pot
SHMAG3L: doesn't show hand 
*** SUMMARY ***
Total pot $0.12 | Rake $0 
Seat 1: jacks550 (button) folded before Flop (didn't bet)
Seat 2: JaguarBLR (small blind) folded before Flop
Seat 3: HubertusB (big blind) folded before Flop
Seat 4: vova270793 folded before Flop (didn't bet)
Seat 5: SHMAG3L collected ($0.12)
Seat 6: draxler1996 folded before Flop (didn't bet)



PokerStars Zoom Hand #186523571730:  Hold'em No Limit ($0.02/$0.05) - 2018/05/17 19:43:27 CCT [2018/05/17 7:43:27 ET]
Table 'Donati' 6-max Seat #1 is the button
Seat 1: opopo0009 ($7.92 in chips) 
Seat 2: PugoGrasse ($6.36 in chips) 
Seat 3: RustemAnna ($5.29 in chips) 
Seat 4: HubertusB ($6.89 in chips) 
Seat 5: SHMAG3L ($8.41 in chips) 
Seat 6: AB5OLUTI0N ($5.14 in chips) 
PugoGrasse: posts small blind $0.02
RustemAnna: posts big blind $0.05
*** HOLE CARDS ***
Dealt to HubertusB [3d 6h]
HubertusB: folds 
SHMAG3L: folds 
AB5OLUTI0N: folds 
opopo0009: folds 
PugoGrasse: folds 
Uncalled bet ($0.03) returned to RustemAnna
RustemAnna collected $0.04 from pot
RustemAnna: doesn't show hand 
*** SUMMARY ***
Total pot $0.04 | Rake $0 
Seat 1: opopo0009 (button) folded before Flop (didn't bet)
Seat 2: PugoGrasse (small blind) folded before Flop
Seat 3: RustemAnna (big blind) collected ($0.04)
Seat 4: HubertusB folded before Flop (didn't bet)
Seat 5: SHMAG3L folded before Flop (didn't bet)
Seat 6: AB5OLUTI0N folded before Flop (didn't bet)



PokerStars Zoom Hand #186523574820:  Hold'em No Limit ($0.02/$0.05) - 2018/05/17 19:43:35 CCT [2018/05/17 7:43:35 ET]
Table 'Donati' 6-max Seat #1 is the button
Seat 1: Kruzer20 ($5.86 in chips) 
Seat 2: serge87100 ($7.90 in chips) 
Seat 3: FooRawr ($5.31 in chips) 
Seat 4: GRizlik14 ($10.03 in chips) 
Seat 5: HubertusB ($6.89 in chips) 
Seat 6: Siorassc ($8.89 in chips) 
serge87100: posts small blind $0.02
FooRawr: posts big blind $0.05
*** HOLE CARDS ***
Dealt to HubertusB [Ah Qc]
GRizlik14: folds 
HubertusB: raises $0.05 to $0.10
Siorassc: folds 
Kruzer20: folds 
serge87100: folds 
FooRawr: folds 
Uncalled bet ($0.05) returned to HubertusB
HubertusB collected $0.12 from pot
HubertusB: doesn't show hand 
*** SUMMARY ***
Total pot $0.12 | Rake $0 
Seat 1: Kruzer20 (button) folded before Flop (didn't bet)
Seat 2: serge87100 (small blind) folded before Flop
Seat 3: FooRawr (big blind) folded before Flop
Seat 4: GRizlik14 folded before Flop (didn't bet)
Seat 5: HubertusB collected ($0.12)
Seat 6: Siorassc folded before Flop (didn't bet)



PokerStars Zoom Hand #186523569425:  Hold'em No Limit ($0.02/$0.05) - 2018/05/17 19:43:21 CCT [2018/05/17 7:43:21 ET]
Table 'Donati' 6-max Seat #1 is the button
Seat 1: dimensionist ($3.79 in chips) 
Seat 2: HubertusB ($6.91 in chips) 
Seat 3: MoreRakePls1 ($15.34 in chips) 
Seat 4: Mitusha666 ($5.02 in chips) 
Seat 5: Rajfix12 ($5.34 in chips) 
Seat 6: Harry0509 ($5.56 in chips) 
HubertusB: posts small blind $0.02
MoreRakePls1: posts big blind $0.05
*** HOLE CARDS ***
Dealt to HubertusB [2d 7h]
Mitusha666: folds 
Rajfix12: folds 
Harry0509: raises $0.10 to $0.15
dimensionist: calls $0.15
HubertusB: folds 
MoreRakePls1: folds 
*** FLOP *** [6h Th 6d]
Harry0509: bets $0.18
dimensionist: raises $0.25 to $0.43
Harry0509: folds 
Uncalled bet ($0.25) returned to dimensionist
dimensionist collected $0.70 from pot
dimensionist: doesn't show hand 
*** SUMMARY ***
Total pot $0.73 | Rake $0.03 
Board [6h Th 6d]
Seat 1: dimensionist (button) collected ($0.70)
Seat 2: HubertusB (small blind) folded before Flop
Seat 3: MoreRakePls1 (big blind) folded before Flop
Seat 4: Mitusha666 folded before Flop (didn't bet)
Seat 5: Rajfix12 folded before Flop (didn't bet)
Seat 6: Harry0509 folded on the Flop



PokerStars Zoom Hand #186523581199:  Hold'em No Limit ($0.02/$0.05) - 2018/05/17 19:43:52 CCT [2018/05/17 7:43:52 ET]
Table 'Donati' 6-max Seat #1 is the button
Seat 1: Nachrichterh ($7.80 in chips) 
Seat 2: offuca ($5.07 in chips) 
Seat 3: drk55 ($5.21 in chips) 
Seat 4: geass0621 ($4.89 in chips) 
Seat 5: GRizlik14 ($5 in chips) 
Seat 6: HubertusB ($6.96 in chips) 
offuca: posts small blind $0.02
drk55: posts big blind $0.05
*** HOLE CARDS ***
Dealt to HubertusB [8s 3d]
geass0621: folds 
GRizlik14: folds 
HubertusB: folds 
Nachrichterh: folds 
offuca: raises $0.10 to $0.15
drk55: folds 
Uncalled bet ($0.10) returned to offuca
offuca collected $0.10 from pot
offuca: doesn't show hand 
*** SUMMARY ***
Total pot $0.10 | Rake $0 
Seat 1: Nachrichterh (button) folded before Flop (didn't bet)
Seat 2: offuca (small blind) collected ($0.10)
Seat 3: drk55 (big blind) folded before Flop
Seat 4: geass0621 folded before Flop (didn't bet)
Seat 5: GRizlik14 folded before Flop (didn't bet)
Seat 6: HubertusB folded before Flop (didn't bet)



PokerStars Zoom Hand #186523583419:  Hold'em No Limit ($0.02/$0.05) - 2018/05/17 19:43:58 CCT [2018/05/17 7:43:58 ET]
Table 'Donati' 6-max Seat #1 is the button
Seat 1: I10Poker ($4.93 in chips) 
Seat 2: HubertusB ($6.96 in chips) 
Seat 3: Fighter485 ($7.79 in chips) 
Seat 4: lazy_deer ($6.10 in chips) 
Seat 5: nama.uk ($4.76 in chips) 
Seat 6: mohandes81 ($5.15 in chips) 
HubertusB: posts small blind $0.02
Fighter485: posts big blind $0.05
*** HOLE CARDS ***
Dealt to HubertusB [Kh 9s]
lazy_deer: folds 
nama.uk: raises $0.10 to $0.15
mohandes81: folds 
I10Poker: folds 
HubertusB: folds 
Fighter485: folds 
Uncalled bet ($0.10) returned to nama.uk
nama.uk collected $0.12 from pot
nama.uk: doesn't show hand 
*** SUMMARY ***
Total pot $0.12 | Rake $0 
Seat 1: I10Poker (button) folded before Flop (didn't bet)
Seat 2: HubertusB (small blind) folded before Flop
Seat 3: Fighter485 (big blind) folded before Flop
Seat 4: lazy_deer folded before Flop (didn't bet)
Seat 5: nama.uk collected ($0.12)
Seat 6: mohandes81 folded before Flop (didn't bet)



PokerStars Zoom Hand #186523588433:  Hold'em No Limit ($0.02/$0.05) - 2018/05/17 19:44:11 CCT [2018/05/17 7:44:11 ET]
Table 'Donati' 6-max Seat #1 is the button
Seat 1: m4ri4kky ($5.54 in chips) 
Seat 2: RustemAnna ($5.29 in chips) 
Seat 3: HubertusB ($6.94 in chips) 
Seat 4: GRizlik14 ($5.92 in chips) 
Seat 5: Hayoterkinovich ($6.62 in chips) 
Seat 6: Fighter485 ($7.72 in chips) 
RustemAnna: posts small blind $0.02
HubertusB: posts big blind $0.05
*** HOLE CARDS ***
Dealt to HubertusB [6d 7h]
GRizlik14: folds 
Hayoterkinovich: folds 
Fighter485: raises $0.10 to $0.15
m4ri4kky: folds 
RustemAnna: calls $0.13
HubertusB: folds 
*** FLOP *** [2d 4h Qh]
RustemAnna: checks 
Fighter485: bets $0.15
RustemAnna: folds 
Uncalled bet ($0.15) returned to Fighter485
Fighter485 collected $0.34 from pot
Fighter485: doesn't show hand 
*** SUMMARY ***
Total pot $0.35 | Rake $0.01 
Board [2d 4h Qh]
Seat 1: m4ri4kky (button) folded before Flop (didn't bet)
Seat 2: RustemAnna (small blind) folded on the Flop
Seat 3: HubertusB (big blind) folded before Flop
Seat 4: GRizlik14 folded before Flop (didn't bet)
Seat 5: Hayoterkinovich folded before Flop (didn't bet)
Seat 6: Fighter485 collected ($0.34)



PokerStars Zoom Hand #186523595291:  Hold'em No Limit ($0.02/$0.05) - 2018/05/17 19:44:29 CCT [2018/05/17 7:44:29 ET]
Table 'Donati' 6-max Seat #1 is the button
Seat 1: arturs1996 ($7.24 in chips) 
Seat 2: Ineibet ($6.72 in chips) 
Seat 3: higgins1989 ($5.15 in chips) 
Seat 4: HubertusB ($6.89 in chips) 
Seat 5: rosssilvs1183 ($5.51 in chips) 
Seat 6: CzechBassLR ($1.50 in chips) 
Ineibet: posts small blind $0.02
higgins1989: posts big blind $0.05
*** HOLE CARDS ***
Dealt to HubertusB [8s Qc]
HubertusB: folds 
rosssilvs1183: folds 
CzechBassLR: folds 
arturs1996: folds 
Ineibet: raises $0.07 to $0.12
higgins1989: folds 
Uncalled bet ($0.07) returned to Ineibet
Ineibet collected $0.10 from pot
Ineibet: doesn't show hand 
*** SUMMARY ***
Total pot $0.10 | Rake $0 
Seat 1: arturs1996 (button) folded before Flop (didn't bet)
Seat 2: Ineibet (small blind) collected ($0.10)
Seat 3: higgins1989 (big blind) folded before Flop
Seat 4: HubertusB folded before Flop (didn't bet)
Seat 5: rosssilvs1183 folded before Flop (didn't bet)
Seat 6: CzechBassLR folded before Flop (didn't bet)



PokerStars Zoom Hand #186523597252:  Hold'em No Limit ($0.02/$0.05) - 2018/05/17 19:44:34 CCT [2018/05/17 7:44:34 ET]
Table 'Donati' 6-max Seat #1 is the button
Seat 1: HubertusB ($6.89 in chips) 
Seat 2: luckyjim vd ($4.76 in chips) 
Seat 3: Punzzzer ($5.11 in chips) 
Seat 4: Rajfix12 ($9.58 in chips) 
Seat 5: Kain1991mdg ($3.81 in chips) 
Seat 6: narrator123 ($5.07 in chips) 
luckyjim vd: posts small blind $0.02
Punzzzer: posts big blind $0.05
*** HOLE CARDS ***
Dealt to HubertusB [7c 8h]
Rajfix12: folds 
Kain1991mdg: folds 
narrator123: folds 
HubertusB: raises $0.05 to $0.10
luckyjim vd: folds 
Punzzzer: raises $0.37 to $0.47
HubertusB: folds 
Uncalled bet ($0.37) returned to Punzzzer
Punzzzer collected $0.22 from pot
Punzzzer: doesn't show hand 
*** SUMMARY ***
Total pot $0.22 | Rake $0 
Seat 1: HubertusB (button) folded before Flop
Seat 2: luckyjim vd (small blind) folded before Flop
Seat 3: Punzzzer (big blind) collected ($0.22)
Seat 4: Rajfix12 folded before Flop (didn't bet)
Seat 5: Kain1991mdg folded before Flop (didn't bet)
Seat 6: narrator123 folded before Flop (didn't bet)



PokerStars Zoom Hand #186523606726:  Hold'em No Limit ($0.02/$0.05) - 2018/05/17 19:44:59 CCT [2018/05/17 7:44:59 ET]
Table 'Donati' 6-max Seat #1 is the button
Seat 1: ducati555 ($5.34 in chips) 
Seat 2: HubertusB ($6.79 in chips) 
Seat 3: mishu415 ($5 in chips) 
Seat 4: Lydomanka ($5 in chips) 
Seat 5: Amigo113 ($5.80 in chips) 
Seat 6: titop_Vector ($5.33 in chips) 
HubertusB: posts small blind $0.02
mishu415: posts big blind $0.05
*** HOLE CARDS ***
Dealt to HubertusB [5d Tc]
Lydomanka: folds 
Amigo113: folds 
titop_Vector: raises $0.07 to $0.12
ducati555: folds 
HubertusB: folds 
mishu415: folds 
Uncalled bet ($0.07) returned to titop_Vector
titop_Vector collected $0.12 from pot
titop_Vector: doesn't show hand 
*** SUMMARY ***
Total pot $0.12 | Rake $0 
Seat 1: ducati555 (button) folded before Flop (didn't bet)
Seat 2: HubertusB (small blind) folded before Flop
Seat 3: mishu415 (big blind) folded before Flop
Seat 4: Lydomanka folded before Flop (didn't bet)
Seat 5: Amigo113 folded before Flop (didn't bet)
Seat 6: titop_Vector collected ($0.12)



PokerStars Zoom Hand #186523609363:  Hold'em No Limit ($0.02/$0.05) - 2018/05/17 19:45:06 CCT [2018/05/17 7:45:06 ET]
Table 'Donati' 6-max Seat #1 is the button
Seat 1: s218690 ($10.27 in chips) 
Seat 2: narrator123 ($5 in chips) 
Seat 3: Cardenas87 ($5.14 in chips) 
Seat 4: RobertMoog ($5.62 in chips) 
Seat 5: sport300184 ($8.16 in chips) 
Seat 6: HubertusB ($6.77 in chips) 
narrator123: posts small blind $0.02
Cardenas87: posts big blind $0.05
*** HOLE CARDS ***
Dealt to HubertusB [2h Kh]
RobertMoog: raises $0.10 to $0.15
sport300184: calls $0.15
HubertusB: folds 
s218690: folds 
narrator123: folds 
Cardenas87: folds 
*** FLOP *** [9s 9c Tc]
RobertMoog: checks 
sport300184: bets $0.18
RobertMoog: folds 
Uncalled bet ($0.18) returned to sport300184
sport300184 collected $0.35 from pot
sport300184: doesn't show hand 
*** SUMMARY ***
Total pot $0.37 | Rake $0.02 
Board [9s 9c Tc]
Seat 1: s218690 (button) folded before Flop (didn't bet)
Seat 2: narrator123 (small blind) folded before Flop
Seat 3: Cardenas87 (big blind) folded before Flop
Seat 4: RobertMoog folded on the Flop
Seat 5: sport300184 collected ($0.35)
Seat 6: HubertusB folded before Flop (didn't bet)



PokerStars Zoom Hand #186523612001:  Hold'em No Limit ($0.02/$0.05) - 2018/05/17 19:45:13 CCT [2018/05/17 7:45:13 ET]
Table 'Donati' 6-max Seat #1 is the button
Seat 1: opopo0009 ($5.40 in chips) 
Seat 2: drk55 ($5.46 in chips) 
Seat 3: l1skitous ($1.94 in chips) 
Seat 4: HubertusB ($6.77 in chips) 
Seat 5: dimensionist ($4.04 in chips) 
Seat 6: Cooper Huang ($5 in chips) 
drk55: posts small blind $0.02
l1skitous: posts big blind $0.05
*** HOLE CARDS ***
Dealt to HubertusB [9h 3s]
HubertusB: folds 
dimensionist: folds 
Cooper Huang: raises $0.07 to $0.12
opopo0009: folds 
drk55: folds 
l1skitous: folds 
Uncalled bet ($0.07) returned to Cooper Huang
Cooper Huang collected $0.12 from pot
Cooper Huang: doesn't show hand 
*** SUMMARY ***
Total pot $0.12 | Rake $0 
Seat 1: opopo0009 (button) folded before Flop (didn't bet)
Seat 2: drk55 (small blind) folded before Flop
Seat 3: l1skitous (big blind) folded before Flop
Seat 4: HubertusB folded before Flop (didn't bet)
Seat 5: dimensionist folded before Flop (didn't bet)
Seat 6: Cooper Huang collected ($0.12)



PokerStars Zoom Hand #186523603709:  Hold'em No Limit ($0.02/$0.05) - 2018/05/17 19:44:51 CCT [2018/05/17 7:44:51 ET]
Table 'Donati' 6-max Seat #1 is the button
Seat 1: moon0828 ($10.47 in chips) 
Seat 2: Sergey25934 ($4.95 in chips) 
Seat 3: zdaz1 ($24.02 in chips) 
Seat 4: PiNe4ppLe ($7.68 in chips) 
Seat 5: HubertusB ($6.79 in chips) 
Seat 6: MeDvEd199107 ($9.47 in chips) 
Sergey25934: posts small blind $0.02
zdaz1: posts big blind $0.05
*** HOLE CARDS ***
Dealt to HubertusB [8s 6d]
PiNe4ppLe: folds 
HubertusB: folds 
MeDvEd199107: calls $0.05
moon0828: raises $0.15 to $0.20
Sergey25934: folds 
zdaz1: raises $0.45 to $0.65
MeDvEd199107: folds 
moon0828: calls $0.45
*** FLOP *** [Ac 4s 5s]
zdaz1: bets $0.58
moon0828: calls $0.58
*** TURN *** [Ac 4s 5s] [6c]
zdaz1: checks 
moon0828: bets $1.05
zdaz1: folds 
Uncalled bet ($1.05) returned to moon0828
moon0828 collected $2.43 from pot
moon0828: doesn't show hand 
*** SUMMARY ***
Total pot $2.53 | Rake $0.10 
Board [Ac 4s 5s 6c]
Seat 1: moon0828 (button) collected ($2.43)
Seat 2: Sergey25934 (small blind) folded before Flop
Seat 3: zdaz1 (big blind) folded on the Turn
Seat 4: PiNe4ppLe folded before Flop (didn't bet)
Seat 5: HubertusB folded before Flop (didn't bet)
Seat 6: MeDvEd199107 folded before Flop



PokerStars Zoom Hand #186523622552:  Hold'em No Limit ($0.02/$0.05) - 2018/05/17 19:45:41 CCT [2018/05/17 7:45:41 ET]
Table 'Donati' 6-max Seat #1 is the button
Seat 1: k1v0k ($5 in chips) 
Seat 2: florianduyse ($5.18 in chips) 
Seat 3: DIMAvBOSS ($5 in chips) 
Seat 4: whitewhisper ($5 in chips) 
Seat 5: N1IL ($5 in chips) 
Seat 6: HubertusB ($6.72 in chips) 
florianduyse: posts small blind $0.02
DIMAvBOSS: posts big blind $0.05
*** HOLE CARDS ***
Dealt to HubertusB [3c 7c]
whitewhisper: raises $0.10 to $0.15
N1IL: folds 
HubertusB: folds 
k1v0k: folds 
florianduyse: folds 
DIMAvBOSS: folds 
Uncalled bet ($0.10) returned to whitewhisper
whitewhisper collected $0.12 from pot
whitewhisper: doesn't show hand 
*** SUMMARY ***
Total pot $0.12 | Rake $0 
Seat 1: k1v0k (button) folded before Flop (didn't bet)
Seat 2: florianduyse (small blind) folded before Flop
Seat 3: DIMAvBOSS (big blind) folded before Flop
Seat 4: whitewhisper collected ($0.12)
Seat 5: N1IL folded before Flop (didn't bet)
Seat 6: HubertusB folded before Flop (didn't bet)



PokerStars Zoom Hand #186523625580:  Hold'em No Limit ($0.02/$0.05) - 2018/05/17 19:45:49 CCT [2018/05/17 7:45:49 ET]
Table 'Donati' 6-max Seat #1 is the button
Seat 1: Kruzer20 ($15.89 in chips) 
Seat 2: taiszi ($6.94 in chips) 
Seat 3: Genisys11 ($5.47 in chips) 
Seat 4: NoApolog1es ($13.62 in chips) 
Seat 5: HubertusB ($6.72 in chips) 
Seat 6: belmain.by ($5.06 in chips) 
taiszi: posts small blind $0.02
Genisys11: posts big blind $0.05
*** HOLE CARDS ***
Dealt to HubertusB [Jh Qc]
NoApolog1es: folds 
HubertusB: raises $0.05 to $0.10
belmain.by: folds 
Kruzer20: folds 
taiszi: folds 
Genisys11: folds 
Uncalled bet ($0.05) returned to HubertusB
HubertusB collected $0.12 from pot
HubertusB: doesn't show hand 
*** SUMMARY ***
Total pot $0.12 | Rake $0 
Seat 1: Kruzer20 (button) folded before Flop (didn't bet)
Seat 2: taiszi (small blind) folded before Flop
Seat 3: Genisys11 (big blind) folded before Flop
Seat 4: NoApolog1es folded before Flop (didn't bet)
Seat 5: HubertusB collected ($0.12)
Seat 6: belmain.by folded before Flop (didn't bet)



PokerStars Zoom Hand #186523630665:  Hold'em No Limit ($0.02/$0.05) - 2018/05/17 19:46:02 CCT [2018/05/17 7:46:02 ET]
Table 'Donati' 6-max Seat #1 is the button
Seat 1: HubertusB ($6.79 in chips) 
Seat 2: andriasssse ($5 in chips) 
Seat 3: khaldrogo59 ($16.87 in chips) 
Seat 4: WimmerA97 ($5.81 in chips) 
Seat 5: Blacky1967 ($5 in chips) 
Seat 6: MoreRakePls1 ($8.03 in chips) 
andriasssse: posts small blind $0.02
khaldrogo59: posts big blind $0.05
*** HOLE CARDS ***
Dealt to HubertusB [Kh 4c]
WimmerA97: raises $0.10 to $0.15
Blacky1967: folds 
MoreRakePls1: folds 
HubertusB: folds 
andriasssse: folds 
khaldrogo59: folds 
Uncalled bet ($0.10) returned to WimmerA97
WimmerA97 collected $0.12 from pot
WimmerA97: doesn't show hand 
*** SUMMARY ***
Total pot $0.12 | Rake $0 
Seat 1: HubertusB (button) folded before Flop (didn't bet)
Seat 2: andriasssse (small blind) folded before Flop
Seat 3: khaldrogo59 (big blind) folded before Flop
Seat 4: WimmerA97 collected ($0.12)
Seat 5: Blacky1967 folded before Flop (didn't bet)
Seat 6: MoreRakePls1 folded before Flop (didn't bet)



PokerStars Zoom Hand #186523635647:  Hold'em No Limit ($0.02/$0.05) - 2018/05/17 19:46:15 CCT [2018/05/17 7:46:15 ET]
Table 'Donati' 6-max Seat #1 is the button
Seat 1: HubertusB ($6.79 in chips) 
Seat 2: evGHENII85 ($5.02 in chips) 
Seat 3: engelen563 ($5.28 in chips) 
Seat 4: ninix17 ($5.81 in chips) 
Seat 5: dbr03001 ($5.37 in chips) 
Seat 6: IGOR14RUS ($5.51 in chips) 
evGHENII85: posts small blind $0.02
engelen563: posts big blind $0.05
*** HOLE CARDS ***
Dealt to HubertusB [3s Jh]
ninix17: folds 
dbr03001: folds 
IGOR14RUS: folds 
HubertusB: raises $0.05 to $0.10
evGHENII85: folds 
engelen563: folds 
Uncalled bet ($0.05) returned to HubertusB
HubertusB collected $0.12 from pot
HubertusB: doesn't show hand 
*** SUMMARY ***
Total pot $0.12 | Rake $0 
Seat 1: HubertusB (button) collected ($0.12)
Seat 2: evGHENII85 (small blind) folded before Flop
Seat 3: engelen563 (big blind) folded before Flop
Seat 4: ninix17 folded before Flop (didn't bet)
Seat 5: dbr03001 folded before Flop (didn't bet)
Seat 6: IGOR14RUS folded before Flop (didn't bet)



PokerStars Zoom Hand #186523615070:  Hold'em No Limit ($0.02/$0.05) - 2018/05/17 19:45:21 CCT [2018/05/17 7:45:21 ET]
Table 'Donati' 6-max Seat #1 is the button
Seat 1: joriksatana ($8.10 in chips) 
Seat 2: Ivan*Wolf*04 ($7.25 in chips) 
Seat 3: HubertusB ($6.77 in chips) 
Seat 4: epyj1231 ($6.81 in chips) 
Seat 5: Faied123 ($9.61 in chips) 
Seat 6: dimensionist ($4.04 in chips) 
Ivan*Wolf*04: posts small blind $0.02
HubertusB: posts big blind $0.05
*** HOLE CARDS ***
Dealt to HubertusB [8s 5c]
epyj1231: folds 
Faied123: raises $0.10 to $0.15
dimensionist: calls $0.15
joriksatana: raises $0.30 to $0.45
Ivan*Wolf*04: folds 
HubertusB: folds 
Faied123: folds 
dimensionist: calls $0.30
*** FLOP *** [Th Jh 3h]
dimensionist: checks 
joriksatana: checks 
*** TURN *** [Th Jh 3h] [6c]
dimensionist: bets $0.68
joriksatana: calls $0.68
*** RIVER *** [Th Jh 3h 6c] [7h]
dimensionist: bets $0.91
joriksatana: folds 
Uncalled bet ($0.91) returned to dimensionist
dimensionist collected $2.38 from pot
dimensionist: doesn't show hand 
*** SUMMARY ***
Total pot $2.48 | Rake $0.10 
Board [Th Jh 3h 6c 7h]
Seat 1: joriksatana (button) folded on the River
Seat 2: Ivan*Wolf*04 (small blind) folded before Flop
Seat 3: HubertusB (big blind) folded before Flop
Seat 4: epyj1231 folded before Flop (didn't bet)
Seat 5: Faied123 folded before Flop
Seat 6: dimensionist collected ($2.38)



PokerStars Zoom Hand #186523642658:  Hold'em No Limit ($0.02/$0.05) - 2018/05/17 19:46:33 CCT [2018/05/17 7:46:33 ET]
Table 'Donati' 6-max Seat #1 is the button
Seat 1: Blacky1967 ($5 in chips) 
Seat 2: HubertusB ($6.86 in chips) 
Seat 3: Max1k1nG1212 ($9.19 in chips) 
Seat 4: alvikas ($5.16 in chips) 
Seat 5: funfun55 ($9.53 in chips) 
Seat 6: zeiyeye ($6.43 in chips) 
HubertusB: posts small blind $0.02
Max1k1nG1212: posts big blind $0.05
*** HOLE CARDS ***
Dealt to HubertusB [Qc Td]
alvikas: folds 
funfun55: folds 
zeiyeye: folds 
Blacky1967: raises $0.05 to $0.10
HubertusB: raises $0.20 to $0.30
Max1k1nG1212: raises $0.20 to $0.50
Blacky1967: folds 
HubertusB: folds 
Uncalled bet ($0.20) returned to Max1k1nG1212
Max1k1nG1212 collected $0.70 from pot
Max1k1nG1212: doesn't show hand 
*** SUMMARY ***
Total pot $0.70 | Rake $0 
Seat 1: Blacky1967 (button) folded before Flop
Seat 2: HubertusB (small blind) folded before Flop
Seat 3: Max1k1nG1212 (big blind) collected ($0.70)
Seat 4: alvikas folded before Flop (didn't bet)
Seat 5: funfun55 folded before Flop (didn't bet)
Seat 6: zeiyeye folded before Flop (didn't bet)



PokerStars Zoom Hand #186523650111:  Hold'em No Limit ($0.02/$0.05) - 2018/05/17 19:46:52 CCT [2018/05/17 7:46:52 ET]
Table 'Donati' 6-max Seat #1 is the button
Seat 1: zdaz1 ($5.19 in chips) 
Seat 2: alesha566 ($5.94 in chips) 
Seat 3: HubertusB ($6.56 in chips) 
Seat 4: Mitusha666 ($5.15 in chips) 
Seat 5: Vegetarian93 ($6.43 in chips) 
Seat 6: Robstarr7 ($6.92 in chips) 
alesha566: posts small blind $0.02
HubertusB: posts big blind $0.05
*** HOLE CARDS ***
Dealt to HubertusB [6d 3h]
Mitusha666: folds 
Vegetarian93: raises $0.09 to $0.14
Robstarr7: folds 
zdaz1: folds 
alesha566: folds 
HubertusB: folds 
Uncalled bet ($0.09) returned to Vegetarian93
Vegetarian93 collected $0.12 from pot
Vegetarian93: doesn't show hand 
*** SUMMARY ***
Total pot $0.12 | Rake $0 
Seat 1: zdaz1 (button) folded before Flop (didn't bet)
Seat 2: alesha566 (small blind) folded before Flop
Seat 3: HubertusB (big blind) folded before Flop
Seat 4: Mitusha666 folded before Flop (didn't bet)
Seat 5: Vegetarian93 collected ($0.12)
Seat 6: Robstarr7 folded before Flop (didn't bet)



PokerStars Zoom Hand #186523653301:  Hold'em No Limit ($0.02/$0.05) - 2018/05/17 19:47:00 CCT [2018/05/17 7:47:00 ET]
Table 'Donati' 6-max Seat #1 is the button
Seat 1: Max1k1nG1212 ($9.59 in chips) 
Seat 2: Mitusha666 ($5.15 in chips) 
Seat 3: Ineibet ($6.71 in chips) 
Seat 4: HubertusB ($6.51 in chips) 
Seat 5: N1IL ($5.22 in chips) 
Seat 6: olleyzell ($4.68 in chips) 
Mitusha666: posts small blind $0.02
Ineibet: posts big blind $0.05
*** HOLE CARDS ***
Dealt to HubertusB [Qc 6s]
HubertusB: folds 
N1IL: folds 
olleyzell: folds 
Max1k1nG1212: folds 
Mitusha666: folds 
Uncalled bet ($0.03) returned to Ineibet
Ineibet collected $0.04 from pot
Ineibet: doesn't show hand 
*** SUMMARY ***
Total pot $0.04 | Rake $0 
Seat 1: Max1k1nG1212 (button) folded before Flop (didn't bet)
Seat 2: Mitusha666 (small blind) folded before Flop
Seat 3: Ineibet (big blind) collected ($0.04)
Seat 4: HubertusB folded before Flop (didn't bet)
Seat 5: N1IL folded before Flop (didn't bet)
Seat 6: olleyzell folded before Flop (didn't bet)



PokerStars Zoom Hand #186523656016:  Hold'em No Limit ($0.02/$0.05) - 2018/05/17 19:47:07 CCT [2018/05/17 7:47:07 ET]
Table 'Donati' 6-max Seat #1 is the button
Seat 1: andriasssse ($5 in chips) 
Seat 2: funfun55 ($6 in chips) 
Seat 3: Vegetarian93 ($6.50 in chips) 
Seat 4: Mitusha666 ($5.22 in chips) 
Seat 5: HubertusB ($6.51 in chips) 
Seat 6: PugoGrasse ($6.10 in chips) 
funfun55: posts small blind $0.02
Vegetarian93: posts big blind $0.05
*** HOLE CARDS ***
Dealt to HubertusB [9c Tc]
Mitusha666: folds 
HubertusB: raises $0.05 to $0.10
PugoGrasse: folds 
andriasssse: folds 
funfun55: calls $0.08
Vegetarian93: folds 
*** FLOP *** [9s 5c Ts]
funfun55: checks 
HubertusB: bets $0.20
funfun55: folds 
Uncalled bet ($0.20) returned to HubertusB
HubertusB collected $0.24 from pot
HubertusB: doesn't show hand 
*** SUMMARY ***
Total pot $0.25 | Rake $0.01 
Board [9s 5c Ts]
Seat 1: andriasssse (button) folded before Flop (didn't bet)
Seat 2: funfun55 (small blind) folded on the Flop
Seat 3: Vegetarian93 (big blind) folded before Flop
Seat 4: Mitusha666 folded before Flop (didn't bet)
Seat 5: HubertusB collected ($0.24)
Seat 6: PugoGrasse folded before Flop (didn't bet)



