PokerStars Zoom Hand #186522975932:  Hold'em No Limit ($0.02/$0.05) - 2018/05/17 19:16:58 CCT [2018/05/17 7:16:58 ET]
Table 'Donati' 6-max Seat #1 is the button
Seat 1: moon0828 ($10.15 in chips) 
Seat 2: Blacky1967 ($5.46 in chips) 
Seat 3: HubertusB ($5 in chips) 
Seat 4: sport300184 ($2.82 in chips) 
Seat 5: k1v0k ($7.05 in chips) 
Seat 6: Balthazar007 ($4.60 in chips) 
Blacky1967: posts small blind $0.02
HubertusB: posts big blind $0.05
*** HOLE CARDS ***
Dealt to HubertusB [Js 4h]
sport300184: folds 
k1v0k: folds 
Balthazar007: folds 
moon0828: raises $0.10 to $0.15
Blacky1967: folds 
HubertusB: folds 
Uncalled bet ($0.10) returned to moon0828
moon0828 collected $0.12 from pot
moon0828: doesn't show hand 
*** SUMMARY ***
Total pot $0.12 | Rake $0 
Seat 1: moon0828 (button) collected ($0.12)
Seat 2: Blacky1967 (small blind) folded before Flop
Seat 3: HubertusB (big blind) folded before Flop
Seat 4: sport300184 folded before Flop (didn't bet)
Seat 5: k1v0k folded before Flop (didn't bet)
Seat 6: Balthazar007 folded before Flop (didn't bet)



PokerStars Zoom Hand #186522982183:  Hold'em No Limit ($0.02/$0.05) - 2018/05/17 19:17:15 CCT [2018/05/17 7:17:15 ET]
Table 'Donati' 6-max Seat #1 is the button
Seat 1: vova270793 ($6.76 in chips) 
Seat 2: k1v0k ($5 in chips) 
Seat 3: pawel87652 ($5.18 in chips) 
Seat 4: Lydomanka ($7.32 in chips) 
Seat 5: Aleks Ryder ($8.06 in chips) 
Seat 6: HubertusB ($4.95 in chips) 
k1v0k: posts small blind $0.02
pawel87652: posts big blind $0.05
*** HOLE CARDS ***
Dealt to HubertusB [8d 9s]
Lydomanka: folds 
Aleks Ryder: folds 
HubertusB: raises $0.05 to $0.10
vova270793: folds 
k1v0k: folds 
pawel87652: folds 
Uncalled bet ($0.05) returned to HubertusB
HubertusB collected $0.12 from pot
HubertusB: doesn't show hand 
*** SUMMARY ***
Total pot $0.12 | Rake $0 
Seat 1: vova270793 (button) folded before Flop (didn't bet)
Seat 2: k1v0k (small blind) folded before Flop
Seat 3: pawel87652 (big blind) folded before Flop
Seat 4: Lydomanka folded before Flop (didn't bet)
Seat 5: Aleks Ryder folded before Flop (didn't bet)
Seat 6: HubertusB collected ($0.12)



PokerStars Zoom Hand #186522986876:  Hold'em No Limit ($0.02/$0.05) - 2018/05/17 19:17:28 CCT [2018/05/17 7:17:28 ET]
Table 'Donati' 6-max Seat #1 is the button
Seat 1: HubertusB ($5.02 in chips) 
Seat 2: k1v0k ($5 in chips) 
Seat 3: LQ Wu ($1.96 in chips) 
Seat 4: manuk333 ($5 in chips) 
Seat 5: Siorassc ($5.72 in chips) 
Seat 6: funfun55 ($5.14 in chips) 
k1v0k: posts small blind $0.02
LQ Wu: posts big blind $0.05
*** HOLE CARDS ***
Dealt to HubertusB [5d 8c]
manuk333: folds 
Siorassc: folds 
funfun55: raises $0.07 to $0.12
HubertusB: folds 
k1v0k: folds 
LQ Wu: folds 
Uncalled bet ($0.07) returned to funfun55
funfun55 collected $0.12 from pot
funfun55: doesn't show hand 
*** SUMMARY ***
Total pot $0.12 | Rake $0 
Seat 1: HubertusB (button) folded before Flop (didn't bet)
Seat 2: k1v0k (small blind) folded before Flop
Seat 3: LQ Wu (big blind) folded before Flop
Seat 4: manuk333 folded before Flop (didn't bet)
Seat 5: Siorassc folded before Flop (didn't bet)
Seat 6: funfun55 collected ($0.12)



PokerStars Zoom Hand #186522988655:  Hold'em No Limit ($0.02/$0.05) - 2018/05/17 19:17:33 CCT [2018/05/17 7:17:33 ET]
Table 'Donati' 6-max Seat #1 is the button
Seat 1: yurkevich487 ($12.63 in chips) 
Seat 2: HubertusB ($5.02 in chips) 
Seat 3: Tom_Jerry373 ($1.75 in chips) 
Seat 4: jacks550 ($4.57 in chips) 
Seat 5: mr.all in946 ($5 in chips) 
Seat 6: El Hanni ($5.40 in chips) 
HubertusB: posts small blind $0.02
Tom_Jerry373: posts big blind $0.05
*** HOLE CARDS ***
Dealt to HubertusB [Kc Kd]
jacks550: folds 
mr.all in946: folds 
El Hanni: folds 
yurkevich487: folds 
HubertusB: raises $0.05 to $0.10
Tom_Jerry373: raises $0.20 to $0.30
HubertusB: raises $4.72 to $5.02 and is all-in
Tom_Jerry373: folds 
Uncalled bet ($4.72) returned to HubertusB
HubertusB collected $0.60 from pot
HubertusB: doesn't show hand 
*** SUMMARY ***
Total pot $0.60 | Rake $0 
Seat 1: yurkevich487 (button) folded before Flop (didn't bet)
Seat 2: HubertusB (small blind) collected ($0.60)
Seat 3: Tom_Jerry373 (big blind) folded before Flop
Seat 4: jacks550 folded before Flop (didn't bet)
Seat 5: mr.all in946 folded before Flop (didn't bet)
Seat 6: El Hanni folded before Flop (didn't bet)



PokerStars Zoom Hand #186523001039:  Hold'em No Limit ($0.02/$0.05) - 2018/05/17 19:18:07 CCT [2018/05/17 7:18:07 ET]
Table 'Donati' 6-max Seat #1 is the button
Seat 1: yurkevich487 ($12.61 in chips) 
Seat 2: Schwaetzer84 ($5.79 in chips) 
Seat 3: Quorthon_Zei ($9.52 in chips) 
Seat 4: mohandes81 ($10.57 in chips) 
Seat 5: HubertusB ($5.32 in chips) 
Seat 6: Lydomanka ($5.32 in chips) 
Schwaetzer84: posts small blind $0.02
Quorthon_Zei: posts big blind $0.05
*** HOLE CARDS ***
Dealt to HubertusB [Jd 2s]
mohandes81: folds 
HubertusB: folds 
Lydomanka: folds 
yurkevich487: folds 
Schwaetzer84: folds 
Uncalled bet ($0.03) returned to Quorthon_Zei
Quorthon_Zei collected $0.04 from pot
Quorthon_Zei: doesn't show hand 
*** SUMMARY ***
Total pot $0.04 | Rake $0 
Seat 1: yurkevich487 (button) folded before Flop (didn't bet)
Seat 2: Schwaetzer84 (small blind) folded before Flop
Seat 3: Quorthon_Zei (big blind) collected ($0.04)
Seat 4: mohandes81 folded before Flop (didn't bet)
Seat 5: HubertusB folded before Flop (didn't bet)
Seat 6: Lydomanka folded before Flop (didn't bet)



PokerStars Zoom Hand #186523002942:  Hold'em No Limit ($0.02/$0.05) - 2018/05/17 19:18:12 CCT [2018/05/17 7:18:12 ET]
Table 'Donati' 6-max Seat #1 is the button
Seat 1: Araj Moon ($8.65 in chips) 
Seat 2: MoreRakePls1 ($5.77 in chips) 
Seat 3: Dmitriy1984 ($6.30 in chips) 
Seat 4: HubertusB ($5.32 in chips) 
Seat 5: pawel87652 ($5.01 in chips) 
Seat 6: zwetok ($13.51 in chips) 
MoreRakePls1: posts small blind $0.02
Dmitriy1984: posts big blind $0.05
*** HOLE CARDS ***
Dealt to HubertusB [Js Jh]
HubertusB: raises $0.05 to $0.10
pawel87652: calls $0.10
zwetok: raises $0.37 to $0.47
Araj Moon: folds 
MoreRakePls1: folds 
Dmitriy1984: folds 
HubertusB: calls $0.37
pawel87652: calls $0.37
*** FLOP *** [7c 6h 2d]
HubertusB: checks 
pawel87652: bets $0.71
zwetok: folds 
HubertusB: calls $0.71
*** TURN *** [7c 6h 2d] [5d]
HubertusB: checks 
pawel87652: bets $1.39
HubertusB: raises $2.75 to $4.14 and is all-in
pawel87652: calls $2.44 and is all-in
Uncalled bet ($0.31) returned to HubertusB
*** RIVER *** [7c 6h 2d 5d] [Td]
*** SHOW DOWN ***
HubertusB: shows [Js Jh] (a pair of Jacks)
pawel87652: shows [8h 9h] (a straight, Six to Ten)
pawel87652 collected $10.12 from pot
*** SUMMARY ***
Total pot $10.56 | Rake $0.44 
Board [7c 6h 2d 5d Td]
Seat 1: Araj Moon (button) folded before Flop (didn't bet)
Seat 2: MoreRakePls1 (small blind) folded before Flop
Seat 3: Dmitriy1984 (big blind) folded before Flop
Seat 4: HubertusB showed [Js Jh] and lost with a pair of Jacks
Seat 5: pawel87652 showed [8h 9h] and won ($10.12) with a straight, Six to Ten
Seat 6: zwetok folded on the Flop



PokerStars Zoom Hand #186523031227:  Hold'em No Limit ($0.02/$0.05) - 2018/05/17 19:19:29 CCT [2018/05/17 7:19:29 ET]
Table 'Donati' 6-max Seat #1 is the button
Seat 1: Igorsss3 ($5 in chips) 
Seat 2: Balthazar007 ($5.07 in chips) 
Seat 3: HubertusB ($0.31 in chips) 
Seat 4: tizisejo ($9.55 in chips) 
Seat 5: 3aHe$/\O ($1.24 in chips) 
Seat 6: Schwaetzer84 ($5.16 in chips) 
Balthazar007: posts small blind $0.02
HubertusB: posts big blind $0.05
*** HOLE CARDS ***
Dealt to HubertusB [Qs 6s]
tizisejo: folds 
3aHe$/\O: raises $0.08 to $0.13
Schwaetzer84: folds 
Igorsss3: folds 
Balthazar007: folds 
HubertusB: folds 
Uncalled bet ($0.08) returned to 3aHe$/\O
3aHe$/\O collected $0.12 from pot
3aHe$/\O: doesn't show hand 
*** SUMMARY ***
Total pot $0.12 | Rake $0 
Seat 1: Igorsss3 (button) folded before Flop (didn't bet)
Seat 2: Balthazar007 (small blind) folded before Flop
Seat 3: HubertusB (big blind) folded before Flop
Seat 4: tizisejo folded before Flop (didn't bet)
Seat 5: 3aHe$/\O collected ($0.12)
Seat 6: Schwaetzer84 folded before Flop (didn't bet)



PokerStars Zoom Hand #186523036310:  Hold'em No Limit ($0.02/$0.05) - 2018/05/17 19:19:43 CCT [2018/05/17 7:19:43 ET]
Table 'Donati' 6-max Seat #1 is the button
Seat 1: jaanis1983 ($6.74 in chips) 
Seat 2: Gevron ($7.67 in chips) 
Seat 3: RobertMoog ($5 in chips) 
Seat 4: jacks550 ($3.65 in chips) 
Seat 5: Tom_Jerry373 ($2.74 in chips) 
Seat 6: HubertusB ($0.26 in chips) 
Gevron: posts small blind $0.02
RobertMoog: posts big blind $0.05
*** HOLE CARDS ***
Dealt to HubertusB [5h 5d]
jacks550: folds 
Tom_Jerry373: folds 
HubertusB: raises $0.21 to $0.26 and is all-in
jaanis1983: folds 
Gevron: folds 
RobertMoog: folds 
Uncalled bet ($0.21) returned to HubertusB
HubertusB collected $0.12 from pot
HubertusB: doesn't show hand 
*** SUMMARY ***
Total pot $0.12 | Rake $0 
Seat 1: jaanis1983 (button) folded before Flop (didn't bet)
Seat 2: Gevron (small blind) folded before Flop
Seat 3: RobertMoog (big blind) folded before Flop
Seat 4: jacks550 folded before Flop (didn't bet)
Seat 5: Tom_Jerry373 folded before Flop (didn't bet)
Seat 6: HubertusB collected ($0.12)



PokerStars Zoom Hand #186523047740:  Hold'em No Limit ($0.02/$0.05) - 2018/05/17 19:20:14 CCT [2018/05/17 7:20:14 ET]
Table 'Donati' 6-max Seat #1 is the button
Seat 1: Igorsss3 ($5.34 in chips) 
Seat 2: HubertusB ($0.33 in chips) 
Seat 3: dekabrist185 ($5.70 in chips) 
Seat 4: 1Sania1 ($5.72 in chips) 
Seat 5: Blacky1967 ($5.74 in chips) 
Seat 6: justasheep20 ($12.78 in chips) 
HubertusB: posts small blind $0.02
dekabrist185: posts big blind $0.05
*** HOLE CARDS ***
Dealt to HubertusB [Qh 6d]
1Sania1: folds 
Blacky1967: folds 
justasheep20: folds 
Igorsss3: raises $0.05 to $0.10
HubertusB: folds 
dekabrist185: folds 
Uncalled bet ($0.05) returned to Igorsss3
Igorsss3 collected $0.12 from pot
Igorsss3: doesn't show hand 
*** SUMMARY ***
Total pot $0.12 | Rake $0 
Seat 1: Igorsss3 (button) collected ($0.12)
Seat 2: HubertusB (small blind) folded before Flop
Seat 3: dekabrist185 (big blind) folded before Flop
Seat 4: 1Sania1 folded before Flop (didn't bet)
Seat 5: Blacky1967 folded before Flop (didn't bet)
Seat 6: justasheep20 folded before Flop (didn't bet)



PokerStars Zoom Hand #186523053578:  Hold'em No Limit ($0.02/$0.05) - 2018/05/17 19:20:30 CCT [2018/05/17 7:20:30 ET]
Table 'Donati' 6-max Seat #1 is the button
Seat 1: Krawicz ($5.60 in chips) 
Seat 2: offuca ($6.05 in chips) 
Seat 3: tty1214 ($9.87 in chips) 
Seat 4: justasheep20 ($13.75 in chips) 
Seat 5: HubertusB ($0.31 in chips) 
Seat 6: evGHENII85 ($9.82 in chips) 
offuca: posts small blind $0.02
tty1214: posts big blind $0.05
*** HOLE CARDS ***
Dealt to HubertusB [Kh Ts]
justasheep20: folds 
HubertusB: raises $0.26 to $0.31 and is all-in
evGHENII85: folds 
Krawicz: folds 
offuca: folds 
tty1214: calls $0.26
*** FLOP *** [Jd 9h 4d]
*** TURN *** [Jd 9h 4d] [As]
*** RIVER *** [Jd 9h 4d As] [Ks]
*** SHOW DOWN ***
tty1214: shows [8c 8s] (a pair of Eights)
HubertusB: shows [Kh Ts] (a pair of Kings)
HubertusB collected $0.61 from pot
*** SUMMARY ***
Total pot $0.64 | Rake $0.03 
Board [Jd 9h 4d As Ks]
Seat 1: Krawicz (button) folded before Flop (didn't bet)
Seat 2: offuca (small blind) folded before Flop
Seat 3: tty1214 (big blind) showed [8c 8s] and lost with a pair of Eights
Seat 4: justasheep20 folded before Flop (didn't bet)
Seat 5: HubertusB showed [Kh Ts] and won ($0.61) with a pair of Kings
Seat 6: evGHENII85 folded before Flop (didn't bet)



PokerStars Zoom Hand #186523050582:  Hold'em No Limit ($0.02/$0.05) - 2018/05/17 19:20:22 CCT [2018/05/17 7:20:22 ET]
Table 'Donati' 6-max Seat #1 is the button
Seat 1: HubertusB ($0.31 in chips) 
Seat 2: k1v0k ($6.45 in chips) 
Seat 3: GreenBir ($9.16 in chips) 
Seat 4: balosstone ($6.04 in chips) 
Seat 5: mohandes81 ($29.10 in chips) 
Seat 6: SerVilliam ($16.26 in chips) 
k1v0k: posts small blind $0.02
GreenBir: posts big blind $0.05
*** HOLE CARDS ***
Dealt to HubertusB [9c 5h]
balosstone: calls $0.05
mohandes81: raises $0.15 to $0.20
SerVilliam: folds 
HubertusB: folds 
k1v0k: folds 
GreenBir: folds 
balosstone: calls $0.15
*** FLOP *** [Ac 8d Jc]
balosstone: checks 
mohandes81: bets $0.25
balosstone: raises $0.65 to $0.90
mohandes81: folds 
Uncalled bet ($0.65) returned to balosstone
balosstone collected $0.93 from pot
balosstone: doesn't show hand 
*** SUMMARY ***
Total pot $0.97 | Rake $0.04 
Board [Ac 8d Jc]
Seat 1: HubertusB (button) folded before Flop (didn't bet)
Seat 2: k1v0k (small blind) folded before Flop
Seat 3: GreenBir (big blind) folded before Flop
Seat 4: balosstone collected ($0.93)
Seat 5: mohandes81 folded on the Flop
Seat 6: SerVilliam folded before Flop (didn't bet)



PokerStars Zoom Hand #186523061806:  Hold'em No Limit ($0.02/$0.05) - 2018/05/17 19:20:53 CCT [2018/05/17 7:20:53 ET]
Table 'Donati' 6-max Seat #1 is the button
Seat 1: HubertusB ($0.61 in chips) 
Seat 2: uviol ($17.98 in chips) 
Seat 3: Magianna ($2.74 in chips) 
Seat 4: edger4013 ($5.75 in chips) 
Seat 5: Break0123 ($5 in chips) 
Seat 6: Only_Vizard ($5 in chips) 
uviol: posts small blind $0.02
Magianna: posts big blind $0.05
*** HOLE CARDS ***
Dealt to HubertusB [7d 9s]
edger4013: folds 
Break0123: folds 
Only_Vizard: folds 
HubertusB: raises $0.10 to $0.15
uviol: raises $17.83 to $17.98 and is all-in
Magianna: folds 
HubertusB: folds 
Uncalled bet ($17.83) returned to uviol
uviol collected $0.35 from pot
uviol: doesn't show hand 
*** SUMMARY ***
Total pot $0.35 | Rake $0 
Seat 1: HubertusB (button) folded before Flop
Seat 2: uviol (small blind) collected ($0.35)
Seat 3: Magianna (big blind) folded before Flop
Seat 4: edger4013 folded before Flop (didn't bet)
Seat 5: Break0123 folded before Flop (didn't bet)
Seat 6: Only_Vizard folded before Flop (didn't bet)



PokerStars Zoom Hand #186523069006:  Hold'em No Limit ($0.02/$0.05) - 2018/05/17 19:21:12 CCT [2018/05/17 7:21:12 ET]
Table 'Donati' 6-max Seat #1 is the button
Seat 1: m4ri4kky ($5.84 in chips) 
Seat 2: Game123King ($5 in chips) 
Seat 3: HubertusB ($0.46 in chips) 
Seat 4: Marat020775 ($5.67 in chips) 
Seat 5: artem1103072 ($4.93 in chips) 
Seat 6: offuca ($18.58 in chips) 
Game123King: posts small blind $0.02
HubertusB: posts big blind $0.05
*** HOLE CARDS ***
Dealt to HubertusB [7c Td]
Marat020775: folds 
artem1103072: folds 
offuca: raises $0.10 to $0.15
m4ri4kky: folds 
Game123King: folds 
HubertusB: raises $0.31 to $0.46 and is all-in
offuca: folds 
Uncalled bet ($0.31) returned to HubertusB
HubertusB collected $0.32 from pot
HubertusB: doesn't show hand 
*** SUMMARY ***
Total pot $0.32 | Rake $0 
Seat 1: m4ri4kky (button) folded before Flop (didn't bet)
Seat 2: Game123King (small blind) folded before Flop
Seat 3: HubertusB (big blind) collected ($0.32)
Seat 4: Marat020775 folded before Flop (didn't bet)
Seat 5: artem1103072 folded before Flop (didn't bet)
Seat 6: offuca folded before Flop



PokerStars Zoom Hand #186523080026:  Hold'em No Limit ($0.02/$0.05) - 2018/05/17 19:21:42 CCT [2018/05/17 7:21:42 ET]
Table 'Donati' 6-max Seat #1 is the button
Seat 1: Break0123 ($5.02 in chips) 
Seat 2: Sergey25934 ($4.04 in chips) 
Seat 3: PeNikDol ($3.67 in chips) 
Seat 4: Nikolay.S :D ($3.02 in chips) 
Seat 5: HubertusB ($0.61 in chips) 
Seat 6: zwetok ($16.82 in chips) 
Sergey25934: posts small blind $0.02
PeNikDol: posts big blind $0.05
*** HOLE CARDS ***
Dealt to HubertusB [6s 9h]
Nikolay.S :D: folds 
HubertusB: folds 
zwetok: folds 
Break0123: folds 
Sergey25934: folds 
Uncalled bet ($0.03) returned to PeNikDol
PeNikDol collected $0.04 from pot
PeNikDol: doesn't show hand 
*** SUMMARY ***
Total pot $0.04 | Rake $0 
Seat 1: Break0123 (button) folded before Flop (didn't bet)
Seat 2: Sergey25934 (small blind) folded before Flop
Seat 3: PeNikDol (big blind) collected ($0.04)
Seat 4: Nikolay.S :D folded before Flop (didn't bet)
Seat 5: HubertusB folded before Flop (didn't bet)
Seat 6: zwetok folded before Flop (didn't bet)



PokerStars Zoom Hand #186523077803:  Hold'em No Limit ($0.02/$0.05) - 2018/05/17 19:21:36 CCT [2018/05/17 7:21:36 ET]
Table 'Donati' 6-max Seat #1 is the button
Seat 1: 1Sania1 ($13.55 in chips) 
Seat 2: HubertusB ($0.63 in chips) 
Seat 3: jglaydsonss ($4.97 in chips) 
Seat 4: dekabrist185 ($3.30 in chips) 
Seat 5: MassiveAttac ($5.43 in chips) 
Seat 6: jacks550 ($8.28 in chips) 
HubertusB: posts small blind $0.02
jglaydsonss: posts big blind $0.05
*** HOLE CARDS ***
Dealt to HubertusB [Js 5s]
dekabrist185: raises $0.10 to $0.15
MassiveAttac: folds 
jacks550: folds 
1Sania1: calls $0.15
HubertusB: folds 
jglaydsonss: folds 
*** FLOP *** [6d 7c Qc]
dekabrist185: bets $0.18
1Sania1: calls $0.18
*** TURN *** [6d 7c Qc] [8s]
dekabrist185: bets $0.20
1Sania1: raises $0.73 to $0.93
dekabrist185: folds 
Uncalled bet ($0.73) returned to 1Sania1
1Sania1 collected $1.08 from pot
1Sania1: doesn't show hand 
*** SUMMARY ***
Total pot $1.13 | Rake $0.05 
Board [6d 7c Qc 8s]
Seat 1: 1Sania1 (button) collected ($1.08)
Seat 2: HubertusB (small blind) folded before Flop
Seat 3: jglaydsonss (big blind) folded before Flop
Seat 4: dekabrist185 folded on the Turn
Seat 5: MassiveAttac folded before Flop (didn't bet)
Seat 6: jacks550 folded before Flop (didn't bet)



PokerStars Zoom Hand #186523081889:  Hold'em No Limit ($0.02/$0.05) - 2018/05/17 19:21:47 CCT [2018/05/17 7:21:47 ET]
Table 'Donati' 6-max Seat #1 is the button
Seat 1: justasheep20 ($13.25 in chips) 
Seat 2: kang1y ($10.50 in chips) 
Seat 3: aDYTKINa ($5.53 in chips) 
Seat 4: fredpin43 ($0.29 in chips) 
Seat 5: marah77 ($5.33 in chips) 
Seat 6: HubertusB ($0.61 in chips) 
kang1y: posts small blind $0.02
aDYTKINa: posts big blind $0.05
*** HOLE CARDS ***
Dealt to HubertusB [Qh Kc]
fredpin43: folds 
marah77: folds 
HubertusB: raises $0.05 to $0.10
justasheep20: folds 
kang1y: raises $0.36 to $0.46
aDYTKINa: folds 
HubertusB: raises $0.15 to $0.61 and is all-in
kang1y: calls $0.15
*** FLOP *** [2c 9s 2h]
*** TURN *** [2c 9s 2h] [6s]
*** RIVER *** [2c 9s 2h 6s] [Js]
*** SHOW DOWN ***
kang1y: shows [2d Ad] (three of a kind, Deuces)
HubertusB: shows [Qh Kc] (a pair of Deuces)
kang1y collected $1.22 from pot
*** SUMMARY ***
Total pot $1.27 | Rake $0.05 
Board [2c 9s 2h 6s Js]
Seat 1: justasheep20 (button) folded before Flop (didn't bet)
Seat 2: kang1y (small blind) showed [2d Ad] and won ($1.22) with three of a kind, Deuces
Seat 3: aDYTKINa (big blind) folded before Flop
Seat 4: fredpin43 folded before Flop (didn't bet)
Seat 5: marah77 folded before Flop (didn't bet)
Seat 6: HubertusB showed [Qh Kc] and lost with a pair of Deuces



PokerStars Zoom Hand #186523097817:  Hold'em No Limit ($0.02/$0.05) - 2018/05/17 19:22:30 CCT [2018/05/17 7:22:30 ET]
Table 'Donati' 6-max Seat #1 is the button
Seat 1: Truth711 ($5.27 in chips) 
Seat 2: GRizlik14 ($5.15 in chips) 
Seat 3: HSGVB81 ($6.80 in chips) 
Seat 4: HubertusB ($5 in chips) 
Seat 5: Archangel226 ($5 in chips) 
Seat 6: mohandes81 ($12.68 in chips) 
GRizlik14: posts small blind $0.02
HSGVB81: posts big blind $0.05
*** HOLE CARDS ***
Dealt to HubertusB [Ts Td]
HubertusB: raises $0.05 to $0.10
Archangel226: folds 
mohandes81: folds 
Truth711: folds 
GRizlik14: folds 
HSGVB81: folds 
Uncalled bet ($0.05) returned to HubertusB
HubertusB collected $0.12 from pot
HubertusB: doesn't show hand 
*** SUMMARY ***
Total pot $0.12 | Rake $0 
Seat 1: Truth711 (button) folded before Flop (didn't bet)
Seat 2: GRizlik14 (small blind) folded before Flop
Seat 3: HSGVB81 (big blind) folded before Flop
Seat 4: HubertusB collected ($0.12)
Seat 5: Archangel226 folded before Flop (didn't bet)
Seat 6: mohandes81 folded before Flop (didn't bet)



PokerStars Zoom Hand #186523109741:  Hold'em No Limit ($0.02/$0.05) - 2018/05/17 19:23:02 CCT [2018/05/17 7:23:02 ET]
Table 'Donati' 6-max Seat #1 is the button
Seat 1: Kruzer20 ($13.97 in chips) 
Seat 2: Lydomanka ($5.35 in chips) 
Seat 3: HubertusB ($5.05 in chips) 
Seat 4: TheFibonachi ($5.88 in chips) 
Seat 5: El Hanni ($4.98 in chips) 
Seat 6: pawel87652 ($9.30 in chips) 
Lydomanka: posts small blind $0.02
HubertusB: posts big blind $0.05
*** HOLE CARDS ***
Dealt to HubertusB [Qh 4d]
TheFibonachi: folds 
El Hanni: folds 
pawel87652: folds 
Kruzer20: folds 
Lydomanka: folds 
Uncalled bet ($0.03) returned to HubertusB
HubertusB collected $0.04 from pot
HubertusB: doesn't show hand 
*** SUMMARY ***
Total pot $0.04 | Rake $0 
Seat 1: Kruzer20 (button) folded before Flop (didn't bet)
Seat 2: Lydomanka (small blind) folded before Flop
Seat 3: HubertusB (big blind) collected ($0.04)
Seat 4: TheFibonachi folded before Flop (didn't bet)
Seat 5: El Hanni folded before Flop (didn't bet)
Seat 6: pawel87652 folded before Flop (didn't bet)



PokerStars Zoom Hand #186523105648:  Hold'em No Limit ($0.02/$0.05) - 2018/05/17 19:22:51 CCT [2018/05/17 7:22:51 ET]
Table 'Donati' 6-max Seat #1 is the button
Seat 1: lefgr80 ($5.84 in chips) 
Seat 2: Schwaetzer84 ($5.56 in chips) 
Seat 3: KinG_T1427 ($5.94 in chips) 
Seat 4: HubertusB ($5.07 in chips) 
Seat 5: Michl1969 ($6.20 in chips) 
Seat 6: edger4013 ($7.37 in chips) 
Schwaetzer84: posts small blind $0.02
KinG_T1427: posts big blind $0.05
*** HOLE CARDS ***
Dealt to HubertusB [8d 4d]
HubertusB: folds 
Michl1969: calls $0.05
edger4013: folds 
lefgr80: folds 
Schwaetzer84: folds 
KinG_T1427: checks 
*** FLOP *** [9s 5d Qd]
KinG_T1427: checks 
Michl1969: bets $0.10
KinG_T1427: folds 
Uncalled bet ($0.10) returned to Michl1969
Michl1969 collected $0.12 from pot
Michl1969: doesn't show hand 
*** SUMMARY ***
Total pot $0.12 | Rake $0 
Board [9s 5d Qd]
Seat 1: lefgr80 (button) folded before Flop (didn't bet)
Seat 2: Schwaetzer84 (small blind) folded before Flop
Seat 3: KinG_T1427 (big blind) folded on the Flop
Seat 4: HubertusB folded before Flop (didn't bet)
Seat 5: Michl1969 collected ($0.12)
Seat 6: edger4013 folded before Flop (didn't bet)



PokerStars Zoom Hand #186523107862:  Hold'em No Limit ($0.02/$0.05) - 2018/05/17 19:22:57 CCT [2018/05/17 7:22:57 ET]
Table 'Donati' 6-max Seat #1 is the button
Seat 1: Only_Vizard ($5.09 in chips) 
Seat 2: HubertusB ($5.07 in chips) 
Seat 3: MetaTrader4 ($5.37 in chips) 
Seat 4: jaanis1983 ($5.53 in chips) 
Seat 5: mishu415 ($5.07 in chips) 
Seat 6: edger4013 ($5 in chips) 
HubertusB: posts small blind $0.02
MetaTrader4: posts big blind $0.05
*** HOLE CARDS ***
Dealt to HubertusB [8h 6c]
jaanis1983: raises $0.10 to $0.15
mishu415: folds 
edger4013: folds 
Only_Vizard: folds 
HubertusB: folds 
MetaTrader4: calls $0.10
*** FLOP *** [9h 3d 8s]
MetaTrader4: checks 
jaanis1983: checks 
*** TURN *** [9h 3d 8s] [Kc]
MetaTrader4: checks 
jaanis1983: checks 
*** RIVER *** [9h 3d 8s Kc] [Js]
MetaTrader4: checks 
jaanis1983: bets $0.16
MetaTrader4: folds 
Uncalled bet ($0.16) returned to jaanis1983
jaanis1983 collected $0.31 from pot
jaanis1983: doesn't show hand 
*** SUMMARY ***
Total pot $0.32 | Rake $0.01 
Board [9h 3d 8s Kc Js]
Seat 1: Only_Vizard (button) folded before Flop (didn't bet)
Seat 2: HubertusB (small blind) folded before Flop
Seat 3: MetaTrader4 (big blind) folded on the River
Seat 4: jaanis1983 collected ($0.31)
Seat 5: mishu415 folded before Flop (didn't bet)
Seat 6: edger4013 folded before Flop (didn't bet)



PokerStars Zoom Hand #186523112724:  Hold'em No Limit ($0.02/$0.05) - 2018/05/17 19:23:10 CCT [2018/05/17 7:23:10 ET]
Table 'Donati' 6-max Seat #1 is the button
Seat 1: HubertusB ($5.07 in chips) 
Seat 2: edger4013 ($5 in chips) 
Seat 3: AB5OLUTI0N ($5 in chips) 
Seat 4: AllIKnowIs0 ($5.25 in chips) 
Seat 5: evGHENII85 ($9.59 in chips) 
Seat 6: Genisys11 ($6.80 in chips) 
edger4013: posts small blind $0.02
AB5OLUTI0N: posts big blind $0.05
*** HOLE CARDS ***
Dealt to HubertusB [Tc Jc]
AllIKnowIs0: folds 
evGHENII85: raises $0.10 to $0.15
Genisys11: folds 
HubertusB: calls $0.15
edger4013: folds 
AB5OLUTI0N: folds 
*** FLOP *** [7h Qh 3s]
evGHENII85: checks 
HubertusB: bets $0.20
evGHENII85: folds 
Uncalled bet ($0.20) returned to HubertusB
HubertusB collected $0.35 from pot
HubertusB: doesn't show hand 
*** SUMMARY ***
Total pot $0.37 | Rake $0.02 
Board [7h Qh 3s]
Seat 1: HubertusB (button) collected ($0.35)
Seat 2: edger4013 (small blind) folded before Flop
Seat 3: AB5OLUTI0N (big blind) folded before Flop
Seat 4: AllIKnowIs0 folded before Flop (didn't bet)
Seat 5: evGHENII85 folded on the Flop
Seat 6: Genisys11 folded before Flop (didn't bet)



PokerStars Zoom Hand #186523124565:  Hold'em No Limit ($0.02/$0.05) - 2018/05/17 19:23:42 CCT [2018/05/17 7:23:42 ET]
Table 'Donati' 6-max Seat #1 is the button
Seat 1: OldDiesel87 ($4.88 in chips) 
Seat 2: jacks550 ($3.81 in chips) 
Seat 3: Mitusha666 ($5 in chips) 
Seat 4: bbaty123 ($5 in chips) 
Seat 5: Siorassc ($6.30 in chips) 
Seat 6: HubertusB ($5.27 in chips) 
jacks550: posts small blind $0.02
Mitusha666: posts big blind $0.05
*** HOLE CARDS ***
Dealt to HubertusB [Tc Ad]
bbaty123: folds 
Siorassc: folds 
HubertusB: raises $0.05 to $0.10
OldDiesel87: folds 
jacks550: folds 
Mitusha666: folds 
Uncalled bet ($0.05) returned to HubertusB
HubertusB collected $0.12 from pot
HubertusB: doesn't show hand 
*** SUMMARY ***
Total pot $0.12 | Rake $0 
Seat 1: OldDiesel87 (button) folded before Flop (didn't bet)
Seat 2: jacks550 (small blind) folded before Flop
Seat 3: Mitusha666 (big blind) folded before Flop
Seat 4: bbaty123 folded before Flop (didn't bet)
Seat 5: Siorassc folded before Flop (didn't bet)
Seat 6: HubertusB collected ($0.12)



PokerStars Zoom Hand #186523132372:  Hold'em No Limit ($0.02/$0.05) - 2018/05/17 19:24:03 CCT [2018/05/17 7:24:03 ET]
Table 'Donati' 6-max Seat #1 is the button
Seat 1: gubben57 ($5.30 in chips) 
Seat 2: MistyStar918 ($5.42 in chips) 
Seat 3: Kent77a ($4.44 in chips) 
Seat 4: Shamaxxx ($6.87 in chips) 
Seat 5: HubertusB ($5.34 in chips) 
Seat 6: Sitela ($5 in chips) 
MistyStar918: posts small blind $0.02
Kent77a: posts big blind $0.05
*** HOLE CARDS ***
Dealt to HubertusB [8h 4h]
Shamaxxx: folds 
HubertusB: raises $0.05 to $0.10
Sitela: folds 
gubben57: folds 
MistyStar918: folds 
Kent77a: folds 
Uncalled bet ($0.05) returned to HubertusB
HubertusB collected $0.12 from pot
HubertusB: doesn't show hand 
*** SUMMARY ***
Total pot $0.12 | Rake $0 
Seat 1: gubben57 (button) folded before Flop (didn't bet)
Seat 2: MistyStar918 (small blind) folded before Flop
Seat 3: Kent77a (big blind) folded before Flop
Seat 4: Shamaxxx folded before Flop (didn't bet)
Seat 5: HubertusB collected ($0.12)
Seat 6: Sitela folded before Flop (didn't bet)



PokerStars Zoom Hand #186523130902:  Hold'em No Limit ($0.02/$0.05) - 2018/05/17 19:23:59 CCT [2018/05/17 7:23:59 ET]
Table 'Donati' 6-max Seat #1 is the button
Seat 1: georgetsn ($4.27 in chips) 
Seat 2: Shamaxxx ($5.80 in chips) 
Seat 3: TheFibonachi ($4.09 in chips) 
Seat 4: HubertusB ($5.34 in chips) 
Seat 5: bushik19 ($5.14 in chips) 
Seat 6: Archangel226 ($5.62 in chips) 
Shamaxxx: posts small blind $0.02
TheFibonachi: posts big blind $0.05
*** HOLE CARDS ***
Dealt to HubertusB [5d 3h]
HubertusB: folds 
bushik19: raises $0.10 to $0.15
Archangel226: folds 
georgetsn: calls $0.15
Shamaxxx: folds 
TheFibonachi: folds 
*** FLOP *** [5c Jc Kd]
bushik19: checks 
georgetsn: bets $0.35
bushik19: calls $0.35
*** TURN *** [5c Jc Kd] [9s]
bushik19: checks 
georgetsn: checks 
*** RIVER *** [5c Jc Kd 9s] [6s]
bushik19: checks 
georgetsn: bets $2.45
bushik19: folds 
Uncalled bet ($2.45) returned to georgetsn
georgetsn collected $1.03 from pot
georgetsn: doesn't show hand 
*** SUMMARY ***
Total pot $1.07 | Rake $0.04 
Board [5c Jc Kd 9s 6s]
Seat 1: georgetsn (button) collected ($1.03)
Seat 2: Shamaxxx (small blind) folded before Flop
Seat 3: TheFibonachi (big blind) folded before Flop
Seat 4: HubertusB folded before Flop (didn't bet)
Seat 5: bushik19 folded on the River
Seat 6: Archangel226 folded before Flop (didn't bet)



PokerStars Zoom Hand #186523140141:  Hold'em No Limit ($0.02/$0.05) - 2018/05/17 19:24:24 CCT [2018/05/17 7:24:24 ET]
Table 'Donati' 6-max Seat #1 is the button
Seat 1: Magianna ($2.50 in chips) 
Seat 2: m4ri4kky ($5.93 in chips) 
Seat 3: HubertusB ($5.41 in chips) 
Seat 4: Maoochan ($5 in chips) 
Seat 5: arturs1996 ($8.81 in chips) 
Seat 6: JaguarBLR ($5 in chips) 
m4ri4kky: posts small blind $0.02
HubertusB: posts big blind $0.05
*** HOLE CARDS ***
Dealt to HubertusB [3h 6d]
Maoochan: raises $0.10 to $0.15
arturs1996: calls $0.15
JaguarBLR: folds 
Magianna: folds 
m4ri4kky: folds 
HubertusB: folds 
*** FLOP *** [7c 8d 7s]
Maoochan: checks 
arturs1996: checks 
*** TURN *** [7c 8d 7s] [9c]
Maoochan: checks 
arturs1996: bets $0.18
Maoochan: folds 
Uncalled bet ($0.18) returned to arturs1996
arturs1996 collected $0.35 from pot
arturs1996: doesn't show hand 
*** SUMMARY ***
Total pot $0.37 | Rake $0.02 
Board [7c 8d 7s 9c]
Seat 1: Magianna (button) folded before Flop (didn't bet)
Seat 2: m4ri4kky (small blind) folded before Flop
Seat 3: HubertusB (big blind) folded before Flop
Seat 4: Maoochan folded on the Turn
Seat 5: arturs1996 collected ($0.35)
Seat 6: JaguarBLR folded before Flop (didn't bet)



PokerStars Zoom Hand #186523143817:  Hold'em No Limit ($0.02/$0.05) - 2018/05/17 19:24:34 CCT [2018/05/17 7:24:34 ET]
Table 'Donati' 6-max Seat #1 is the button
Seat 1: HubertusB ($5.36 in chips) 
Seat 2: gnusmeister77 ($6.04 in chips) 
Seat 3: Gennadich80 ($1.21 in chips) 
Seat 4: Faied123 ($5 in chips) 
Seat 5: drk55 ($6.11 in chips) 
Seat 6: Punzzzer ($5 in chips) 
gnusmeister77: posts small blind $0.02
Gennadich80: posts big blind $0.05
*** HOLE CARDS ***
Dealt to HubertusB [Ad 6s]
Faied123: folds 
drk55: folds 
Punzzzer: raises $0.10 to $0.15
HubertusB: raises $0.30 to $0.45
gnusmeister77: folds 
Gennadich80: folds 
Punzzzer: raises $0.55 to $1
HubertusB: folds 
Uncalled bet ($0.55) returned to Punzzzer
Punzzzer collected $0.97 from pot
Punzzzer: doesn't show hand 
*** SUMMARY ***
Total pot $0.97 | Rake $0 
Seat 1: HubertusB (button) folded before Flop
Seat 2: gnusmeister77 (small blind) folded before Flop
Seat 3: Gennadich80 (big blind) folded before Flop
Seat 4: Faied123 folded before Flop (didn't bet)
Seat 5: drk55 folded before Flop (didn't bet)
Seat 6: Punzzzer collected ($0.97)



PokerStars Zoom Hand #186523157116:  Hold'em No Limit ($0.02/$0.05) - 2018/05/17 19:25:10 CCT [2018/05/17 7:25:10 ET]
Table 'Donati' 6-max Seat #1 is the button
Seat 1: vaskovasic ($8.81 in chips) 
Seat 2: HubertusB ($4.91 in chips) 
Seat 3: j0rdi4 ($5.42 in chips) 
Seat 4: mohandes81 ($13.19 in chips) 
Seat 5: mnml478 ($5.96 in chips) 
Seat 6: drk55 ($5 in chips) 
HubertusB: posts small blind $0.02
j0rdi4: posts big blind $0.05
*** HOLE CARDS ***
Dealt to HubertusB [Ad 3h]
mohandes81: raises $0.10 to $0.15
mnml478: calls $0.15
drk55: folds 
vaskovasic: folds 
HubertusB: folds 
j0rdi4: folds 
*** FLOP *** [2c Jd Qs]
mohandes81: bets $0.20
mnml478: folds 
Uncalled bet ($0.20) returned to mohandes81
mohandes81 collected $0.35 from pot
mohandes81: doesn't show hand 
*** SUMMARY ***
Total pot $0.37 | Rake $0.02 
Board [2c Jd Qs]
Seat 1: vaskovasic (button) folded before Flop (didn't bet)
Seat 2: HubertusB (small blind) folded before Flop
Seat 3: j0rdi4 (big blind) folded before Flop
Seat 4: mohandes81 collected ($0.35)
Seat 5: mnml478 folded on the Flop
Seat 6: drk55 folded before Flop (didn't bet)



PokerStars Zoom Hand #186523159352:  Hold'em No Limit ($0.02/$0.05) - 2018/05/17 19:25:16 CCT [2018/05/17 7:25:16 ET]
Table 'Donati' 6-max Seat #1 is the button
Seat 1: Blacky1967 ($5.46 in chips) 
Seat 2: Fearless949 ($6.03 in chips) 
Seat 3: AbraRoy ($5.07 in chips) 
Seat 4: Adlerro ($6.28 in chips) 
Seat 5: vova270793 ($8.61 in chips) 
Seat 6: HubertusB ($4.89 in chips) 
Fearless949: posts small blind $0.02
AbraRoy: posts big blind $0.05
*** HOLE CARDS ***
Dealt to HubertusB [Ah 3h]
Adlerro: folds 
vova270793: folds 
HubertusB: raises $0.05 to $0.10
Blacky1967: folds 
Fearless949: raises $0.32 to $0.42
AbraRoy: folds 
HubertusB: raises $0.53 to $0.95
Fearless949: calls $0.53
*** FLOP *** [9s 8h Jh]
Fearless949: checks 
HubertusB: bets $0.65
Fearless949: calls $0.65
*** TURN *** [9s 8h Jh] [4c]
Fearless949: checks 
HubertusB: bets $3.29 and is all-in
Fearless949: calls $3.29
*** RIVER *** [9s 8h Jh 4c] [Kc]
*** SHOW DOWN ***
Fearless949: shows [Qs Qh] (a pair of Queens)
HubertusB: shows [Ah 3h] (high card Ace)
Fearless949 collected $9.42 from pot
*** SUMMARY ***
Total pot $9.83 | Rake $0.41 
Board [9s 8h Jh 4c Kc]
Seat 1: Blacky1967 (button) folded before Flop (didn't bet)
Seat 2: Fearless949 (small blind) showed [Qs Qh] and won ($9.42) with a pair of Queens
Seat 3: AbraRoy (big blind) folded before Flop
Seat 4: Adlerro folded before Flop (didn't bet)
Seat 5: vova270793 folded before Flop (didn't bet)
Seat 6: HubertusB showed [Ah 3h] and lost with high card Ace



PokerStars Zoom Hand #186523177756:  Hold'em No Limit ($0.02/$0.05) - 2018/05/17 19:26:05 CCT [2018/05/17 7:26:05 ET]
Table 'Donati' 6-max Seat #1 is the button
Seat 1: L.Lucete ($6.16 in chips) 
Seat 2: mohandes81 ($28.85 in chips) 
Seat 3: Papa_Prey ($5.18 in chips) 
Seat 4: quelopariooo ($5.14 in chips) 
Seat 5: HubertusB ($5 in chips) 
Seat 6: tty1214 ($9.60 in chips) 
mohandes81: posts small blind $0.02
Papa_Prey: posts big blind $0.05
*** HOLE CARDS ***
Dealt to HubertusB [Ah Qc]
quelopariooo: calls $0.05
HubertusB: raises $0.20 to $0.25
tty1214: folds 
L.Lucete: folds 
mohandes81: folds 
Papa_Prey: folds 
quelopariooo: calls $0.20
*** FLOP *** [5h 7h Jh]
quelopariooo: checks 
HubertusB: bets $0.35
quelopariooo: folds 
Uncalled bet ($0.35) returned to HubertusB
HubertusB collected $0.55 from pot
HubertusB: doesn't show hand 
*** SUMMARY ***
Total pot $0.57 | Rake $0.02 
Board [5h 7h Jh]
Seat 1: L.Lucete (button) folded before Flop (didn't bet)
Seat 2: mohandes81 (small blind) folded before Flop
Seat 3: Papa_Prey (big blind) folded before Flop
Seat 4: quelopariooo folded on the Flop
Seat 5: HubertusB collected ($0.55)
Seat 6: tty1214 folded before Flop (didn't bet)



PokerStars Zoom Hand #186523188102:  Hold'em No Limit ($0.02/$0.05) - 2018/05/17 19:26:33 CCT [2018/05/17 7:26:33 ET]
Table 'Donati' 6-max Seat #1 is the button
Seat 1: RobertMoog ($5 in chips) 
Seat 2: ZloFFeliX ($5.48 in chips) 
Seat 3: jacks550 ($4.59 in chips) 
Seat 4: El Hanni ($5 in chips) 
Seat 5: HARTEN1 ($8.71 in chips) 
Seat 6: HubertusB ($5.30 in chips) 
ZloFFeliX: posts small blind $0.02
jacks550: posts big blind $0.05
*** HOLE CARDS ***
Dealt to HubertusB [4d Qc]
El Hanni: folds 
HARTEN1: calls $0.05
HubertusB: folds 
RobertMoog: raises $0.17 to $0.22
ZloFFeliX: folds 
jacks550: folds 
HARTEN1: folds 
Uncalled bet ($0.17) returned to RobertMoog
RobertMoog collected $0.17 from pot
RobertMoog: doesn't show hand 
*** SUMMARY ***
Total pot $0.17 | Rake $0 
Seat 1: RobertMoog (button) collected ($0.17)
Seat 2: ZloFFeliX (small blind) folded before Flop
Seat 3: jacks550 (big blind) folded before Flop
Seat 4: El Hanni folded before Flop (didn't bet)
Seat 5: HARTEN1 folded before Flop
Seat 6: HubertusB folded before Flop (didn't bet)



PokerStars Zoom Hand #186523191831:  Hold'em No Limit ($0.02/$0.05) - 2018/05/17 19:26:43 CCT [2018/05/17 7:26:43 ET]
Table 'Donati' 6-max Seat #1 is the button
Seat 1: HubertusB ($5.30 in chips) 
Seat 2: Blacky1967 ($5.27 in chips) 
Seat 3: Motogari33 ($6.25 in chips) 
Seat 4: michaelodonovan ($5.41 in chips) 
Seat 5: Faied123 ($5.34 in chips) 
Seat 6: MistyStar918 ($6.27 in chips) 
Blacky1967: posts small blind $0.02
Motogari33: posts big blind $0.05
*** HOLE CARDS ***
Dealt to HubertusB [2h 2c]
michaelodonovan: folds 
Faied123: folds 
MistyStar918: folds 
HubertusB: raises $0.05 to $0.10
Blacky1967: calls $0.08
Motogari33: calls $0.05
*** FLOP *** [2d 4h 9d]
Blacky1967: checks 
Motogari33: checks 
HubertusB: bets $0.20
Blacky1967: folds 
Motogari33: folds 
Uncalled bet ($0.20) returned to HubertusB
HubertusB collected $0.29 from pot
HubertusB: doesn't show hand 
*** SUMMARY ***
Total pot $0.30 | Rake $0.01 
Board [2d 4h 9d]
Seat 1: HubertusB (button) collected ($0.29)
Seat 2: Blacky1967 (small blind) folded on the Flop
Seat 3: Motogari33 (big blind) folded on the Flop
Seat 4: michaelodonovan folded before Flop (didn't bet)
Seat 5: Faied123 folded before Flop (didn't bet)
Seat 6: MistyStar918 folded before Flop (didn't bet)



PokerStars Zoom Hand #186523199247:  Hold'em No Limit ($0.02/$0.05) - 2018/05/17 19:27:03 CCT [2018/05/17 7:27:03 ET]
Table 'Donati' 6-max Seat #1 is the button
Seat 1: El Hanni ($5.02 in chips) 
Seat 2: GRizlik14 ($5.02 in chips) 
Seat 3: HubertusB ($5.49 in chips) 
Seat 4: RobertMoog ($5.12 in chips) 
Seat 5: Dmigri ($5.89 in chips) 
Seat 6: evGHENII85 ($8.86 in chips) 
GRizlik14: posts small blind $0.02
HubertusB: posts big blind $0.05
*** HOLE CARDS ***
Dealt to HubertusB [5d 8s]
RobertMoog: folds 
Dmigri: folds 
evGHENII85: folds 
El Hanni: raises $0.07 to $0.12
GRizlik14: folds 
HubertusB: folds 
Uncalled bet ($0.07) returned to El Hanni
El Hanni collected $0.12 from pot
El Hanni: doesn't show hand 
*** SUMMARY ***
Total pot $0.12 | Rake $0 
Seat 1: El Hanni (button) collected ($0.12)
Seat 2: GRizlik14 (small blind) folded before Flop
Seat 3: HubertusB (big blind) folded before Flop
Seat 4: RobertMoog folded before Flop (didn't bet)
Seat 5: Dmigri folded before Flop (didn't bet)
Seat 6: evGHENII85 folded before Flop (didn't bet)



PokerStars Zoom Hand #186523203275:  Hold'em No Limit ($0.02/$0.05) - 2018/05/17 19:27:14 CCT [2018/05/17 7:27:14 ET]
Table 'Donati' 6-max Seat #1 is the button
Seat 1: justasheep20 ($38.74 in chips) 
Seat 2: belgas33 ($5.82 in chips) 
Seat 3: andriasssse ($5.69 in chips) 
Seat 4: k1v0k ($5 in chips) 
Seat 5: HubertusB ($5.44 in chips) 
Seat 6: Koala3375 ($5.24 in chips) 
belgas33: posts small blind $0.02
andriasssse: posts big blind $0.05
*** HOLE CARDS ***
Dealt to HubertusB [3s 4c]
k1v0k: folds 
HubertusB: folds 
Koala3375: folds 
justasheep20: folds 
belgas33: folds 
Uncalled bet ($0.03) returned to andriasssse
andriasssse collected $0.04 from pot
andriasssse: doesn't show hand 
*** SUMMARY ***
Total pot $0.04 | Rake $0 
Seat 1: justasheep20 (button) folded before Flop (didn't bet)
Seat 2: belgas33 (small blind) folded before Flop
Seat 3: andriasssse (big blind) collected ($0.04)
Seat 4: k1v0k folded before Flop (didn't bet)
Seat 5: HubertusB folded before Flop (didn't bet)
Seat 6: Koala3375 folded before Flop (didn't bet)



PokerStars Zoom Hand #186523205502:  Hold'em No Limit ($0.02/$0.05) - 2018/05/17 19:27:20 CCT [2018/05/17 7:27:20 ET]
Table 'Donati' 6-max Seat #1 is the button
Seat 1: tty1214 ($5.46 in chips) 
Seat 2: HubertusB ($5.44 in chips) 
Seat 3: aDYTKINa ($12.02 in chips) 
Seat 4: Archangel226 ($5.05 in chips) 
Seat 5: MoreRakePls1 ($5.03 in chips) 
Seat 6: Nikolay.S :D ($3.02 in chips) 
HubertusB: posts small blind $0.02
aDYTKINa: posts big blind $0.05
*** HOLE CARDS ***
Dealt to HubertusB [2c 3c]
Archangel226: raises $0.10 to $0.15
MoreRakePls1: folds 
Nikolay.S :D: folds 
tty1214: folds 
HubertusB: folds 
aDYTKINa: folds 
Uncalled bet ($0.10) returned to Archangel226
Archangel226 collected $0.12 from pot
Archangel226: doesn't show hand 
*** SUMMARY ***
Total pot $0.12 | Rake $0 
Seat 1: tty1214 (button) folded before Flop (didn't bet)
Seat 2: HubertusB (small blind) folded before Flop
Seat 3: aDYTKINa (big blind) folded before Flop
Seat 4: Archangel226 collected ($0.12)
Seat 5: MoreRakePls1 folded before Flop (didn't bet)
Seat 6: Nikolay.S :D folded before Flop (didn't bet)



PokerStars Zoom Hand #186523210743:  Hold'em No Limit ($0.02/$0.05) - 2018/05/17 19:27:34 CCT [2018/05/17 7:27:34 ET]
Table 'Donati' 6-max Seat #1 is the button
Seat 1: BratishKO ($5.20 in chips) 
Seat 2: gnusmeister77 ($5.60 in chips) 
Seat 3: buter_tk ($4.29 in chips) 
Seat 4: HubertusB ($5.42 in chips) 
Seat 5: gracerusson ($4.29 in chips) 
Seat 6: ThomaSs223 ($16.76 in chips) 
gnusmeister77: posts small blind $0.02
buter_tk: posts big blind $0.05
*** HOLE CARDS ***
Dealt to HubertusB [As Qh]
HubertusB: raises $0.05 to $0.10
gracerusson: folds 
ThomaSs223: folds 
BratishKO: raises $0.27 to $0.37
gnusmeister77: folds 
buter_tk: folds 
HubertusB: calls $0.27
*** FLOP *** [8d Qc Ad]
HubertusB: checks 
BratishKO: checks 
*** TURN *** [8d Qc Ad] [6c]
HubertusB: checks 
BratishKO: checks 
*** RIVER *** [8d Qc Ad 6c] [Th]
HubertusB: bets $0.65
BratishKO: folds 
Uncalled bet ($0.65) returned to HubertusB
HubertusB collected $0.78 from pot
HubertusB: doesn't show hand 
*** SUMMARY ***
Total pot $0.81 | Rake $0.03 
Board [8d Qc Ad 6c Th]
Seat 1: BratishKO (button) folded on the River
Seat 2: gnusmeister77 (small blind) folded before Flop
Seat 3: buter_tk (big blind) folded before Flop
Seat 4: HubertusB collected ($0.78)
Seat 5: gracerusson folded before Flop (didn't bet)
Seat 6: ThomaSs223 folded before Flop (didn't bet)



PokerStars Zoom Hand #186523228897:  Hold'em No Limit ($0.02/$0.05) - 2018/05/17 19:28:23 CCT [2018/05/17 7:28:23 ET]
Table 'Donati' 6-max Seat #1 is the button
Seat 1: engelen563 ($5.85 in chips) 
Seat 2: HSGVB81 ($5.07 in chips) 
Seat 3: NMB1103 ($5.82 in chips) 
Seat 4: HubertusB ($5.83 in chips) 
Seat 5: andriasssse ($5.64 in chips) 
Seat 6: gnusmeister77 ($5.46 in chips) 
HSGVB81: posts small blind $0.02
NMB1103: posts big blind $0.05
*** HOLE CARDS ***
Dealt to HubertusB [3h 2h]
HubertusB: folds 
andriasssse: folds 
gnusmeister77: raises $0.10 to $0.15
engelen563: folds 
HSGVB81: folds 
NMB1103: folds 
Uncalled bet ($0.10) returned to gnusmeister77
gnusmeister77 collected $0.12 from pot
gnusmeister77: doesn't show hand 
*** SUMMARY ***
Total pot $0.12 | Rake $0 
Seat 1: engelen563 (button) folded before Flop (didn't bet)
Seat 2: HSGVB81 (small blind) folded before Flop
Seat 3: NMB1103 (big blind) folded before Flop
Seat 4: HubertusB folded before Flop (didn't bet)
Seat 5: andriasssse folded before Flop (didn't bet)
Seat 6: gnusmeister77 collected ($0.12)



PokerStars Zoom Hand #186523237271:  Hold'em No Limit ($0.02/$0.05) - 2018/05/17 19:28:45 CCT [2018/05/17 7:28:45 ET]
Table 'Donati' 6-max Seat #1 is the button
Seat 1: Archangel226 ($5 in chips) 
Seat 2: ProveYoSkill ($3.74 in chips) 
Seat 3: MoreRakePls1 ($5.86 in chips) 
Seat 4: justasheep20 ($40.83 in chips) 
Seat 5: DeFragPoker ($5.05 in chips) 
Seat 6: HubertusB ($5.83 in chips) 
ProveYoSkill: posts small blind $0.02
MoreRakePls1: posts big blind $0.05
*** HOLE CARDS ***
Dealt to HubertusB [4d Jc]
justasheep20: folds 
DeFragPoker: folds 
HubertusB: folds 
Archangel226: folds 
ProveYoSkill: folds 
Uncalled bet ($0.03) returned to MoreRakePls1
MoreRakePls1 collected $0.04 from pot
MoreRakePls1: doesn't show hand 
*** SUMMARY ***
Total pot $0.04 | Rake $0 
Seat 1: Archangel226 (button) folded before Flop (didn't bet)
Seat 2: ProveYoSkill (small blind) folded before Flop
Seat 3: MoreRakePls1 (big blind) collected ($0.04)
Seat 4: justasheep20 folded before Flop (didn't bet)
Seat 5: DeFragPoker folded before Flop (didn't bet)
Seat 6: HubertusB folded before Flop (didn't bet)



PokerStars Zoom Hand #186523231176:  Hold'em No Limit ($0.02/$0.05) - 2018/05/17 19:28:29 CCT [2018/05/17 7:28:29 ET]
Table 'Donati' 6-max Seat #1 is the button
Seat 1: HubertusB ($5.83 in chips) 
Seat 2: turbo*kg ($13.76 in chips) 
Seat 3: andeee74 ($5.78 in chips) 
Seat 4: GRizlik14 ($5 in chips) 
Seat 5: Roman197430 ($15.88 in chips) 
Seat 6: PugoGrasse ($5.50 in chips) 
turbo*kg: posts small blind $0.02
andeee74: posts big blind $0.05
*** HOLE CARDS ***
Dealt to HubertusB [Ad 8s]
GRizlik14: folds 
Roman197430: folds 
PugoGrasse: raises $0.09 to $0.14
HubertusB: folds 
turbo*kg: folds 
andeee74: folds 
Uncalled bet ($0.09) returned to PugoGrasse
PugoGrasse collected $0.12 from pot
PugoGrasse: doesn't show hand 
*** SUMMARY ***
Total pot $0.12 | Rake $0 
Seat 1: HubertusB (button) folded before Flop (didn't bet)
Seat 2: turbo*kg (small blind) folded before Flop
Seat 3: andeee74 (big blind) folded before Flop
Seat 4: GRizlik14 folded before Flop (didn't bet)
Seat 5: Roman197430 folded before Flop (didn't bet)
Seat 6: PugoGrasse collected ($0.12)



PokerStars Zoom Hand #186523244041:  Hold'em No Limit ($0.02/$0.05) - 2018/05/17 19:29:03 CCT [2018/05/17 7:29:03 ET]
Table 'Donati' 6-max Seat #1 is the button
Seat 1: Break0123 ($5.34 in chips) 
Seat 2: Antant AA ($2.82 in chips) 
Seat 3: HubertusB ($5.81 in chips) 
Seat 4: WaterStriker ($6.78 in chips) 
Seat 5: aDYTKINa ($8.94 in chips) 
Seat 6: serg197211 ($5.83 in chips) 
Antant AA: posts small blind $0.02
HubertusB: posts big blind $0.05
*** HOLE CARDS ***
Dealt to HubertusB [3h 4d]
WaterStriker: folds 
aDYTKINa: folds 
serg197211: folds 
Break0123: raises $0.08 to $0.13
Antant AA: folds 
HubertusB: folds 
Uncalled bet ($0.08) returned to Break0123
Break0123 collected $0.12 from pot
Break0123: doesn't show hand 
*** SUMMARY ***
Total pot $0.12 | Rake $0 
Seat 1: Break0123 (button) collected ($0.12)
Seat 2: Antant AA (small blind) folded before Flop
Seat 3: HubertusB (big blind) folded before Flop
Seat 4: WaterStriker folded before Flop (didn't bet)
Seat 5: aDYTKINa folded before Flop (didn't bet)
Seat 6: serg197211 folded before Flop (didn't bet)



PokerStars Zoom Hand #186523247870:  Hold'em No Limit ($0.02/$0.05) - 2018/05/17 19:29:13 CCT [2018/05/17 7:29:13 ET]
Table 'Donati' 6-max Seat #1 is the button
Seat 1: HubertusB ($5.76 in chips) 
Seat 2: bbaty123 ($5.44 in chips) 
Seat 3: Archangel226 ($5 in chips) 
Seat 4: ThomaSs223 ($13.52 in chips) 
Seat 5: Tanika33 ($6.39 in chips) 
Seat 6: WimmerA97 ($5.23 in chips) 
bbaty123: posts small blind $0.02
Archangel226: posts big blind $0.05
*** HOLE CARDS ***
Dealt to HubertusB [2d 7h]
ThomaSs223: folds 
Tanika33: folds 
WimmerA97: raises $0.10 to $0.15
HubertusB: folds 
bbaty123: folds 
Archangel226: folds 
Uncalled bet ($0.10) returned to WimmerA97
WimmerA97 collected $0.12 from pot
WimmerA97: doesn't show hand 
*** SUMMARY ***
Total pot $0.12 | Rake $0 
Seat 1: HubertusB (button) folded before Flop (didn't bet)
Seat 2: bbaty123 (small blind) folded before Flop
Seat 3: Archangel226 (big blind) folded before Flop
Seat 4: ThomaSs223 folded before Flop (didn't bet)
Seat 5: Tanika33 folded before Flop (didn't bet)
Seat 6: WimmerA97 collected ($0.12)



PokerStars Zoom Hand #186523252673:  Hold'em No Limit ($0.02/$0.05) - 2018/05/17 19:29:26 CCT [2018/05/17 7:29:26 ET]
Table 'Donati' 6-max Seat #1 is the button
Seat 1: dddnnnvvv ($4.91 in chips) 
Seat 2: GarDmitrich ($6.13 in chips) 
Seat 3: NoApolog1es ($14.39 in chips) 
Seat 4: mohandes81 ($11.10 in chips) 
Seat 5: HubertusB ($5.76 in chips) 
Seat 6: Kent77a ($4.70 in chips) 
GarDmitrich: posts small blind $0.02
NoApolog1es: posts big blind $0.05
*** HOLE CARDS ***
Dealt to HubertusB [7d 5c]
mohandes81: raises $0.10 to $0.15
HubertusB: folds 
Kent77a: folds 
dddnnnvvv: calls $0.15
GarDmitrich: folds 
NoApolog1es: folds 
*** FLOP *** [Js Kd Ad]
mohandes81: bets $0.20
dddnnnvvv: folds 
Uncalled bet ($0.20) returned to mohandes81
mohandes81 collected $0.35 from pot
mohandes81: doesn't show hand 
*** SUMMARY ***
Total pot $0.37 | Rake $0.02 
Board [Js Kd Ad]
Seat 1: dddnnnvvv (button) folded on the Flop
Seat 2: GarDmitrich (small blind) folded before Flop
Seat 3: NoApolog1es (big blind) folded before Flop
Seat 4: mohandes81 collected ($0.35)
Seat 5: HubertusB folded before Flop (didn't bet)
Seat 6: Kent77a folded before Flop (didn't bet)



PokerStars Zoom Hand #186523239934:  Hold'em No Limit ($0.02/$0.05) - 2018/05/17 19:28:52 CCT [2018/05/17 7:28:52 ET]
Table 'Donati' 6-max Seat #1 is the button
Seat 1: buter_tk ($4.22 in chips) 
Seat 2: HubertusB ($5.83 in chips) 
Seat 3: Gamer577 ($5 in chips) 
Seat 4: dekabrist185 ($7.21 in chips) 
Seat 5: moon0828 ($12.12 in chips) 
Seat 6: k1v0k ($5 in chips) 
HubertusB: posts small blind $0.02
Gamer577: posts big blind $0.05
*** HOLE CARDS ***
Dealt to HubertusB [Ah 2s]
dekabrist185: raises $0.10 to $0.15
moon0828: folds 
k1v0k: calls $0.15
buter_tk: folds 
HubertusB: folds 
Gamer577: calls $0.10
*** FLOP *** [Qs 8c 7d]
Gamer577: checks 
dekabrist185: checks 
k1v0k: checks 
*** TURN *** [Qs 8c 7d] [7c]
Gamer577: bets $0.23
dekabrist185: folds 
k1v0k: folds 
Uncalled bet ($0.23) returned to Gamer577
Gamer577 collected $0.45 from pot
Gamer577: doesn't show hand 
*** SUMMARY ***
Total pot $0.47 | Rake $0.02 
Board [Qs 8c 7d 7c]
Seat 1: buter_tk (button) folded before Flop (didn't bet)
Seat 2: HubertusB (small blind) folded before Flop
Seat 3: Gamer577 (big blind) collected ($0.45)
Seat 4: dekabrist185 folded on the Turn
Seat 5: moon0828 folded before Flop (didn't bet)
Seat 6: k1v0k folded on the Turn



PokerStars Zoom Hand #186523264533:  Hold'em No Limit ($0.02/$0.05) - 2018/05/17 19:29:58 CCT [2018/05/17 7:29:58 ET]
Table 'Donati' 6-max Seat #1 is the button
Seat 1: Roman197430 ($15.41 in chips) 
Seat 2: HubertusB ($5.71 in chips) 
Seat 3: PoKelven ($4.70 in chips) 
Seat 4: Punzzzer ($5.97 in chips) 
Seat 5: Hunt3r.A.A. ($1.43 in chips) 
Seat 6: vagnerl0ve ($23.11 in chips) 
HubertusB: posts small blind $0.02
PoKelven: posts big blind $0.05
*** HOLE CARDS ***
Dealt to HubertusB [7d 4s]
Punzzzer: raises $0.05 to $0.10
Hunt3r.A.A.: folds 
vagnerl0ve: folds 
Roman197430: folds 
HubertusB: folds 
PoKelven: folds 
Uncalled bet ($0.05) returned to Punzzzer
Punzzzer collected $0.12 from pot
Punzzzer: doesn't show hand 
*** SUMMARY ***
Total pot $0.12 | Rake $0 
Seat 1: Roman197430 (button) folded before Flop (didn't bet)
Seat 2: HubertusB (small blind) folded before Flop
Seat 3: PoKelven (big blind) folded before Flop
Seat 4: Punzzzer collected ($0.12)
Seat 5: Hunt3r.A.A. folded before Flop (didn't bet)
Seat 6: vagnerl0ve folded before Flop (didn't bet)



PokerStars Zoom Hand #186523262684:  Hold'em No Limit ($0.02/$0.05) - 2018/05/17 19:29:53 CCT [2018/05/17 7:29:53 ET]
Table 'Donati' 6-max Seat #1 is the button
Seat 1: GLIKADIN ($9.52 in chips) 
Seat 2: Dmigri ($5.95 in chips) 
Seat 3: opopo0009 ($5.81 in chips) 
Seat 4: HubertusB ($5.71 in chips) 
Seat 5: x8e3yn4ik ($5.19 in chips) 
Seat 6: El Hanni ($6.38 in chips) 
Dmigri: posts small blind $0.02
opopo0009: posts big blind $0.05
*** HOLE CARDS ***
Dealt to HubertusB [4d 9h]
HubertusB: folds 
x8e3yn4ik: folds 
El Hanni: folds 
GLIKADIN: folds 
Dmigri: raises $0.07 to $0.12
opopo0009: folds 
Uncalled bet ($0.07) returned to Dmigri
Dmigri collected $0.10 from pot
Dmigri: doesn't show hand 
*** SUMMARY ***
Total pot $0.10 | Rake $0 
Seat 1: GLIKADIN (button) folded before Flop (didn't bet)
Seat 2: Dmigri (small blind) collected ($0.10)
Seat 3: opopo0009 (big blind) folded before Flop
Seat 4: HubertusB folded before Flop (didn't bet)
Seat 5: x8e3yn4ik folded before Flop (didn't bet)
Seat 6: El Hanni folded before Flop (didn't bet)



PokerStars Zoom Hand #186523255994:  Hold'em No Limit ($0.02/$0.05) - 2018/05/17 19:29:35 CCT [2018/05/17 7:29:35 ET]
Table 'Donati' 6-max Seat #1 is the button
Seat 1: HSGVB81 ($6.73 in chips) 
Seat 2: Sratay ($5.25 in chips) 
Seat 3: Andrey S(UK) ($5 in chips) 
Seat 4: HubertusB ($5.76 in chips) 
Seat 5: Saayooo ($11.43 in chips) 
Seat 6: WaterStriker ($6.76 in chips) 
Sratay: posts small blind $0.02
Andrey S(UK): posts big blind $0.05
*** HOLE CARDS ***
Dealt to HubertusB [5h 2h]
HubertusB: folds 
Saayooo: folds 
WaterStriker: folds 
HSGVB81: folds 
Sratay: raises $0.10 to $0.15
Andrey S(UK): folds 
Uncalled bet ($0.10) returned to Sratay
Sratay collected $0.10 from pot
Sratay: doesn't show hand 
*** SUMMARY ***
Total pot $0.10 | Rake $0 
Seat 1: HSGVB81 (button) folded before Flop (didn't bet)
Seat 2: Sratay (small blind) collected ($0.10)
Seat 3: Andrey S(UK) (big blind) folded before Flop
Seat 4: HubertusB folded before Flop (didn't bet)
Seat 5: Saayooo folded before Flop (didn't bet)
Seat 6: WaterStriker folded before Flop (didn't bet)



PokerStars Zoom Hand #186523258215:  Hold'em No Limit ($0.02/$0.05) - 2018/05/17 19:29:41 CCT [2018/05/17 7:29:41 ET]
Table 'Donati' 6-max Seat #1 is the button
Seat 1: andrey1431 ($2.55 in chips) 
Seat 2: roadto2kmmr ($18.36 in chips) 
Seat 3: HubertusB ($5.76 in chips) 
Seat 4: HSGVB81 ($13.80 in chips) 
Seat 5: titop_Vector ($5 in chips) 
Seat 6: 777han777 ($4.13 in chips) 
roadto2kmmr: posts small blind $0.02
HubertusB: posts big blind $0.05
*** HOLE CARDS ***
Dealt to HubertusB [6d 9h]
HSGVB81: folds 
titop_Vector: folds 
777han777: raises $0.05 to $0.10
andrey1431: calls $0.10
roadto2kmmr: folds 
HubertusB: folds 
*** FLOP *** [Ts 8h 4s]
777han777: bets $0.25
andrey1431: calls $0.25
*** TURN *** [Ts 8h 4s] [5c]
777han777: bets $0.75
andrey1431: calls $0.75
*** RIVER *** [Ts 8h 4s 5c] [Js]
777han777: checks 
andrey1431: bets $1.45 and is all-in
777han777: calls $1.45
*** SHOW DOWN ***
andrey1431: shows [Td 8c] (two pair, Tens and Eights)
777han777: shows [Jh Tc] (two pair, Jacks and Tens)
777han777 collected $4.96 from pot
*** SUMMARY ***
Total pot $5.17 | Rake $0.21 
Board [Ts 8h 4s 5c Js]
Seat 1: andrey1431 (button) showed [Td 8c] and lost with two pair, Tens and Eights
Seat 2: roadto2kmmr (small blind) folded before Flop
Seat 3: HubertusB (big blind) folded before Flop
Seat 4: HSGVB81 folded before Flop (didn't bet)
Seat 5: titop_Vector folded before Flop (didn't bet)
Seat 6: 777han777 showed [Jh Tc] and won ($4.96) with two pair, Jacks and Tens



PokerStars Zoom Hand #186523260776:  Hold'em No Limit ($0.02/$0.05) - 2018/05/17 19:29:48 CCT [2018/05/17 7:29:48 ET]
Table 'Donati' 6-max Seat #1 is the button
Seat 1: archi13310 ($3.41 in chips) 
Seat 2: aDYTKINa ($8.87 in chips) 
Seat 3: mnml478 ($6.45 in chips) 
Seat 4: GrmASG ($4.82 in chips) 
Seat 5: Artonov ($5.40 in chips) 
Seat 6: HubertusB ($5.71 in chips) 
aDYTKINa: posts small blind $0.02
mnml478: posts big blind $0.05
*** HOLE CARDS ***
Dealt to HubertusB [Kh 5c]
GrmASG: folds 
Artonov: folds 
HubertusB: folds 
archi13310: calls $0.05
aDYTKINa: calls $0.03
mnml478: checks 
*** FLOP *** [As Ad Jd]
aDYTKINa: checks 
mnml478: checks 
archi13310: checks 
*** TURN *** [As Ad Jd] [Jc]
aDYTKINa: checks 
mnml478: checks 
archi13310: bets $0.25
aDYTKINa: folds 
mnml478: folds 
Uncalled bet ($0.25) returned to archi13310
archi13310 collected $0.14 from pot
archi13310: doesn't show hand 
*** SUMMARY ***
Total pot $0.15 | Rake $0.01 
Board [As Ad Jd Jc]
Seat 1: archi13310 (button) collected ($0.14)
Seat 2: aDYTKINa (small blind) folded on the Turn
Seat 3: mnml478 (big blind) folded on the Turn
Seat 4: GrmASG folded before Flop (didn't bet)
Seat 5: Artonov folded before Flop (didn't bet)
Seat 6: HubertusB folded before Flop (didn't bet)



PokerStars Zoom Hand #186523266762:  Hold'em No Limit ($0.02/$0.05) - 2018/05/17 19:30:04 CCT [2018/05/17 7:30:04 ET]
Table 'Donati' 6-max Seat #1 is the button
Seat 1: HubertusB ($5.69 in chips) 
Seat 2: zwetok ($8.74 in chips) 
Seat 3: Lydomanka ($5.03 in chips) 
Seat 4: dddnnnvvv ($4.92 in chips) 
Seat 5: Blacky1967 ($8.78 in chips) 
Seat 6: quelopariooo ($4.28 in chips) 
zwetok: posts small blind $0.02
Lydomanka: posts big blind $0.05
*** HOLE CARDS ***
Dealt to HubertusB [6h Kd]
dddnnnvvv: folds 
Blacky1967: folds 
quelopariooo: folds 
HubertusB: raises $0.05 to $0.10
zwetok: folds 
Lydomanka: folds 
Uncalled bet ($0.05) returned to HubertusB
HubertusB collected $0.12 from pot
HubertusB: doesn't show hand 
*** SUMMARY ***
Total pot $0.12 | Rake $0 
Seat 1: HubertusB (button) collected ($0.12)
Seat 2: zwetok (small blind) folded before Flop
Seat 3: Lydomanka (big blind) folded before Flop
Seat 4: dddnnnvvv folded before Flop (didn't bet)
Seat 5: Blacky1967 folded before Flop (didn't bet)
Seat 6: quelopariooo folded before Flop (didn't bet)



PokerStars Zoom Hand #186523274700:  Hold'em No Limit ($0.02/$0.05) - 2018/05/17 19:30:25 CCT [2018/05/17 7:30:25 ET]
Table 'Donati' 6-max Seat #1 is the button
Seat 1: Ashlynn POV ($2.59 in chips) 
Seat 2: zdaz1 ($5 in chips) 
Seat 3: El Hanni ($4.42 in chips) 
Seat 4: falcao991 ($5.12 in chips) 
Seat 5: elbarto4468 ($2.57 in chips) 
Seat 6: HubertusB ($5.76 in chips) 
zdaz1: posts small blind $0.02
El Hanni: posts big blind $0.05
*** HOLE CARDS ***
Dealt to HubertusB [Jd Kc]
falcao991: folds 
elbarto4468: raises $0.10 to $0.15
HubertusB: raises $0.30 to $0.45
Ashlynn POV: folds 
zdaz1: folds 
El Hanni: folds 
elbarto4468: calls $0.30
*** FLOP *** [7c Jh 5h]
elbarto4468: bets $0.45
HubertusB: raises $4.86 to $5.31 and is all-in
elbarto4468: folds 
Uncalled bet ($4.86) returned to HubertusB
HubertusB collected $1.79 from pot
HubertusB: doesn't show hand 
*** SUMMARY ***
Total pot $1.87 | Rake $0.08 
Board [7c Jh 5h]
Seat 1: Ashlynn POV (button) folded before Flop (didn't bet)
Seat 2: zdaz1 (small blind) folded before Flop
Seat 3: El Hanni (big blind) folded before Flop
Seat 4: falcao991 folded before Flop (didn't bet)
Seat 5: elbarto4468 folded on the Flop
Seat 6: HubertusB collected ($1.79)



PokerStars Zoom Hand #186523293658:  Hold'em No Limit ($0.02/$0.05) - 2018/05/17 19:31:16 CCT [2018/05/17 7:31:16 ET]
Table 'Donati' 6-max Seat #1 is the button
Seat 1: vova270793 ($5.03 in chips) 
Seat 2: HubertusB ($6.65 in chips) 
Seat 3: noobatos ($4.50 in chips) 
Seat 4: giri00 ($15.05 in chips) 
Seat 5: MoreRakePls1 ($8.56 in chips) 
Seat 6: zwetok ($18.31 in chips) 
HubertusB: posts small blind $0.02
noobatos: posts big blind $0.05
*** HOLE CARDS ***
Dealt to HubertusB [8c Qc]
giri00: folds 
MoreRakePls1: folds 
zwetok: folds 
vova270793: folds 
HubertusB: raises $0.05 to $0.10
noobatos: raises $0.20 to $0.30
HubertusB: folds 
Uncalled bet ($0.20) returned to noobatos
noobatos collected $0.20 from pot
noobatos: doesn't show hand 
*** SUMMARY ***
Total pot $0.20 | Rake $0 
Seat 1: vova270793 (button) folded before Flop (didn't bet)
Seat 2: HubertusB (small blind) folded before Flop
Seat 3: noobatos (big blind) collected ($0.20)
Seat 4: giri00 folded before Flop (didn't bet)
Seat 5: MoreRakePls1 folded before Flop (didn't bet)
Seat 6: zwetok folded before Flop (didn't bet)



PokerStars Zoom Hand #186523301463:  Hold'em No Limit ($0.02/$0.05) - 2018/05/17 19:31:37 CCT [2018/05/17 7:31:37 ET]
Table 'Donati' 6-max Seat #1 is the button
Seat 1: Koala3375 ($5.45 in chips) 
Seat 2: Lydomanka ($5.66 in chips) 
Seat 3: HubertusB ($6.55 in chips) 
Seat 4: Gamer577 ($5.53 in chips) 
Seat 5: MAMOH77 ($9.08 in chips) 
Seat 6: khaldrogo59 ($16.41 in chips) 
Lydomanka: posts small blind $0.02
HubertusB: posts big blind $0.05
*** HOLE CARDS ***
Dealt to HubertusB [3c Td]
Gamer577: raises $0.10 to $0.15
MAMOH77: folds 
khaldrogo59: folds 
Koala3375: folds 
Lydomanka: folds 
HubertusB: folds 
Uncalled bet ($0.10) returned to Gamer577
Gamer577 collected $0.12 from pot
Gamer577: doesn't show hand 
*** SUMMARY ***
Total pot $0.12 | Rake $0 
Seat 1: Koala3375 (button) folded before Flop (didn't bet)
Seat 2: Lydomanka (small blind) folded before Flop
Seat 3: HubertusB (big blind) folded before Flop
Seat 4: Gamer577 collected ($0.12)
Seat 5: MAMOH77 folded before Flop (didn't bet)
Seat 6: khaldrogo59 folded before Flop (didn't bet)



PokerStars Zoom Hand #186523304093:  Hold'em No Limit ($0.02/$0.05) - 2018/05/17 19:31:44 CCT [2018/05/17 7:31:44 ET]
Table 'Donati' 6-max Seat #1 is the button
Seat 1: PSqsd ($5.02 in chips) 
Seat 2: Ineibet ($5 in chips) 
Seat 3: Dushaman ($6.71 in chips) 
Seat 4: Koala3375 ($5.45 in chips) 
Seat 5: HubertusB ($6.50 in chips) 
Seat 6: Kruzer20 ($14.74 in chips) 
Ineibet: posts small blind $0.02
Dushaman: posts big blind $0.05
*** HOLE CARDS ***
Dealt to HubertusB [7c 5c]
Koala3375: folds 
HubertusB: raises $0.05 to $0.10
Kruzer20: folds 
PSqsd: folds 
Ineibet: folds 
Dushaman: calls $0.05
*** FLOP *** [7h 4h Ad]
Dushaman: bets $0.20
HubertusB: calls $0.20
*** TURN *** [7h 4h Ad] [8d]
Dushaman: bets $0.60
HubertusB: folds 
Uncalled bet ($0.60) returned to Dushaman
Dushaman collected $0.59 from pot
Dushaman: doesn't show hand 
*** SUMMARY ***
Total pot $0.62 | Rake $0.03 
Board [7h 4h Ad 8d]
Seat 1: PSqsd (button) folded before Flop (didn't bet)
Seat 2: Ineibet (small blind) folded before Flop
Seat 3: Dushaman (big blind) collected ($0.59)
Seat 4: Koala3375 folded before Flop (didn't bet)
Seat 5: HubertusB folded on the Turn
Seat 6: Kruzer20 folded before Flop (didn't bet)



PokerStars Zoom Hand #186523319296:  Hold'em No Limit ($0.02/$0.05) - 2018/05/17 19:32:24 CCT [2018/05/17 7:32:24 ET]
Table 'Donati' 6-max Seat #1 is the button
Seat 1: 3igoryan0 ($3.64 in chips) 
Seat 2: saha555 ($5.37 in chips) 
Seat 3: roadto2kmmr ($22.65 in chips) 
Seat 4: MoreRakePls1 ($5.05 in chips) 
Seat 5: HubertusB ($6.20 in chips) 
Seat 6: Aleks Ryder ($4.87 in chips) 
saha555: posts small blind $0.02
roadto2kmmr: posts big blind $0.05
*** HOLE CARDS ***
Dealt to HubertusB [Tc Jd]
MoreRakePls1: folds 
HubertusB: raises $0.05 to $0.10
Aleks Ryder: raises $0.30 to $0.40
3igoryan0: folds 
saha555: folds 
roadto2kmmr: folds 
HubertusB: folds 
Uncalled bet ($0.30) returned to Aleks Ryder
Aleks Ryder collected $0.27 from pot
Aleks Ryder: doesn't show hand 
*** SUMMARY ***
Total pot $0.27 | Rake $0 
Seat 1: 3igoryan0 (button) folded before Flop (didn't bet)
Seat 2: saha555 (small blind) folded before Flop
Seat 3: roadto2kmmr (big blind) folded before Flop
Seat 4: MoreRakePls1 folded before Flop (didn't bet)
Seat 5: HubertusB folded before Flop
Seat 6: Aleks Ryder collected ($0.27)



PokerStars Zoom Hand #186523317109:  Hold'em No Limit ($0.02/$0.05) - 2018/05/17 19:32:18 CCT [2018/05/17 7:32:18 ET]
Table 'Donati' 6-max Seat #1 is the button
Seat 1: epyj1231 ($7.27 in chips) 
Seat 2: Kruzer20 ($14.69 in chips) 
Seat 3: AjonePL ($12.23 in chips) 
Seat 4: HubertusB ($6.20 in chips) 
Seat 5: mohandes81 ($13.93 in chips) 
Seat 6: Faied123 ($5 in chips) 
Kruzer20: posts small blind $0.02
AjonePL: posts big blind $0.05
*** HOLE CARDS ***
Dealt to HubertusB [6c 2c]
HubertusB: folds 
mohandes81: folds 
Faied123: folds 
epyj1231: raises $0.07 to $0.12
Kruzer20: raises $0.28 to $0.40
AjonePL: folds 
epyj1231: folds 
Uncalled bet ($0.28) returned to Kruzer20
Kruzer20 collected $0.29 from pot
Kruzer20: doesn't show hand 
*** SUMMARY ***
Total pot $0.29 | Rake $0 
Seat 1: epyj1231 (button) folded before Flop
Seat 2: Kruzer20 (small blind) collected ($0.29)
Seat 3: AjonePL (big blind) folded before Flop
Seat 4: HubertusB folded before Flop (didn't bet)
Seat 5: mohandes81 folded before Flop (didn't bet)
Seat 6: Faied123 folded before Flop (didn't bet)



PokerStars Zoom Hand #186523324524:  Hold'em No Limit ($0.02/$0.05) - 2018/05/17 19:32:38 CCT [2018/05/17 7:32:38 ET]
Table 'Donati' 6-max Seat #1 is the button
Seat 1: serg197211 ($5.80 in chips) 
Seat 2: NoApolog1es ($5.02 in chips) 
Seat 3: variag2911 ($5 in chips) 
Seat 4: Lydomanka ($7.45 in chips) 
Seat 5: roadto2kmmr ($13.89 in chips) 
Seat 6: HubertusB ($6.10 in chips) 
NoApolog1es: posts small blind $0.02
variag2911: posts big blind $0.05
*** HOLE CARDS ***
Dealt to HubertusB [5d 5s]
Lydomanka: folds 
roadto2kmmr: folds 
HubertusB: raises $0.05 to $0.10
serg197211: folds 
NoApolog1es: folds 
variag2911: folds 
Uncalled bet ($0.05) returned to HubertusB
HubertusB collected $0.12 from pot
HubertusB: doesn't show hand 
*** SUMMARY ***
Total pot $0.12 | Rake $0 
Seat 1: serg197211 (button) folded before Flop (didn't bet)
Seat 2: NoApolog1es (small blind) folded before Flop
Seat 3: variag2911 (big blind) folded before Flop
Seat 4: Lydomanka folded before Flop (didn't bet)
Seat 5: roadto2kmmr folded before Flop (didn't bet)
Seat 6: HubertusB collected ($0.12)



PokerStars Zoom Hand #186523329050:  Hold'em No Limit ($0.02/$0.05) - 2018/05/17 19:32:50 CCT [2018/05/17 7:32:50 ET]
Table 'Donati' 6-max Seat #1 is the button
Seat 1: HubertusB ($6.17 in chips) 
Seat 2: yajasoo999 ($5.12 in chips) 
Seat 3: Ineibet ($5.22 in chips) 
Seat 4: moon0828 ($10.94 in chips) 
Seat 5: BratishKO ($11.91 in chips) 
Seat 6: Genisys11 ($8.86 in chips) 
yajasoo999: posts small blind $0.02
Ineibet: posts big blind $0.05
*** HOLE CARDS ***
Dealt to HubertusB [9c 3d]
moon0828: folds 
BratishKO: folds 
Genisys11: raises $0.07 to $0.12
HubertusB: folds 
yajasoo999: folds 
Ineibet: folds 
Uncalled bet ($0.07) returned to Genisys11
Genisys11 collected $0.12 from pot
Genisys11: doesn't show hand 
*** SUMMARY ***
Total pot $0.12 | Rake $0 
Seat 1: HubertusB (button) folded before Flop (didn't bet)
Seat 2: yajasoo999 (small blind) folded before Flop
Seat 3: Ineibet (big blind) folded before Flop
Seat 4: moon0828 folded before Flop (didn't bet)
Seat 5: BratishKO folded before Flop (didn't bet)
Seat 6: Genisys11 collected ($0.12)



PokerStars Zoom Hand #186523330969:  Hold'em No Limit ($0.02/$0.05) - 2018/05/17 19:32:55 CCT [2018/05/17 7:32:55 ET]
Table 'Donati' 6-max Seat #1 is the button
Seat 1: Igoreshqaa ($2.93 in chips) 
Seat 2: moon0828 ($10.94 in chips) 
Seat 3: HubertusB ($6.17 in chips) 
Seat 4: artem1103072 ($5.15 in chips) 
Seat 5: zdaz1 ($14.50 in chips) 
Seat 6: Mitusha666 ($5.55 in chips) 
moon0828: posts small blind $0.02
HubertusB: posts big blind $0.05
*** HOLE CARDS ***
Dealt to HubertusB [5h 2s]
artem1103072: folds 
zdaz1: raises $0.07 to $0.12
Mitusha666: folds 
Igoreshqaa: calls $0.12
moon0828: folds 
HubertusB: folds 
*** FLOP *** [8s 3c Qs]
zdaz1: checks 
Igoreshqaa: bets $0.16
zdaz1: folds 
Uncalled bet ($0.16) returned to Igoreshqaa
Igoreshqaa collected $0.30 from pot
Igoreshqaa: doesn't show hand 
*** SUMMARY ***
Total pot $0.31 | Rake $0.01 
Board [8s 3c Qs]
Seat 1: Igoreshqaa (button) collected ($0.30)
Seat 2: moon0828 (small blind) folded before Flop
Seat 3: HubertusB (big blind) folded before Flop
Seat 4: artem1103072 folded before Flop (didn't bet)
Seat 5: zdaz1 folded on the Flop
Seat 6: Mitusha666 folded before Flop (didn't bet)



PokerStars Zoom Hand #186523335493:  Hold'em No Limit ($0.02/$0.05) - 2018/05/17 19:33:07 CCT [2018/05/17 7:33:07 ET]
Table 'Donati' 6-max Seat #1 is the button
Seat 1: Antant AA ($3.54 in chips) 
Seat 2: HubertusB ($6.12 in chips) 
Seat 3: ProveYoSkill ($4.29 in chips) 
Seat 4: mixaael0 ($5.63 in chips) 
Seat 5: Truth711 ($5 in chips) 
Seat 6: RustemAnna ($13.62 in chips) 
HubertusB: posts small blind $0.02
ProveYoSkill: posts big blind $0.05
*** HOLE CARDS ***
Dealt to HubertusB [7d 6d]
mixaael0: folds 
Truth711: folds 
RustemAnna: raises $0.07 to $0.12
Antant AA: folds 
HubertusB: raises $0.23 to $0.35
ProveYoSkill: folds 
RustemAnna: calls $0.23
*** FLOP *** [7s 3h 6h]
HubertusB: bets $0.36
RustemAnna: calls $0.36
*** TURN *** [7s 3h 6h] [8d]
HubertusB: bets $1.05
RustemAnna: folds 
Uncalled bet ($1.05) returned to HubertusB
HubertusB collected $1.41 from pot
HubertusB: doesn't show hand 
*** SUMMARY ***
Total pot $1.47 | Rake $0.06 
Board [7s 3h 6h 8d]
Seat 1: Antant AA (button) folded before Flop (didn't bet)
Seat 2: HubertusB (small blind) collected ($1.41)
Seat 3: ProveYoSkill (big blind) folded before Flop
Seat 4: mixaael0 folded before Flop (didn't bet)
Seat 5: Truth711 folded before Flop (didn't bet)
Seat 6: RustemAnna folded on the Turn



PokerStars Zoom Hand #186523349804:  Hold'em No Limit ($0.02/$0.05) - 2018/05/17 19:33:45 CCT [2018/05/17 7:33:45 ET]
Table 'Donati' 6-max Seat #1 is the button
Seat 1: Quorthon_Zei ($5.05 in chips) 
Seat 2: Andrey S(UK) ($5.70 in chips) 
Seat 3: rottermont26T ($4.47 in chips) 
Seat 4: Koala3375 ($6.85 in chips) 
Seat 5: HubertusB ($6.82 in chips) 
Seat 6: drk55 ($6.95 in chips) 
Andrey S(UK): posts small blind $0.02
rottermont26T: posts big blind $0.05
*** HOLE CARDS ***
Dealt to HubertusB [9c Jd]
Koala3375: folds 
HubertusB: raises $0.05 to $0.10
drk55: folds 
Quorthon_Zei: folds 
Andrey S(UK): folds 
rottermont26T: folds 
Uncalled bet ($0.05) returned to HubertusB
HubertusB collected $0.12 from pot
HubertusB: doesn't show hand 
*** SUMMARY ***
Total pot $0.12 | Rake $0 
Seat 1: Quorthon_Zei (button) folded before Flop (didn't bet)
Seat 2: Andrey S(UK) (small blind) folded before Flop
Seat 3: rottermont26T (big blind) folded before Flop
Seat 4: Koala3375 folded before Flop (didn't bet)
Seat 5: HubertusB collected ($0.12)
Seat 6: drk55 folded before Flop (didn't bet)



PokerStars Zoom Hand #186523355086:  Hold'em No Limit ($0.02/$0.05) - 2018/05/17 19:33:59 CCT [2018/05/17 7:33:59 ET]
Table 'Donati' 6-max Seat #1 is the button
Seat 1: PiNe4ppLe ($10.29 in chips) 
Seat 2: Punzzzer ($5 in chips) 
Seat 3: mishu415 ($5 in chips) 
Seat 4: Igoreshqaa ($2.06 in chips) 
Seat 5: Hayoterkinovich ($5.20 in chips) 
Seat 6: HubertusB ($6.89 in chips) 
Punzzzer: posts small blind $0.02
mishu415: posts big blind $0.05
*** HOLE CARDS ***
Dealt to HubertusB [3d Qh]
Igoreshqaa: folds 
Hayoterkinovich: folds 
HubertusB: folds 
PiNe4ppLe: folds 
Punzzzer: folds 
Uncalled bet ($0.03) returned to mishu415
mishu415 collected $0.04 from pot
mishu415: doesn't show hand 
*** SUMMARY ***
Total pot $0.04 | Rake $0 
Seat 1: PiNe4ppLe (button) folded before Flop (didn't bet)
Seat 2: Punzzzer (small blind) folded before Flop
Seat 3: mishu415 (big blind) collected ($0.04)
Seat 4: Igoreshqaa folded before Flop (didn't bet)
Seat 5: Hayoterkinovich folded before Flop (didn't bet)
Seat 6: HubertusB folded before Flop (didn't bet)



PokerStars Zoom Hand #186523357319:  Hold'em No Limit ($0.02/$0.05) - 2018/05/17 19:34:05 CCT [2018/05/17 7:34:05 ET]
Table 'Donati' 6-max Seat #1 is the button
Seat 1: HubertusB ($6.89 in chips) 
Seat 2: Cooper Huang ($5 in chips) 
Seat 3: dimensionist ($3.30 in chips) 
Seat 4: andriasssse ($7.01 in chips) 
Seat 5: HSGVB81 ($7.61 in chips) 
Seat 6: antwalker90 ($4.93 in chips) 
Cooper Huang: posts small blind $0.02
dimensionist: posts big blind $0.05
*** HOLE CARDS ***
Dealt to HubertusB [Ac 4h]
andriasssse: folds 
HSGVB81: folds 
antwalker90: folds 
HubertusB: raises $0.05 to $0.10
Cooper Huang: folds 
dimensionist: raises $0.23 to $0.33
HubertusB: folds 
Uncalled bet ($0.23) returned to dimensionist
dimensionist collected $0.22 from pot
dimensionist: doesn't show hand 
*** SUMMARY ***
Total pot $0.22 | Rake $0 
Seat 1: HubertusB (button) folded before Flop
Seat 2: Cooper Huang (small blind) folded before Flop
Seat 3: dimensionist (big blind) collected ($0.22)
Seat 4: andriasssse folded before Flop (didn't bet)
Seat 5: HSGVB81 folded before Flop (didn't bet)
Seat 6: antwalker90 folded before Flop (didn't bet)



PokerStars Zoom Hand #186523366411:  Hold'em No Limit ($0.02/$0.05) - 2018/05/17 19:34:29 CCT [2018/05/17 7:34:29 ET]
Table 'Donati' 6-max Seat #1 is the button
Seat 1: Lydomanka ($5.20 in chips) 
Seat 2: TehPokeHerer ($11.10 in chips) 
Seat 3: Fighter485 ($5 in chips) 
Seat 4: smudge120681 ($9.57 in chips) 
Seat 5: HubertusB ($6.79 in chips) 
Seat 6: AllIKnowIs0 ($5 in chips) 
TehPokeHerer: posts small blind $0.02
Fighter485: posts big blind $0.05
*** HOLE CARDS ***
Dealt to HubertusB [7s Jc]
smudge120681: folds 
HubertusB: folds 
AllIKnowIs0: folds 
Lydomanka: folds 
TehPokeHerer: folds 
Uncalled bet ($0.03) returned to Fighter485
Fighter485 collected $0.04 from pot
Fighter485: doesn't show hand 
*** SUMMARY ***
Total pot $0.04 | Rake $0 
Seat 1: Lydomanka (button) folded before Flop (didn't bet)
Seat 2: TehPokeHerer (small blind) folded before Flop
Seat 3: Fighter485 (big blind) collected ($0.04)
Seat 4: smudge120681 folded before Flop (didn't bet)
Seat 5: HubertusB folded before Flop (didn't bet)
Seat 6: AllIKnowIs0 folded before Flop (didn't bet)



PokerStars Zoom Hand #186523368368:  Hold'em No Limit ($0.02/$0.05) - 2018/05/17 19:34:34 CCT [2018/05/17 7:34:34 ET]
Table 'Donati' 6-max Seat #1 is the button
Seat 1: kyo5001 ($5 in chips) 
Seat 2: FelixZyl ($6.38 in chips) 
Seat 3: HubertusB ($6.79 in chips) 
Seat 4: Ashlynn POV ($2.72 in chips) 
Seat 5: Vegetarian93 ($5 in chips) 
Seat 6: Sitela ($5 in chips) 
FelixZyl: posts small blind $0.02
HubertusB: posts big blind $0.05
*** HOLE CARDS ***
Dealt to HubertusB [8h 6h]
Ashlynn POV: folds 
Vegetarian93 has timed out
Vegetarian93: folds 
Sitela: raises $0.07 to $0.12
kyo5001: folds 
FelixZyl: folds 
HubertusB: raises $0.23 to $0.35
Sitela: calls $0.23
*** FLOP *** [Kd 4c 2h]
HubertusB: bets $0.35
Sitela: folds 
Uncalled bet ($0.35) returned to HubertusB
HubertusB collected $0.69 from pot
HubertusB: doesn't show hand 
*** SUMMARY ***
Total pot $0.72 | Rake $0.03 
Board [Kd 4c 2h]
Seat 1: kyo5001 (button) folded before Flop (didn't bet)
Seat 2: FelixZyl (small blind) folded before Flop
Seat 3: HubertusB (big blind) collected ($0.69)
Seat 4: Ashlynn POV folded before Flop (didn't bet)
Seat 5: Vegetarian93 folded before Flop (didn't bet)
Seat 6: Sitela folded on the Flop



PokerStars Zoom Hand #186523385658:  Hold'em No Limit ($0.02/$0.05) - 2018/05/17 19:35:20 CCT [2018/05/17 7:35:20 ET]
Table 'Donati' 6-max Seat #1 is the button
Seat 1: rebasekene ($6.37 in chips) 
Seat 2: HubertusB ($7.13 in chips) 
Seat 3: RustemAnna ($12.75 in chips) 
Seat 4: zdaz1 ($26.21 in chips) 
Seat 5: PiNe4ppLe ($5.18 in chips) 
Seat 6: Fighter485 ($5.96 in chips) 
HubertusB: posts small blind $0.02
RustemAnna: posts big blind $0.05
*** HOLE CARDS ***
Dealt to HubertusB [Jh Ac]
zdaz1: raises $0.07 to $0.12
PiNe4ppLe: folds 
Fighter485: folds 
rebasekene: folds 
HubertusB: folds 
RustemAnna: folds 
Uncalled bet ($0.07) returned to zdaz1
zdaz1 collected $0.12 from pot
zdaz1: doesn't show hand 
*** SUMMARY ***
Total pot $0.12 | Rake $0 
Seat 1: rebasekene (button) folded before Flop (didn't bet)
Seat 2: HubertusB (small blind) folded before Flop
Seat 3: RustemAnna (big blind) folded before Flop
Seat 4: zdaz1 collected ($0.12)
Seat 5: PiNe4ppLe folded before Flop (didn't bet)
Seat 6: Fighter485 folded before Flop (didn't bet)



PokerStars Zoom Hand #186523391102:  Hold'em No Limit ($0.02/$0.05) - 2018/05/17 19:35:34 CCT [2018/05/17 7:35:34 ET]
Table 'Donati' 6-max Seat #1 is the button
Seat 1: titop_Vector ($6.58 in chips) 
Seat 2: k1v0k ($5.64 in chips) 
Seat 3: Tomka2413 ($5 in chips) 
Seat 4: offuca ($17.75 in chips) 
Seat 5: jacks550 ($7.24 in chips) 
Seat 6: HubertusB ($7.11 in chips) 
k1v0k: posts small blind $0.02
Tomka2413: posts big blind $0.05
*** HOLE CARDS ***
Dealt to HubertusB [Js 2d]
offuca: folds 
jacks550: folds 
HubertusB: folds 
titop_Vector: folds 
k1v0k: folds 
Uncalled bet ($0.03) returned to Tomka2413
Tomka2413 collected $0.04 from pot
Tomka2413: doesn't show hand 
*** SUMMARY ***
Total pot $0.04 | Rake $0 
Seat 1: titop_Vector (button) folded before Flop (didn't bet)
Seat 2: k1v0k (small blind) folded before Flop
Seat 3: Tomka2413 (big blind) collected ($0.04)
Seat 4: offuca folded before Flop (didn't bet)
Seat 5: jacks550 folded before Flop (didn't bet)
Seat 6: HubertusB folded before Flop (didn't bet)



PokerStars Zoom Hand #186523389135:  Hold'em No Limit ($0.02/$0.05) - 2018/05/17 19:35:29 CCT [2018/05/17 7:35:29 ET]
Table 'Donati' 6-max Seat #1 is the button
Seat 1: katsche_GER ($5 in chips) 
Seat 2: m4ri4kky ($7.37 in chips) 
Seat 3: Igoreshqaa ($3.37 in chips) 
Seat 4: HubertusB ($7.11 in chips) 
Seat 5: zwetok ($6.64 in chips) 
Seat 6: Shamaxxx ($6.21 in chips) 
m4ri4kky: posts small blind $0.02
Igoreshqaa: posts big blind $0.05
*** HOLE CARDS ***
Dealt to HubertusB [5c 4h]
HubertusB: folds 
zwetok: raises $0.06 to $0.11
Shamaxxx: folds 
katsche_GER: folds 
m4ri4kky: calls $0.09
Igoreshqaa: folds 
*** FLOP *** [Ah 7d Th]
m4ri4kky: checks 
zwetok: bets $0.22
m4ri4kky: folds 
Uncalled bet ($0.22) returned to zwetok
zwetok collected $0.26 from pot
zwetok: doesn't show hand 
*** SUMMARY ***
Total pot $0.27 | Rake $0.01 
Board [Ah 7d Th]
Seat 1: katsche_GER (button) folded before Flop (didn't bet)
Seat 2: m4ri4kky (small blind) folded on the Flop
Seat 3: Igoreshqaa (big blind) folded before Flop
Seat 4: HubertusB folded before Flop (didn't bet)
Seat 5: zwetok collected ($0.26)
Seat 6: Shamaxxx folded before Flop (didn't bet)



PokerStars Zoom Hand #186523394513:  Hold'em No Limit ($0.02/$0.05) - 2018/05/17 19:35:43 CCT [2018/05/17 7:35:43 ET]
Table 'Donati' 6-max Seat #1 is the button
Seat 1: HubertusB ($7.11 in chips) 
Seat 2: Deox666 ($6.91 in chips) 
Seat 3: zdaz1 ($26.28 in chips) 
Seat 4: turbo*kg ($10.62 in chips) 
Seat 5: justina1990 ($7.18 in chips) 
Seat 6: tirapolisme ($5 in chips) 
Deox666: posts small blind $0.02
zdaz1: posts big blind $0.05
*** HOLE CARDS ***
Dealt to HubertusB [Ks 2h]
turbo*kg: folds 
justina1990: folds 
tirapolisme: folds 
HubertusB: raises $0.05 to $0.10
Deox666: folds 
zdaz1: folds 
Uncalled bet ($0.05) returned to HubertusB
HubertusB collected $0.12 from pot
HubertusB: doesn't show hand 
*** SUMMARY ***
Total pot $0.12 | Rake $0 
Seat 1: HubertusB (button) collected ($0.12)
Seat 2: Deox666 (small blind) folded before Flop
Seat 3: zdaz1 (big blind) folded before Flop
Seat 4: turbo*kg folded before Flop (didn't bet)
Seat 5: justina1990 folded before Flop (didn't bet)
Seat 6: tirapolisme folded before Flop (didn't bet)



PokerStars Zoom Hand #186523401686:  Hold'em No Limit ($0.02/$0.05) - 2018/05/17 19:36:02 CCT [2018/05/17 7:36:02 ET]
Table 'Donati' 6-max Seat #1 is the button
Seat 1: giri00 ($7.20 in chips) 
Seat 2: andriasssse ($9.31 in chips) 
Seat 3: HubertusB ($7.18 in chips) 
Seat 4: Aleks Ryder ($16.90 in chips) 
Seat 5: Break0123 ($5 in chips) 
Seat 6: tty1214 ($7.94 in chips) 
andriasssse: posts small blind $0.02
HubertusB: posts big blind $0.05
*** HOLE CARDS ***
Dealt to HubertusB [5h 2h]
Aleks Ryder: folds 
Break0123: folds 
tty1214: folds 
giri00: raises $0.10 to $0.15
andriasssse: raises $0.35 to $0.50
HubertusB: folds 
giri00: raises $0.75 to $1.25
andriasssse: folds 
Uncalled bet ($0.75) returned to giri00
giri00 collected $1.05 from pot
giri00: doesn't show hand 
*** SUMMARY ***
Total pot $1.05 | Rake $0 
Seat 1: giri00 (button) collected ($1.05)
Seat 2: andriasssse (small blind) folded before Flop
Seat 3: HubertusB (big blind) folded before Flop
Seat 4: Aleks Ryder folded before Flop (didn't bet)
Seat 5: Break0123 folded before Flop (didn't bet)
Seat 6: tty1214 folded before Flop (didn't bet)



PokerStars Zoom Hand #186523405468:  Hold'em No Limit ($0.02/$0.05) - 2018/05/17 19:36:12 CCT [2018/05/17 7:36:12 ET]
Table 'Donati' 6-max Seat #1 is the button
Seat 1: PSqsd ($10.20 in chips) 
Seat 2: IGOR14RUS ($5.35 in chips) 
Seat 3: 1Sania1 ($4.47 in chips) 
Seat 4: Genisys11 ($9.97 in chips) 
Seat 5: HubertusB ($7.13 in chips) 
Seat 6: dekabrist185 ($4.63 in chips) 
IGOR14RUS: posts small blind $0.02
1Sania1: posts big blind $0.05
*** HOLE CARDS ***
Dealt to HubertusB [6h 5h]
Genisys11: folds 
HubertusB: raises $0.05 to $0.10
dekabrist185: folds 
PSqsd: folds 
IGOR14RUS: folds 
1Sania1: calls $0.05
*** FLOP *** [Jd Ad 2c]
1Sania1: checks 
HubertusB: bets $0.10
1Sania1: folds 
Uncalled bet ($0.10) returned to HubertusB
HubertusB collected $0.21 from pot
HubertusB: doesn't show hand 
*** SUMMARY ***
Total pot $0.22 | Rake $0.01 
Board [Jd Ad 2c]
Seat 1: PSqsd (button) folded before Flop (didn't bet)
Seat 2: IGOR14RUS (small blind) folded before Flop
Seat 3: 1Sania1 (big blind) folded on the Flop
Seat 4: Genisys11 folded before Flop (didn't bet)
Seat 5: HubertusB collected ($0.21)
Seat 6: dekabrist185 folded before Flop (didn't bet)



PokerStars Zoom Hand #186523417154:  Hold'em No Limit ($0.02/$0.05) - 2018/05/17 19:36:43 CCT [2018/05/17 7:36:43 ET]
Table 'Donati' 6-max Seat #1 is the button
Seat 1: serge87100 ($5 in chips) 
Seat 2: HubertusB ($7.24 in chips) 
Seat 3: mishu415 ($5 in chips) 
Seat 4: HSGVB81 ($7.52 in chips) 
Seat 5: roadto2kmmr ($23.52 in chips) 
Seat 6: gameruinerr ($2.71 in chips) 
HubertusB: posts small blind $0.02
mishu415: posts big blind $0.05
*** HOLE CARDS ***
Dealt to HubertusB [9h Qs]
HSGVB81: folds 
roadto2kmmr: folds 
gameruinerr: folds 
serge87100: folds 
HubertusB: folds 
Uncalled bet ($0.03) returned to mishu415
mishu415 collected $0.04 from pot
mishu415: doesn't show hand 
*** SUMMARY ***
Total pot $0.04 | Rake $0 
Seat 1: serge87100 (button) folded before Flop (didn't bet)
Seat 2: HubertusB (small blind) folded before Flop
Seat 3: mishu415 (big blind) collected ($0.04)
Seat 4: HSGVB81 folded before Flop (didn't bet)
Seat 5: roadto2kmmr folded before Flop (didn't bet)
Seat 6: gameruinerr folded before Flop (didn't bet)



PokerStars Zoom Hand #186523426388:  Hold'em No Limit ($0.02/$0.05) - 2018/05/17 19:37:07 CCT [2018/05/17 7:37:07 ET]
Table 'Donati' 6-max Seat #1 is the button
Seat 1: PoKelven ($5.19 in chips) 
Seat 2: Gevron ($5 in chips) 
Seat 3: MAMOH77 ($2.11 in chips) 
Seat 4: HubertusB ($7.22 in chips) 
Seat 5: andriasssse ($5 in chips) 
Seat 6: titop_Vector ($5.16 in chips) 
Gevron: posts small blind $0.02
MAMOH77: posts big blind $0.05
*** HOLE CARDS ***
Dealt to HubertusB [Jd 7s]
HubertusB: folds 
andriasssse: raises $0.10 to $0.15
titop_Vector: folds 
PoKelven: folds 
Gevron: folds 
MAMOH77: calls $0.10
*** FLOP *** [8h 6c Kc]
MAMOH77: bets $0.15
andriasssse: folds 
Uncalled bet ($0.15) returned to MAMOH77
MAMOH77 collected $0.31 from pot
MAMOH77: doesn't show hand 
*** SUMMARY ***
Total pot $0.32 | Rake $0.01 
Board [8h 6c Kc]
Seat 1: PoKelven (button) folded before Flop (didn't bet)
Seat 2: Gevron (small blind) folded before Flop
Seat 3: MAMOH77 (big blind) collected ($0.31)
Seat 4: HubertusB folded before Flop (didn't bet)
Seat 5: andriasssse folded on the Flop
Seat 6: titop_Vector folded before Flop (didn't bet)



PokerStars Zoom Hand #186523431311:  Hold'em No Limit ($0.02/$0.05) - 2018/05/17 19:37:20 CCT [2018/05/17 7:37:20 ET]
Table 'Donati' 6-max Seat #1 is the button
Seat 1: alvikas ($5.02 in chips) 
Seat 2: HSGVB81 ($7.47 in chips) 
Seat 3: JoK1910 ($5.65 in chips) 
Seat 4: Hayoterkinovich ($5.09 in chips) 
Seat 5: Hezzak01 ($3.47 in chips) 
Seat 6: HubertusB ($7.22 in chips) 
HSGVB81: posts small blind $0.02
JoK1910: posts big blind $0.05
*** HOLE CARDS ***
Dealt to HubertusB [7h Ah]
Hayoterkinovich: folds 
Hezzak01: folds 
HubertusB: raises $0.05 to $0.10
alvikas: folds 
HSGVB81: folds 
JoK1910: folds 
Uncalled bet ($0.05) returned to HubertusB
HubertusB collected $0.12 from pot
HubertusB: doesn't show hand 
*** SUMMARY ***
Total pot $0.12 | Rake $0 
Seat 1: alvikas (button) folded before Flop (didn't bet)
Seat 2: HSGVB81 (small blind) folded before Flop
Seat 3: JoK1910 (big blind) folded before Flop
Seat 4: Hayoterkinovich folded before Flop (didn't bet)
Seat 5: Hezzak01 folded before Flop (didn't bet)
Seat 6: HubertusB collected ($0.12)



PokerStars Zoom Hand #186523428655:  Hold'em No Limit ($0.02/$0.05) - 2018/05/17 19:37:13 CCT [2018/05/17 7:37:13 ET]
Table 'Donati' 6-max Seat #1 is the button
Seat 1: k1v0k ($5.40 in chips) 
Seat 2: ando272 ($5 in chips) 
Seat 3: masakimilk ($5.10 in chips) 
Seat 4: HubertusB ($7.22 in chips) 
Seat 5: ckmtl5 ($3.59 in chips) 
Seat 6: nanoroma ($0.98 in chips) 
ando272: posts small blind $0.02
masakimilk: posts big blind $0.05
*** HOLE CARDS ***
Dealt to HubertusB [9c 4c]
HubertusB: folds 
ckmtl5: raises $0.10 to $0.15
nanoroma: raises $0.83 to $0.98 and is all-in
k1v0k: folds 
ando272: folds 
masakimilk: folds 
ckmtl5: calls $0.83
*** FLOP *** [7s 3s 2s]
*** TURN *** [7s 3s 2s] [Ah]
*** RIVER *** [7s 3s 2s Ah] [6c]
*** SHOW DOWN ***
ckmtl5: shows [Ad Jc] (a pair of Aces)
nanoroma: shows [Ts Td] (a pair of Tens)
ckmtl5 collected $1.95 from pot
*** SUMMARY ***
Total pot $2.03 | Rake $0.08 
Board [7s 3s 2s Ah 6c]
Seat 1: k1v0k (button) folded before Flop (didn't bet)
Seat 2: ando272 (small blind) folded before Flop
Seat 3: masakimilk (big blind) folded before Flop
Seat 4: HubertusB folded before Flop (didn't bet)
Seat 5: ckmtl5 showed [Ad Jc] and won ($1.95) with a pair of Aces
Seat 6: nanoroma showed [Ts Td] and lost with a pair of Tens



PokerStars Zoom Hand #186523435883:  Hold'em No Limit ($0.02/$0.05) - 2018/05/17 19:37:32 CCT [2018/05/17 7:37:32 ET]
Table 'Donati' 6-max Seat #1 is the button
Seat 1: mariusghet12 ($8.69 in chips) 
Seat 2: HubertusB ($7.29 in chips) 
Seat 3: SHMAG3L ($9.78 in chips) 
Seat 4: mishu415 ($5.07 in chips) 
Seat 5: MoreRakePls1 ($5.36 in chips) 
Seat 6: Hisa38 ($9.62 in chips) 
HubertusB: posts small blind $0.02
SHMAG3L: posts big blind $0.05
*** HOLE CARDS ***
Dealt to HubertusB [Js 7c]
mishu415: folds 
MoreRakePls1: folds 
Hisa38: folds 
mariusghet12: folds 
HubertusB: folds 
Uncalled bet ($0.03) returned to SHMAG3L
SHMAG3L collected $0.04 from pot
SHMAG3L: doesn't show hand 
*** SUMMARY ***
Total pot $0.04 | Rake $0 
Seat 1: mariusghet12 (button) folded before Flop (didn't bet)
Seat 2: HubertusB (small blind) folded before Flop
Seat 3: SHMAG3L (big blind) collected ($0.04)
Seat 4: mishu415 folded before Flop (didn't bet)
Seat 5: MoreRakePls1 folded before Flop (didn't bet)
Seat 6: Hisa38 folded before Flop (didn't bet)



PokerStars Zoom Hand #186523442010:  Hold'em No Limit ($0.02/$0.05) - 2018/05/17 19:37:48 CCT [2018/05/17 7:37:48 ET]
Table 'Donati' 6-max Seat #1 is the button
Seat 1: HubertusB ($7.27 in chips) 
Seat 2: Siorassc ($5.02 in chips) 
Seat 3: zdaz1 ($13.87 in chips) 
Seat 4: Cardenas87 ($5.04 in chips) 
Seat 5: mariusghet12 ($6.18 in chips) 
Seat 6: sepik200 ($4.59 in chips) 
Siorassc: posts small blind $0.02
zdaz1: posts big blind $0.05
*** HOLE CARDS ***
Dealt to HubertusB [As Ks]
Cardenas87: folds 
mariusghet12: folds 
sepik200: folds 
HubertusB: raises $0.05 to $0.10
Siorassc: folds 
zdaz1: folds 
Uncalled bet ($0.05) returned to HubertusB
HubertusB collected $0.12 from pot
HubertusB: doesn't show hand 
*** SUMMARY ***
Total pot $0.12 | Rake $0 
Seat 1: HubertusB (button) collected ($0.12)
Seat 2: Siorassc (small blind) folded before Flop
Seat 3: zdaz1 (big blind) folded before Flop
Seat 4: Cardenas87 folded before Flop (didn't bet)
Seat 5: mariusghet12 folded before Flop (didn't bet)
Seat 6: sepik200 folded before Flop (didn't bet)



PokerStars Zoom Hand #186523449217:  Hold'em No Limit ($0.02/$0.05) - 2018/05/17 19:38:07 CCT [2018/05/17 7:38:07 ET]
Table 'Donati' 6-max Seat #1 is the button
Seat 1: Hisa38 ($8.12 in chips) 
Seat 2: SHMAG3L ($5.71 in chips) 
Seat 3: taiszi ($5.42 in chips) 
Seat 4: mishu415 ($5.13 in chips) 
Seat 5: RobertMoog ($6.25 in chips) 
Seat 6: HubertusB ($7.34 in chips) 
SHMAG3L: posts small blind $0.02
taiszi: posts big blind $0.05
*** HOLE CARDS ***
Dealt to HubertusB [Kc 4s]
mishu415: folds 
RobertMoog: folds 
HubertusB: folds 
Hisa38: raises $0.10 to $0.15
SHMAG3L: folds 
taiszi: folds 
Uncalled bet ($0.10) returned to Hisa38
Hisa38 collected $0.12 from pot
Hisa38: doesn't show hand 
*** SUMMARY ***
Total pot $0.12 | Rake $0 
Seat 1: Hisa38 (button) collected ($0.12)
Seat 2: SHMAG3L (small blind) folded before Flop
Seat 3: taiszi (big blind) folded before Flop
Seat 4: mishu415 folded before Flop (didn't bet)
Seat 5: RobertMoog folded before Flop (didn't bet)
Seat 6: HubertusB folded before Flop (didn't bet)



PokerStars Zoom Hand #186523451532:  Hold'em No Limit ($0.02/$0.05) - 2018/05/17 19:38:13 CCT [2018/05/17 7:38:13 ET]
Table 'Donati' 6-max Seat #1 is the button
Seat 1: Robstarr7 ($7.59 in chips) 
Seat 2: Gyula MIH ($5 in chips) 
Seat 3: HubertusB ($7.34 in chips) 
Seat 4: ALEX_29877 ($12.23 in chips) 
Seat 5: Vegetarian93 ($5.48 in chips) 
Seat 6: Mitusha666 ($5.45 in chips) 
Gyula MIH: posts small blind $0.02
HubertusB: posts big blind $0.05
*** HOLE CARDS ***
Dealt to HubertusB [Jc 5c]
ALEX_29877: folds 
Vegetarian93: folds 
Mitusha666: folds 
Robstarr7: folds 
Gyula MIH: raises $0.07 to $0.12
HubertusB: raises $0.23 to $0.35
Gyula MIH: folds 
Uncalled bet ($0.23) returned to HubertusB
HubertusB collected $0.24 from pot
HubertusB: doesn't show hand 
*** SUMMARY ***
Total pot $0.24 | Rake $0 
Seat 1: Robstarr7 (button) folded before Flop (didn't bet)
Seat 2: Gyula MIH (small blind) folded before Flop
Seat 3: HubertusB (big blind) collected ($0.24)
Seat 4: ALEX_29877 folded before Flop (didn't bet)
Seat 5: Vegetarian93 folded before Flop (didn't bet)
Seat 6: Mitusha666 folded before Flop (didn't bet)



PokerStars Zoom Hand #186523463386:  Hold'em No Limit ($0.02/$0.05) - 2018/05/17 19:38:44 CCT [2018/05/17 7:38:44 ET]
Table 'Donati' 6-max Seat #1 is the button
Seat 1: 19481218 ($4.90 in chips) 
Seat 2: HubertusB ($7.46 in chips) 
Seat 3: tragedihenke ($5.09 in chips) 
Seat 4: Tutunn ($5.68 in chips) 
Seat 5: WimmerA97 ($10.05 in chips) 
Seat 6: KHFC9999 ($1.97 in chips) 
HubertusB: posts small blind $0.02
tragedihenke: posts big blind $0.05
*** HOLE CARDS ***
Dealt to HubertusB [4d 5h]
Tutunn: folds 
WimmerA97: raises $0.10 to $0.15
KHFC9999: folds 
19481218: folds 
HubertusB: folds 
tragedihenke: folds 
Uncalled bet ($0.10) returned to WimmerA97
WimmerA97 collected $0.12 from pot
WimmerA97: doesn't show hand 
*** SUMMARY ***
Total pot $0.12 | Rake $0 
Seat 1: 19481218 (button) folded before Flop (didn't bet)
Seat 2: HubertusB (small blind) folded before Flop
Seat 3: tragedihenke (big blind) folded before Flop
Seat 4: Tutunn folded before Flop (didn't bet)
Seat 5: WimmerA97 collected ($0.12)
Seat 6: KHFC9999 folded before Flop (didn't bet)



PokerStars Zoom Hand #186523466431:  Hold'em No Limit ($0.02/$0.05) - 2018/05/17 19:38:52 CCT [2018/05/17 7:38:52 ET]
Table 'Donati' 6-max Seat #1 is the button
Seat 1: Truth711 ($9.58 in chips) 
Seat 2: okli87 ($5.18 in chips) 
Seat 3: geass0621 ($9.52 in chips) 
Seat 4: boxhan ($6.19 in chips) 
Seat 5: HubertusB ($7.44 in chips) 
Seat 6: Gevron ($5 in chips) 
okli87: posts small blind $0.02
geass0621: posts big blind $0.05
*** HOLE CARDS ***
Dealt to HubertusB [9c 6h]
boxhan: raises $0.10 to $0.15
HubertusB: folds 
Gevron: folds 
Truth711: folds 
okli87: folds 
geass0621: folds 
Uncalled bet ($0.10) returned to boxhan
boxhan collected $0.12 from pot
boxhan: doesn't show hand 
*** SUMMARY ***
Total pot $0.12 | Rake $0 
Seat 1: Truth711 (button) folded before Flop (didn't bet)
Seat 2: okli87 (small blind) folded before Flop
Seat 3: geass0621 (big blind) folded before Flop
Seat 4: boxhan collected ($0.12)
Seat 5: HubertusB folded before Flop (didn't bet)
Seat 6: Gevron folded before Flop (didn't bet)



PokerStars Zoom Hand #186523460742:  Hold'em No Limit ($0.02/$0.05) - 2018/05/17 19:38:37 CCT [2018/05/17 7:38:37 ET]
Table 'Donati' 6-max Seat #1 is the button
Seat 1: HubertusB ($7.46 in chips) 
Seat 2: kadyrov1992 ($12.02 in chips) 
Seat 3: Tomazisis ($5.80 in chips) 
Seat 4: IGOR14RUS ($5.74 in chips) 
Seat 5: KRAVA088 ($5.14 in chips) 
Seat 6: Marat020775 ($12.96 in chips) 
kadyrov1992: posts small blind $0.02
Tomazisis: posts big blind $0.05
*** HOLE CARDS ***
Dealt to HubertusB [Qs 8d]
IGOR14RUS: folds 
KRAVA088: raises $0.10 to $0.15
Marat020775: folds 
HubertusB: folds 
kadyrov1992: folds 
Tomazisis: folds 
Uncalled bet ($0.10) returned to KRAVA088
KRAVA088 collected $0.12 from pot
KRAVA088: doesn't show hand 
*** SUMMARY ***
Total pot $0.12 | Rake $0 
Seat 1: HubertusB (button) folded before Flop (didn't bet)
Seat 2: kadyrov1992 (small blind) folded before Flop
Seat 3: Tomazisis (big blind) folded before Flop
Seat 4: IGOR14RUS folded before Flop (didn't bet)
Seat 5: KRAVA088 collected ($0.12)
Seat 6: Marat020775 folded before Flop (didn't bet)



PokerStars Zoom Hand #186523471046:  Hold'em No Limit ($0.02/$0.05) - 2018/05/17 19:39:04 CCT [2018/05/17 7:39:04 ET]
Table 'Donati' 6-max Seat #1 is the button
Seat 1: budztpt ($15.82 in chips) 
Seat 2: ThomaSs223 ($12.54 in chips) 
Seat 3: gracerusson ($3.61 in chips) 
Seat 4: 0GL0 ($5.27 in chips) 
Seat 5: HubertusB ($7.44 in chips) 
Seat 6: Robstarr7 ($7.47 in chips) 
ThomaSs223: posts small blind $0.02
gracerusson: posts big blind $0.05
*** HOLE CARDS ***
Dealt to HubertusB [8c 6s]
0GL0: folds 
HubertusB: folds 
Robstarr7: folds 
budztpt: raises $0.05 to $0.10
ThomaSs223: folds 
gracerusson: calls $0.05
*** FLOP *** [Td Jc 2c]
gracerusson: checks 
budztpt: bets $0.20
gracerusson: calls $0.20
*** TURN *** [Td Jc 2c] [9d]
gracerusson: checks 
budztpt: bets $0.35
gracerusson: calls $0.35
*** RIVER *** [Td Jc 2c 9d] [Ts]
gracerusson: bets $2.96 and is all-in
budztpt: folds 
Uncalled bet ($2.96) returned to gracerusson
gracerusson collected $1.27 from pot
gracerusson: doesn't show hand 
*** SUMMARY ***
Total pot $1.32 | Rake $0.05 
Board [Td Jc 2c 9d Ts]
Seat 1: budztpt (button) folded on the River
Seat 2: ThomaSs223 (small blind) folded before Flop
Seat 3: gracerusson (big blind) collected ($1.27)
Seat 4: 0GL0 folded before Flop (didn't bet)
Seat 5: HubertusB folded before Flop (didn't bet)
Seat 6: Robstarr7 folded before Flop (didn't bet)



PokerStars Zoom Hand #186523473778:  Hold'em No Limit ($0.02/$0.05) - 2018/05/17 19:39:11 CCT [2018/05/17 7:39:11 ET]
Table 'Donati' 6-max Seat #1 is the button
Seat 1: DollarPrync ($9.95 in chips) 
Seat 2: POPOM_88 ($5.25 in chips) 
Seat 3: HubertusB ($7.44 in chips) 
Seat 4: roadto2kmmr ($12.78 in chips) 
Seat 5: narrator123 ($5 in chips) 
Seat 6: St_Curly21 ($9.48 in chips) 
POPOM_88: posts small blind $0.02
HubertusB: posts big blind $0.05
*** HOLE CARDS ***
Dealt to HubertusB [Ah 2h]
roadto2kmmr: folds 
narrator123: folds 
St_Curly21: raises $0.05 to $0.10
DollarPrync: folds 
POPOM_88: folds 
HubertusB: raises $0.20 to $0.30
St_Curly21: calls $0.20
*** FLOP *** [Kd 9c 6d]
HubertusB: bets $0.30
St_Curly21: calls $0.30
*** TURN *** [Kd 9c 6d] [Qs]
HubertusB: checks 
St_Curly21: checks 
*** RIVER *** [Kd 9c 6d Qs] [5s]
HubertusB: checks 
St_Curly21: bets $0.85
HubertusB: raises $1.40 to $2.25
St_Curly21: folds 
Uncalled bet ($1.40) returned to HubertusB
HubertusB collected $2.80 from pot
HubertusB: doesn't show hand 
*** SUMMARY ***
Total pot $2.92 | Rake $0.12 
Board [Kd 9c 6d Qs 5s]
Seat 1: DollarPrync (button) folded before Flop (didn't bet)
Seat 2: POPOM_88 (small blind) folded before Flop
Seat 3: HubertusB (big blind) collected ($2.80)
Seat 4: roadto2kmmr folded before Flop (didn't bet)
Seat 5: narrator123 folded before Flop (didn't bet)
Seat 6: St_Curly21 folded on the River



PokerStars Zoom Hand #186523504443:  Hold'em No Limit ($0.02/$0.05) - 2018/05/17 19:40:31 CCT [2018/05/17 7:40:31 ET]
Table 'Donati' 6-max Seat #1 is the button
Seat 1: DIMAvBOSS ($5.19 in chips) 
Seat 2: BeatLimits ($5.20 in chips) 
Seat 3: sport300184 ($6.47 in chips) 
Seat 4: Kruzer20 ($5.76 in chips) 
Seat 5: Igorsss3 ($5 in chips) 
Seat 6: HubertusB ($8.79 in chips) 
BeatLimits: posts small blind $0.02
sport300184: posts big blind $0.05
*** HOLE CARDS ***
Dealt to HubertusB [Kh Ks]
Kruzer20: folds 
Igorsss3: folds 
HubertusB: raises $0.05 to $0.10
DIMAvBOSS: folds 
BeatLimits: folds 
sport300184: calls $0.05
*** FLOP *** [6c Qs 3d]
sport300184: bets $0.11
HubertusB: calls $0.11
*** TURN *** [6c Qs 3d] [7c]
sport300184: bets $0.21
HubertusB: raises $0.39 to $0.60
sport300184: folds 
Uncalled bet ($0.39) returned to HubertusB
HubertusB collected $0.82 from pot
HubertusB: doesn't show hand 
*** SUMMARY ***
Total pot $0.86 | Rake $0.04 
Board [6c Qs 3d 7c]
Seat 1: DIMAvBOSS (button) folded before Flop (didn't bet)
Seat 2: BeatLimits (small blind) folded before Flop
Seat 3: sport300184 (big blind) folded on the Turn
Seat 4: Kruzer20 folded before Flop (didn't bet)
Seat 5: Igorsss3 folded before Flop (didn't bet)
Seat 6: HubertusB collected ($0.82)



PokerStars Zoom Hand #186523523110:  Hold'em No Limit ($0.02/$0.05) - 2018/05/17 19:41:20 CCT [2018/05/17 7:41:20 ET]
Table 'Donati' 6-max Seat #1 is the button
Seat 1: mariusghet12 ($3.27 in chips) 
Seat 2: HubertusB ($9.19 in chips) 
Seat 3: andriasssse ($6.37 in chips) 
Seat 4: MAMOH77 ($2.19 in chips) 
Seat 5: Dmigri ($6.54 in chips) 
Seat 6: AnthonyTH ($5.10 in chips) 
HubertusB: posts small blind $0.02
andriasssse: posts big blind $0.05
*** HOLE CARDS ***
Dealt to HubertusB [6c 5s]
MAMOH77: folds 
Dmigri: folds 
AnthonyTH: folds 
mariusghet12: folds 
HubertusB: raises $0.05 to $0.10
andriasssse: folds 
Uncalled bet ($0.05) returned to HubertusB
HubertusB collected $0.10 from pot
HubertusB: doesn't show hand 
*** SUMMARY ***
Total pot $0.10 | Rake $0 
Seat 1: mariusghet12 (button) folded before Flop (didn't bet)
Seat 2: HubertusB (small blind) collected ($0.10)
Seat 3: andriasssse (big blind) folded before Flop
Seat 4: MAMOH77 folded before Flop (didn't bet)
Seat 5: Dmigri folded before Flop (didn't bet)
Seat 6: AnthonyTH folded before Flop (didn't bet)



PokerStars Zoom Hand #186523517749:  Hold'em No Limit ($0.02/$0.05) - 2018/05/17 19:41:06 CCT [2018/05/17 7:41:06 ET]
Table 'Donati' 6-max Seat #1 is the button
Seat 1: margo1011 ($6.06 in chips) 
Seat 2: mr.all in946 ($7.23 in chips) 
Seat 3: Tustik ($5.12 in chips) 
Seat 4: HubertusB ($9.19 in chips) 
Seat 5: Kruzer20 ($11.98 in chips) 
Seat 6: valmihai37 ($1.94 in chips) 
mr.all in946: posts small blind $0.02
Tustik: posts big blind $0.05
*** HOLE CARDS ***
Dealt to HubertusB [2s 9d]
HubertusB: folds 
Kruzer20: folds 
valmihai37: folds 
margo1011: raises $0.10 to $0.15
mr.all in946: folds 
Tustik: calls $0.10
*** FLOP *** [6d 4c Ac]
Tustik: checks 
margo1011: checks 
*** TURN *** [6d 4c Ac] [6c]
Tustik: checks 
margo1011: checks 
*** RIVER *** [6d 4c Ac 6c] [As]
Tustik: checks 
margo1011: checks 
*** SHOW DOWN ***
Tustik: shows [Ks Jd] (two pair, Aces and Sixes)
margo1011: shows [Kd Th] (two pair, Aces and Sixes)
Tustik collected $0.16 from pot
margo1011 collected $0.15 from pot
*** SUMMARY ***
Total pot $0.32 | Rake $0.01 
Board [6d 4c Ac 6c As]
Seat 1: margo1011 (button) showed [Kd Th] and won ($0.15) with two pair, Aces and Sixes
Seat 2: mr.all in946 (small blind) folded before Flop
Seat 3: Tustik (big blind) showed [Ks Jd] and won ($0.16) with two pair, Aces and Sixes
Seat 4: HubertusB folded before Flop (didn't bet)
Seat 5: Kruzer20 folded before Flop (didn't bet)
Seat 6: valmihai37 folded before Flop (didn't bet)



PokerStars Zoom Hand #186523520452:  Hold'em No Limit ($0.02/$0.05) - 2018/05/17 19:41:13 CCT [2018/05/17 7:41:13 ET]
Table 'Donati' 6-max Seat #1 is the button
Seat 1: serge87100 ($5.87 in chips) 
Seat 2: albiefung ($3.89 in chips) 
Seat 3: CzechBassLR ($2.61 in chips) 
Seat 4: HubertusB ($9.19 in chips) 
Seat 5: yajasoo999 ($6.09 in chips) 
Seat 6: michaelodonovan ($4.86 in chips) 
albiefung: posts small blind $0.02
CzechBassLR: posts big blind $0.05
*** HOLE CARDS ***
Dealt to HubertusB [Ah 8c]
HubertusB: folds 
yajasoo999: folds 
michaelodonovan: raises $0.10 to $0.15
serge87100: folds 
albiefung: calls $0.13
CzechBassLR: raises $0.25 to $0.40
michaelodonovan: calls $0.25
albiefung: calls $0.25
*** FLOP *** [7h 9d 9h]
albiefung: checks 
CzechBassLR: checks 
michaelodonovan: bets $0.86
albiefung: folds 
CzechBassLR: calls $0.86
*** TURN *** [7h 9d 9h] [4s]
CzechBassLR: checks 
michaelodonovan: bets $2.10
CzechBassLR: folds 
Uncalled bet ($2.10) returned to michaelodonovan
michaelodonovan collected $2.80 from pot
michaelodonovan: doesn't show hand 
*** SUMMARY ***
Total pot $2.92 | Rake $0.12 
Board [7h 9d 9h 4s]
Seat 1: serge87100 (button) folded before Flop (didn't bet)
Seat 2: albiefung (small blind) folded on the Flop
Seat 3: CzechBassLR (big blind) folded on the Turn
Seat 4: HubertusB folded before Flop (didn't bet)
Seat 5: yajasoo999 folded before Flop (didn't bet)
Seat 6: michaelodonovan collected ($2.80)



PokerStars Zoom Hand #186523527780:  Hold'em No Limit ($0.02/$0.05) - 2018/05/17 19:41:32 CCT [2018/05/17 7:41:32 ET]
Table 'Donati' 6-max Seat #1 is the button
Seat 1: HubertusB ($9.24 in chips) 
Seat 2: k1v0k ($7.50 in chips) 
Seat 3: I10Poker ($5 in chips) 
Seat 4: alesha566 ($5 in chips) 
Seat 5: Roman197430 ($14.73 in chips) 
Seat 6: RustemAnna ($12.56 in chips) 
k1v0k: posts small blind $0.02
I10Poker: posts big blind $0.05
*** HOLE CARDS ***
Dealt to HubertusB [Ah Qs]
alesha566: folds 
Roman197430: folds 
RustemAnna: folds 
HubertusB: raises $0.05 to $0.10
k1v0k: folds 
I10Poker: folds 
Uncalled bet ($0.05) returned to HubertusB
HubertusB collected $0.12 from pot
HubertusB: doesn't show hand 
*** SUMMARY ***
Total pot $0.12 | Rake $0 
Seat 1: HubertusB (button) collected ($0.12)
Seat 2: k1v0k (small blind) folded before Flop
Seat 3: I10Poker (big blind) folded before Flop
Seat 4: alesha566 folded before Flop (didn't bet)
Seat 5: Roman197430 folded before Flop (didn't bet)
Seat 6: RustemAnna folded before Flop (didn't bet)



PokerStars Zoom Hand #186523539942:  Hold'em No Limit ($0.02/$0.05) - 2018/05/17 19:42:04 CCT [2018/05/17 7:42:04 ET]
Table 'Donati' 6-max Seat #1 is the button
Seat 1: takkun230 ($5.36 in chips) 
Seat 2: Sitela ($5.62 in chips) 
Seat 3: HubertusB ($9.31 in chips) 
Seat 4: nanoroma ($2.91 in chips) 
Seat 5: mariusghet12 ($3.20 in chips) 
Seat 6: Dmigri ($5 in chips) 
Sitela: posts small blind $0.02
HubertusB: posts big blind $0.05
*** HOLE CARDS ***
Dealt to HubertusB [6h 8d]
nanoroma: raises $0.05 to $0.10
mariusghet12: folds 
Dmigri: folds 
takkun230: folds 
Sitela: folds 
HubertusB: folds 
Uncalled bet ($0.05) returned to nanoroma
nanoroma collected $0.12 from pot
nanoroma: doesn't show hand 
*** SUMMARY ***
Total pot $0.12 | Rake $0 
Seat 1: takkun230 (button) folded before Flop (didn't bet)
Seat 2: Sitela (small blind) folded before Flop
Seat 3: HubertusB (big blind) folded before Flop
Seat 4: nanoroma collected ($0.12)
Seat 5: mariusghet12 folded before Flop (didn't bet)
Seat 6: Dmigri folded before Flop (didn't bet)



PokerStars Zoom Hand #186523544489:  Hold'em No Limit ($0.02/$0.05) - 2018/05/17 19:42:16 CCT [2018/05/17 7:42:16 ET]
Table 'Donati' 6-max Seat #1 is the button
Seat 1: roadto2kmmr ($12.24 in chips) 
Seat 2: opopo0009 ($5 in chips) 
Seat 3: Lydomanka ($5 in chips) 
Seat 4: ThomaSs223 ($13.48 in chips) 
Seat 5: HubertusB ($9.26 in chips) 
Seat 6: I10Poker ($4.93 in chips) 
opopo0009: posts small blind $0.02
Lydomanka: posts big blind $0.05
*** HOLE CARDS ***
Dealt to HubertusB [2d 6c]
ThomaSs223: folds 
HubertusB: folds 
I10Poker: folds 
roadto2kmmr: folds 
opopo0009: folds 
Uncalled bet ($0.03) returned to Lydomanka
Lydomanka collected $0.04 from pot
Lydomanka: doesn't show hand 
*** SUMMARY ***
Total pot $0.04 | Rake $0 
Seat 1: roadto2kmmr (button) folded before Flop (didn't bet)
Seat 2: opopo0009 (small blind) folded before Flop
Seat 3: Lydomanka (big blind) collected ($0.04)
Seat 4: ThomaSs223 folded before Flop (didn't bet)
Seat 5: HubertusB folded before Flop (didn't bet)
Seat 6: I10Poker folded before Flop (didn't bet)



PokerStars Zoom Hand #186523547899:  Hold'em No Limit ($0.02/$0.05) - 2018/05/17 19:42:25 CCT [2018/05/17 7:42:25 ET]
Table 'Donati' 6-max Seat #1 is the button
Seat 1: POPOM_88 ($5.39 in chips) 
Seat 2: HubertusB ($9.26 in chips) 
Seat 3: Moskvich951 ($5 in chips) 
Seat 4: HSGVB81 ($6.95 in chips) 
Seat 5: geass0621 ($4.63 in chips) 
Seat 6: I10Poker ($4.93 in chips) 
HubertusB: posts small blind $0.02
Moskvich951: posts big blind $0.05
*** HOLE CARDS ***
Dealt to HubertusB [As Qc]
HSGVB81: folds 
geass0621: folds 
I10Poker: folds 
POPOM_88: folds 
HubertusB: raises $0.05 to $0.10
Moskvich951: folds 
Uncalled bet ($0.05) returned to HubertusB
HubertusB collected $0.10 from pot
HubertusB: doesn't show hand 
*** SUMMARY ***
Total pot $0.10 | Rake $0 
Seat 1: POPOM_88 (button) folded before Flop (didn't bet)
Seat 2: HubertusB (small blind) collected ($0.10)
Seat 3: Moskvich951 (big blind) folded before Flop
Seat 4: HSGVB81 folded before Flop (didn't bet)
Seat 5: geass0621 folded before Flop (didn't bet)
Seat 6: I10Poker folded before Flop (didn't bet)



PokerStars Zoom Hand #186523542608:  Hold'em No Limit ($0.02/$0.05) - 2018/05/17 19:42:11 CCT [2018/05/17 7:42:11 ET]
Table 'Donati' 6-max Seat #1 is the button
Seat 1: PugoGrasse ($6.38 in chips) 
Seat 2: vova270793 ($5.07 in chips) 
Seat 3: seignior ($3.10 in chips) 
Seat 4: 0GL0 ($5.30 in chips) 
Seat 5: umekichi88 ($3.13 in chips) 
Seat 6: HubertusB ($9.26 in chips) 
vova270793: posts small blind $0.02
seignior: posts big blind $0.05
*** HOLE CARDS ***
Dealt to HubertusB [2s Jh]
0GL0: folds 
umekichi88: calls $0.05
HubertusB: folds 
PugoGrasse: folds 
vova270793: folds 
seignior: checks 
*** FLOP *** [Qd 4h 7h]
seignior: checks 
umekichi88: checks 
*** TURN *** [Qd 4h 7h] [Th]
seignior: checks 
umekichi88: checks 
*** RIVER *** [Qd 4h 7h Th] [Ac]
seignior: checks 
umekichi88: checks 
*** SHOW DOWN ***
seignior: shows [2d 5d] (high card Ace)
umekichi88: shows [Kh 4s] (a pair of Fours)
umekichi88 collected $0.12 from pot
*** SUMMARY ***
Total pot $0.12 | Rake $0 
Board [Qd 4h 7h Th Ac]
Seat 1: PugoGrasse (button) folded before Flop (didn't bet)
Seat 2: vova270793 (small blind) folded before Flop
Seat 3: seignior (big blind) showed [2d 5d] and lost with high card Ace
Seat 4: 0GL0 folded before Flop (didn't bet)
Seat 5: umekichi88 showed [Kh 4s] and won ($0.12) with a pair of Fours
Seat 6: HubertusB folded before Flop (didn't bet)



PokerStars Zoom Hand #186523555940:  Hold'em No Limit ($0.02/$0.05) - 2018/05/17 19:42:46 CCT [2018/05/17 7:42:46 ET]
Table 'Donati' 6-max Seat #1 is the button
Seat 1: HubertusB ($9.31 in chips) 
Seat 2: beks13rus ($4.85 in chips) 
Seat 3: Hayoterkinovich ($5.98 in chips) 
Seat 4: Tomazisis ($5.29 in chips) 
Seat 5: Harry0509 ($5.56 in chips) 
Seat 6: PiNe4ppLe ($5.29 in chips) 
beks13rus: posts small blind $0.02
Hayoterkinovich: posts big blind $0.05
*** HOLE CARDS ***
Dealt to HubertusB [Ts 9s]
Tomazisis: raises $0.10 to $0.15
Harry0509: folds 
PiNe4ppLe: folds 
HubertusB: calls $0.15
beks13rus: folds 
Hayoterkinovich: folds 
*** FLOP *** [7c Jc 6h]
Tomazisis: bets $0.18
HubertusB: calls $0.18
*** TURN *** [7c Jc 6h] [5s]
Tomazisis: bets $0.35
HubertusB: raises $0.70 to $1.05
Tomazisis: folds 
Uncalled bet ($0.70) returned to HubertusB
HubertusB collected $1.37 from pot
HubertusB: doesn't show hand 
*** SUMMARY ***
Total pot $1.43 | Rake $0.06 
Board [7c Jc 6h 5s]
Seat 1: HubertusB (button) collected ($1.37)
Seat 2: beks13rus (small blind) folded before Flop
Seat 3: Hayoterkinovich (big blind) folded before Flop
Seat 4: Tomazisis folded on the Turn
Seat 5: Harry0509 folded before Flop (didn't bet)
Seat 6: PiNe4ppLe folded before Flop (didn't bet)



PokerStars Zoom Hand #186523578151:  Hold'em No Limit ($0.02/$0.05) - 2018/05/17 19:43:44 CCT [2018/05/17 7:43:44 ET]
Table 'Donati' 6-max Seat #1 is the button
Seat 1: Masterkill1997 ($32.93 in chips) 
Seat 2: m4ri4kky ($5.63 in chips) 
Seat 3: HubertusB ($10 in chips) 
Seat 4: Genisys11 ($8.31 in chips) 
Seat 5: CzechBassLR ($1.25 in chips) 
Seat 6: Truth711 ($8.76 in chips) 
m4ri4kky: posts small blind $0.02
HubertusB: posts big blind $0.05
*** HOLE CARDS ***
Dealt to HubertusB [9d Ks]
Genisys11: raises $0.07 to $0.12
CzechBassLR: folds 
Truth711: folds 
Masterkill1997: folds 
m4ri4kky: folds 
HubertusB: folds 
Uncalled bet ($0.07) returned to Genisys11
Genisys11 collected $0.12 from pot
Genisys11: doesn't show hand 
*** SUMMARY ***
Total pot $0.12 | Rake $0 
Seat 1: Masterkill1997 (button) folded before Flop (didn't bet)
Seat 2: m4ri4kky (small blind) folded before Flop
Seat 3: HubertusB (big blind) folded before Flop
Seat 4: Genisys11 collected ($0.12)
Seat 5: CzechBassLR folded before Flop (didn't bet)
Seat 6: Truth711 folded before Flop (didn't bet)



PokerStars Zoom Hand #186523582693:  Hold'em No Limit ($0.02/$0.05) - 2018/05/17 19:43:56 CCT [2018/05/17 7:43:56 ET]
Table 'Donati' 6-max Seat #1 is the button
Seat 1: yuu0914 ($7.48 in chips) 
Seat 2: Game123King ($9.09 in chips) 
Seat 3: Sitela ($6.30 in chips) 
Seat 4: fearless1221 ($2.27 in chips) 
Seat 5: HubertusB ($9.95 in chips) 
Seat 6: tty1214 ($7.93 in chips) 
Game123King: posts small blind $0.02
Sitela: posts big blind $0.05
*** HOLE CARDS ***
Dealt to HubertusB [Jh Ad]
fearless1221: folds 
HubertusB: raises $0.05 to $0.10
tty1214: folds 
yuu0914: raises $0.22 to $0.32
Game123King: folds 
Sitela: folds 
HubertusB: folds 
Uncalled bet ($0.22) returned to yuu0914
yuu0914 collected $0.27 from pot
yuu0914: doesn't show hand 
*** SUMMARY ***
Total pot $0.27 | Rake $0 
Seat 1: yuu0914 (button) collected ($0.27)
Seat 2: Game123King (small blind) folded before Flop
Seat 3: Sitela (big blind) folded before Flop
Seat 4: fearless1221 folded before Flop (didn't bet)
Seat 5: HubertusB folded before Flop
Seat 6: tty1214 folded before Flop (didn't bet)



PokerStars Zoom Hand #186523593736:  Hold'em No Limit ($0.02/$0.05) - 2018/05/17 19:44:25 CCT [2018/05/17 7:44:25 ET]
Table 'Donati' 6-max Seat #1 is the button
Seat 1: masakimilk ($5 in chips) 
Seat 2: belmain.by ($5 in chips) 
Seat 3: Break0123 ($5.73 in chips) 
Seat 4: HubertusB ($9.85 in chips) 
Seat 5: BeatLimits ($5.20 in chips) 
Seat 6: giri00 ($13.46 in chips) 
belmain.by: posts small blind $0.02
Break0123: posts big blind $0.05
*** HOLE CARDS ***
Dealt to HubertusB [Jh Qh]
HubertusB: raises $0.05 to $0.10
BeatLimits: folds 
giri00: folds 
masakimilk: raises $0.27 to $0.37
belmain.by: folds 
Break0123: folds 
HubertusB: calls $0.27
*** FLOP *** [5h 9c Tc]
HubertusB: checks 
masakimilk: bets $0.51
HubertusB: calls $0.51
*** TURN *** [5h 9c Tc] [Ts]
HubertusB: checks 
masakimilk: checks 
*** RIVER *** [5h 9c Tc Ts] [6c]
HubertusB: bets $1.35
masakimilk: calls $1.35
*** SHOW DOWN ***
HubertusB: shows [Jh Qh] (a pair of Tens)
masakimilk: shows [Jd Jc] (two pair, Jacks and Tens)
masakimilk collected $4.34 from pot
*** SUMMARY ***
Total pot $4.53 | Rake $0.19 
Board [5h 9c Tc Ts 6c]
Seat 1: masakimilk (button) showed [Jd Jc] and won ($4.34) with two pair, Jacks and Tens
Seat 2: belmain.by (small blind) folded before Flop
Seat 3: Break0123 (big blind) folded before Flop
Seat 4: HubertusB showed [Jh Qh] and lost with a pair of Tens
Seat 5: BeatLimits folded before Flop (didn't bet)
Seat 6: giri00 folded before Flop (didn't bet)



PokerStars Zoom Hand #186523627559:  Hold'em No Limit ($0.02/$0.05) - 2018/05/17 19:45:54 CCT [2018/05/17 7:45:54 ET]
Table 'Donati' 6-max Seat #1 is the button
Seat 1: khaldrogo59 ($16.87 in chips) 
Seat 2: TehPokeHerer ($11.23 in chips) 
Seat 3: k1v0k ($5 in chips) 
Seat 4: x8e3yn4ik ($5.18 in chips) 
Seat 5: KRAVA088 ($8.48 in chips) 
Seat 6: HubertusB ($7.62 in chips) 
TehPokeHerer: posts small blind $0.02
k1v0k: posts big blind $0.05
*** HOLE CARDS ***
Dealt to HubertusB [7c As]
x8e3yn4ik: folds 
KRAVA088: folds 
HubertusB: raises $0.05 to $0.10
khaldrogo59: folds 
TehPokeHerer: folds 
k1v0k: calls $0.05
*** FLOP *** [Ah Ks Qs]
k1v0k: checks 
HubertusB: checks 
*** TURN *** [Ah Ks Qs] [Qc]
k1v0k: checks 
HubertusB: checks 
*** RIVER *** [Ah Ks Qs Qc] [5c]
k1v0k: checks 
HubertusB: bets $0.15
k1v0k: folds 
Uncalled bet ($0.15) returned to HubertusB
HubertusB collected $0.21 from pot
HubertusB: doesn't show hand 
*** SUMMARY ***
Total pot $0.22 | Rake $0.01 
Board [Ah Ks Qs Qc 5c]
Seat 1: khaldrogo59 (button) folded before Flop (didn't bet)
Seat 2: TehPokeHerer (small blind) folded before Flop
Seat 3: k1v0k (big blind) folded on the River
Seat 4: x8e3yn4ik folded before Flop (didn't bet)
Seat 5: KRAVA088 folded before Flop (didn't bet)
Seat 6: HubertusB collected ($0.21)



PokerStars Zoom Hand #186523639921:  Hold'em No Limit ($0.02/$0.05) - 2018/05/17 19:46:26 CCT [2018/05/17 7:46:26 ET]
Table 'Donati' 6-max Seat #1 is the button
Seat 1: triplexxx3 ($2.34 in chips) 
Seat 2: omnes93 ($7.05 in chips) 
Seat 3: TheFibonachi ($4.80 in chips) 
Seat 4: HubertusB ($7.73 in chips) 
Seat 5: alvikas ($5.16 in chips) 
Seat 6: okli87 ($5.58 in chips) 
omnes93: posts small blind $0.02
TheFibonachi: posts big blind $0.05
*** HOLE CARDS ***
Dealt to HubertusB [Ac 9c]
HubertusB: raises $0.05 to $0.10
alvikas: folds 
okli87: calls $0.10
triplexxx3: folds 
omnes93: folds 
TheFibonachi: calls $0.05
*** FLOP *** [4s Td 7d]
TheFibonachi: checks 
HubertusB: checks 
okli87: bets $0.20
TheFibonachi: folds 
HubertusB: folds 
Uncalled bet ($0.20) returned to okli87
okli87 collected $0.31 from pot
okli87: doesn't show hand 
*** SUMMARY ***
Total pot $0.32 | Rake $0.01 
Board [4s Td 7d]
Seat 1: triplexxx3 (button) folded before Flop (didn't bet)
Seat 2: omnes93 (small blind) folded before Flop
Seat 3: TheFibonachi (big blind) folded on the Flop
Seat 4: HubertusB folded on the Flop
Seat 5: alvikas folded before Flop (didn't bet)
Seat 6: okli87 collected ($0.31)



PokerStars Zoom Hand #186523656428:  Hold'em No Limit ($0.02/$0.05) - 2018/05/17 19:47:08 CCT [2018/05/17 7:47:08 ET]
Table 'Donati' 6-max Seat #1 is the button
Seat 1: Restorm1 ($6.94 in chips) 
Seat 2: Royal Opal ($4.82 in chips) 
Seat 3: HubertusB ($7.63 in chips) 
Seat 4: Punzzzer ($5.58 in chips) 
Seat 5: whitewhisper ($17.34 in chips) 
Seat 6: justina1990 ($5 in chips) 
Royal Opal: posts small blind $0.02
HubertusB: posts big blind $0.05
*** HOLE CARDS ***
Dealt to HubertusB [9s 9c]
Punzzzer: folds 
whitewhisper: folds 
justina1990: folds 
Restorm1: folds 
Royal Opal: raises $0.05 to $0.10
HubertusB: raises $0.20 to $0.30
Royal Opal: folds 
Uncalled bet ($0.20) returned to HubertusB
HubertusB collected $0.20 from pot
HubertusB: doesn't show hand 
*** SUMMARY ***
Total pot $0.20 | Rake $0 
Seat 1: Restorm1 (button) folded before Flop (didn't bet)
Seat 2: Royal Opal (small blind) folded before Flop
Seat 3: HubertusB (big blind) collected ($0.20)
Seat 4: Punzzzer folded before Flop (didn't bet)
Seat 5: whitewhisper folded before Flop (didn't bet)
Seat 6: justina1990 folded before Flop (didn't bet)



