PokerStars Zoom Hand #186523787289:  Hold'em No Limit ($0.02/$0.05) - 2018/05/17 19:52:24 CCT [2018/05/17 7:52:24 ET]
Table 'Donati' 6-max Seat #1 is the button
Seat 1: Amigo113 ($7.37 in chips) 
Seat 2: AnthonyTH ($4.22 in chips) 
Seat 3: HubertusB ($5 in chips) 
Seat 4: TheFibonachi ($4.76 in chips) 
Seat 5: hansa66 ($7.10 in chips) 
Seat 6: FelixZyl ($11.14 in chips) 
AnthonyTH: posts small blind $0.02
HubertusB: posts big blind $0.05
*** HOLE CARDS ***
Dealt to HubertusB [3c 6h]
TheFibonachi: folds 
hansa66: folds 
FelixZyl: folds 
Amigo113: folds 
AnthonyTH: folds 
Uncalled bet ($0.03) returned to HubertusB
HubertusB collected $0.04 from pot
HubertusB: doesn't show hand 
*** SUMMARY ***
Total pot $0.04 | Rake $0 
Seat 1: Amigo113 (button) folded before Flop (didn't bet)
Seat 2: AnthonyTH (small blind) folded before Flop
Seat 3: HubertusB (big blind) collected ($0.04)
Seat 4: TheFibonachi folded before Flop (didn't bet)
Seat 5: hansa66 folded before Flop (didn't bet)
Seat 6: FelixZyl folded before Flop (didn't bet)



PokerStars Zoom Hand #186523789967:  Hold'em No Limit ($0.02/$0.05) - 2018/05/17 19:52:31 CCT [2018/05/17 7:52:31 ET]
Table 'Donati' 6-max Seat #1 is the button
Seat 1: vagnerl0ve ($34.23 in chips) 
Seat 2: HubertusB ($5.02 in chips) 
Seat 3: IGOR14RUS ($5.74 in chips) 
Seat 4: opopo0009 ($5.05 in chips) 
Seat 5: titop_Vector ($6.73 in chips) 
Seat 6: gnarly_ju ($5.05 in chips) 
HubertusB: posts small blind $0.02
IGOR14RUS: posts big blind $0.05
*** HOLE CARDS ***
Dealt to HubertusB [3d 6d]
opopo0009: folds 
titop_Vector: folds 
gnarly_ju: folds 
vagnerl0ve: raises $0.05 to $0.10
HubertusB: folds 
IGOR14RUS: folds 
Uncalled bet ($0.05) returned to vagnerl0ve
vagnerl0ve collected $0.12 from pot
vagnerl0ve: doesn't show hand 
*** SUMMARY ***
Total pot $0.12 | Rake $0 
Seat 1: vagnerl0ve (button) collected ($0.12)
Seat 2: HubertusB (small blind) folded before Flop
Seat 3: IGOR14RUS (big blind) folded before Flop
Seat 4: opopo0009 folded before Flop (didn't bet)
Seat 5: titop_Vector folded before Flop (didn't bet)
Seat 6: gnarly_ju folded before Flop (didn't bet)



PokerStars Zoom Hand #186523792739:  Hold'em No Limit ($0.02/$0.05) - 2018/05/17 19:52:38 CCT [2018/05/17 7:52:38 ET]
Table 'Donati' 6-max Seat #1 is the button
Seat 1: Ineibet ($6.54 in chips) 
Seat 2: artem1103072 ($6.92 in chips) 
Seat 3: Mitusha666 ($5.76 in chips) 
Seat 4: PiNe4ppLe ($5.77 in chips) 
Seat 5: hisashi99 ($4.83 in chips) 
Seat 6: HubertusB ($5 in chips) 
artem1103072: posts small blind $0.02
Mitusha666: posts big blind $0.05
*** HOLE CARDS ***
Dealt to HubertusB [2c 4d]
PiNe4ppLe: folds 
hisashi99: raises $0.10 to $0.15
HubertusB: folds 
Ineibet: folds 
artem1103072: folds 
Mitusha666: folds 
Uncalled bet ($0.10) returned to hisashi99
hisashi99 collected $0.12 from pot
hisashi99: doesn't show hand 
*** SUMMARY ***
Total pot $0.12 | Rake $0 
Seat 1: Ineibet (button) folded before Flop (didn't bet)
Seat 2: artem1103072 (small blind) folded before Flop
Seat 3: Mitusha666 (big blind) folded before Flop
Seat 4: PiNe4ppLe folded before Flop (didn't bet)
Seat 5: hisashi99 collected ($0.12)
Seat 6: HubertusB folded before Flop (didn't bet)



PokerStars Zoom Hand #186523794704:  Hold'em No Limit ($0.02/$0.05) - 2018/05/17 19:52:43 CCT [2018/05/17 7:52:43 ET]
Table 'Donati' 6-max Seat #1 is the button
Seat 1: HubertusB ($5 in chips) 
Seat 2: evGHENII85 ($6.12 in chips) 
Seat 3: NoApolog1es ($11.06 in chips) 
Seat 4: saha555 ($5.16 in chips) 
Seat 5: Hayoterkinovich ($5 in chips) 
Seat 6: Gamer577 ($6.58 in chips) 
evGHENII85: posts small blind $0.02
NoApolog1es: posts big blind $0.05
*** HOLE CARDS ***
Dealt to HubertusB [Qh 9s]
saha555: folds 
Hayoterkinovich: folds 
Gamer577: folds 
HubertusB: raises $0.05 to $0.10
evGHENII85: folds 
NoApolog1es: folds 
Uncalled bet ($0.05) returned to HubertusB
HubertusB collected $0.12 from pot
HubertusB: doesn't show hand 
*** SUMMARY ***
Total pot $0.12 | Rake $0 
Seat 1: HubertusB (button) collected ($0.12)
Seat 2: evGHENII85 (small blind) folded before Flop
Seat 3: NoApolog1es (big blind) folded before Flop
Seat 4: saha555 folded before Flop (didn't bet)
Seat 5: Hayoterkinovich folded before Flop (didn't bet)
Seat 6: Gamer577 folded before Flop (didn't bet)



PokerStars Zoom Hand #186523803876:  Hold'em No Limit ($0.02/$0.05) - 2018/05/17 19:53:06 CCT [2018/05/17 7:53:06 ET]
Table 'Donati' 6-max Seat #1 is the button
Seat 1: Vecherov ($6.90 in chips) 
Seat 2: BeatLimits ($5 in chips) 
Seat 3: BVB1909 ($5 in chips) 
Seat 4: Hayoterkinovich ($5 in chips) 
Seat 5: HubertusB ($5.07 in chips) 
Seat 6: dyuh555 ($4.87 in chips) 
BeatLimits: posts small blind $0.02
BVB1909: posts big blind $0.05
*** HOLE CARDS ***
Dealt to HubertusB [2s 8d]
Hayoterkinovich: raises $0.09 to $0.14
HubertusB: folds 
dyuh555: folds 
Vecherov: folds 
BeatLimits: folds 
BVB1909: folds 
Uncalled bet ($0.09) returned to Hayoterkinovich
Hayoterkinovich collected $0.12 from pot
Hayoterkinovich: doesn't show hand 
*** SUMMARY ***
Total pot $0.12 | Rake $0 
Seat 1: Vecherov (button) folded before Flop (didn't bet)
Seat 2: BeatLimits (small blind) folded before Flop
Seat 3: BVB1909 (big blind) folded before Flop
Seat 4: Hayoterkinovich collected ($0.12)
Seat 5: HubertusB folded before Flop (didn't bet)
Seat 6: dyuh555 folded before Flop (didn't bet)



PokerStars Zoom Hand #186523806577:  Hold'em No Limit ($0.02/$0.05) - 2018/05/17 19:53:13 CCT [2018/05/17 7:53:13 ET]
Table 'Donati' 6-max Seat #1 is the button
Seat 1: HubertusB ($5.07 in chips) 
Seat 2: JaguarBLR ($5 in chips) 
Seat 3: Shamaxxx ($5 in chips) 
Seat 4: titop_Vector ($6.85 in chips) 
Seat 5: justina1990 ($12.42 in chips) 
Seat 6: Ashlynn POV ($2.50 in chips) 
JaguarBLR: posts small blind $0.02
Shamaxxx: posts big blind $0.05
*** HOLE CARDS ***
Dealt to HubertusB [3s 8s]
titop_Vector: raises $0.07 to $0.12
justina1990: folds 
Ashlynn POV: folds 
HubertusB: folds 
JaguarBLR: folds 
Shamaxxx: folds 
Uncalled bet ($0.07) returned to titop_Vector
titop_Vector collected $0.12 from pot
titop_Vector: doesn't show hand 
*** SUMMARY ***
Total pot $0.12 | Rake $0 
Seat 1: HubertusB (button) folded before Flop (didn't bet)
Seat 2: JaguarBLR (small blind) folded before Flop
Seat 3: Shamaxxx (big blind) folded before Flop
Seat 4: titop_Vector collected ($0.12)
Seat 5: justina1990 folded before Flop (didn't bet)
Seat 6: Ashlynn POV folded before Flop (didn't bet)



PokerStars Zoom Hand #186523808539:  Hold'em No Limit ($0.02/$0.05) - 2018/05/17 19:53:18 CCT [2018/05/17 7:53:18 ET]
Table 'Donati' 6-max Seat #1 is the button
Seat 1: jacks550 ($4.86 in chips) 
Seat 2: vova270793 ($5 in chips) 
Seat 3: HubertusB ($5.07 in chips) 
Seat 4: zdaz1 ($25.79 in chips) 
Seat 5: dekabrist185 ($2.45 in chips) 
Seat 6: SHALFEISHIK ($4.66 in chips) 
vova270793: posts small blind $0.02
HubertusB: posts big blind $0.05
*** HOLE CARDS ***
Dealt to HubertusB [As 9h]
zdaz1: folds 
dekabrist185: raises $0.10 to $0.15
SHALFEISHIK: folds 
jacks550: folds 
vova270793: folds 
HubertusB: folds 
Uncalled bet ($0.10) returned to dekabrist185
dekabrist185 collected $0.12 from pot
dekabrist185: doesn't show hand 
*** SUMMARY ***
Total pot $0.12 | Rake $0 
Seat 1: jacks550 (button) folded before Flop (didn't bet)
Seat 2: vova270793 (small blind) folded before Flop
Seat 3: HubertusB (big blind) folded before Flop
Seat 4: zdaz1 folded before Flop (didn't bet)
Seat 5: dekabrist185 collected ($0.12)
Seat 6: SHALFEISHIK folded before Flop (didn't bet)



PokerStars Zoom Hand #186523812389:  Hold'em No Limit ($0.02/$0.05) - 2018/05/17 19:53:28 CCT [2018/05/17 7:53:28 ET]
Table 'Donati' 6-max Seat #1 is the button
Seat 1: Cardenas87 ($5 in chips) 
Seat 2: HubertusB ($5.02 in chips) 
Seat 3: Sitela ($5.87 in chips) 
Seat 4: Shamaxxx ($6.28 in chips) 
Seat 5: quelopariooo ($4.83 in chips) 
Seat 6: JaguarBLR ($5 in chips) 
HubertusB: posts small blind $0.02
Sitela: posts big blind $0.05
*** HOLE CARDS ***
Dealt to HubertusB [Th 6s]
Shamaxxx: folds 
quelopariooo: folds 
JaguarBLR: folds 
Cardenas87: folds 
HubertusB: folds 
Uncalled bet ($0.03) returned to Sitela
Sitela collected $0.04 from pot
Sitela: doesn't show hand 
*** SUMMARY ***
Total pot $0.04 | Rake $0 
Seat 1: Cardenas87 (button) folded before Flop (didn't bet)
Seat 2: HubertusB (small blind) folded before Flop
Seat 3: Sitela (big blind) collected ($0.04)
Seat 4: Shamaxxx folded before Flop (didn't bet)
Seat 5: quelopariooo folded before Flop (didn't bet)
Seat 6: JaguarBLR folded before Flop (didn't bet)



PokerStars Zoom Hand #186523816712:  Hold'em No Limit ($0.02/$0.05) - 2018/05/17 19:53:39 CCT [2018/05/17 7:53:39 ET]
Table 'Donati' 6-max Seat #1 is the button
Seat 1: Ineibet ($6.09 in chips) 
Seat 2: epyj1231 ($6.60 in chips) 
Seat 3: BIBIGON123 ($5.07 in chips) 
Seat 4: HubertusB ($5 in chips) 
Seat 5: m4ri4kky ($5.87 in chips) 
Seat 6: allekönige ($6.55 in chips) 
epyj1231: posts small blind $0.02
BIBIGON123: posts big blind $0.05
*** HOLE CARDS ***
Dealt to HubertusB [9s 5d]
HubertusB: folds 
m4ri4kky: folds 
allekönige: folds 
Ineibet: folds 
epyj1231: folds 
Uncalled bet ($0.03) returned to BIBIGON123
BIBIGON123 collected $0.04 from pot
BIBIGON123: doesn't show hand 
*** SUMMARY ***
Total pot $0.04 | Rake $0 
Seat 1: Ineibet (button) folded before Flop (didn't bet)
Seat 2: epyj1231 (small blind) folded before Flop
Seat 3: BIBIGON123 (big blind) collected ($0.04)
Seat 4: HubertusB folded before Flop (didn't bet)
Seat 5: m4ri4kky folded before Flop (didn't bet)
Seat 6: allekönige folded before Flop (didn't bet)



PokerStars Zoom Hand #186523801873:  Hold'em No Limit ($0.02/$0.05) - 2018/05/17 19:53:01 CCT [2018/05/17 7:53:01 ET]
Table 'Donati' 6-max Seat #1 is the button
Seat 1: Hayoterkinovich ($5.12 in chips) 
Seat 2: epyj1231 ($6.62 in chips) 
Seat 3: 3igoryan0 ($4.67 in chips) 
Seat 4: yuu0914 ($7.66 in chips) 
Seat 5: HubertusB ($5.07 in chips) 
Seat 6: dekabrist185 ($28.41 in chips) 
epyj1231: posts small blind $0.02
3igoryan0: posts big blind $0.05
*** HOLE CARDS ***
Dealt to HubertusB [3c 2d]
yuu0914: folds 
HubertusB: folds 
dekabrist185: raises $0.10 to $0.15
Hayoterkinovich: folds 
epyj1231: folds 
3igoryan0: folds 
Uncalled bet ($0.10) returned to dekabrist185
dekabrist185 collected $0.12 from pot
dekabrist185: doesn't show hand 
*** SUMMARY ***
Total pot $0.12 | Rake $0 
Seat 1: Hayoterkinovich (button) folded before Flop (didn't bet)
Seat 2: epyj1231 (small blind) folded before Flop
Seat 3: 3igoryan0 (big blind) folded before Flop
Seat 4: yuu0914 folded before Flop (didn't bet)
Seat 5: HubertusB folded before Flop (didn't bet)
Seat 6: dekabrist185 collected ($0.12)



PokerStars Zoom Hand #186523814764:  Hold'em No Limit ($0.02/$0.05) - 2018/05/17 19:53:34 CCT [2018/05/17 7:53:34 ET]
Table 'Donati' 6-max Seat #1 is the button
Seat 1: FelixZyl ($10.50 in chips) 
Seat 2: zdaz1 ($5.11 in chips) 
Seat 3: RustemAnna ($7.95 in chips) 
Seat 4: PiNe4ppLe ($7.30 in chips) 
Seat 5: falcao991 ($5 in chips) 
Seat 6: HubertusB ($5 in chips) 
zdaz1: posts small blind $0.02
RustemAnna: posts big blind $0.05
*** HOLE CARDS ***
Dealt to HubertusB [Jh 6s]
PiNe4ppLe: folds 
falcao991: folds 
HubertusB: folds 
FelixZyl: folds 
zdaz1: raises $0.10 to $0.15
RustemAnna: folds 
Uncalled bet ($0.10) returned to zdaz1
zdaz1 collected $0.10 from pot
zdaz1: doesn't show hand 
*** SUMMARY ***
Total pot $0.10 | Rake $0 
Seat 1: FelixZyl (button) folded before Flop (didn't bet)
Seat 2: zdaz1 (small blind) collected ($0.10)
Seat 3: RustemAnna (big blind) folded before Flop
Seat 4: PiNe4ppLe folded before Flop (didn't bet)
Seat 5: falcao991 folded before Flop (didn't bet)
Seat 6: HubertusB folded before Flop (didn't bet)



PokerStars Zoom Hand #186523821043:  Hold'em No Limit ($0.02/$0.05) - 2018/05/17 19:53:50 CCT [2018/05/17 7:53:50 ET]
Table 'Donati' 6-max Seat #1 is the button
Seat 1: Sitela ($5.14 in chips) 
Seat 2: AASiz ($5.03 in chips) 
Seat 3: vova270793 ($8.30 in chips) 
Seat 4: opopo0009 ($8.16 in chips) 
Seat 5: HubertusB ($5 in chips) 
Seat 6: St_Curly21 ($10.05 in chips) 
AASiz: posts small blind $0.02
vova270793: posts big blind $0.05
*** HOLE CARDS ***
Dealt to HubertusB [7s 5h]
opopo0009: raises $0.10 to $0.15
HubertusB: folds 
St_Curly21: folds 
Sitela: folds 
AASiz: folds 
vova270793: folds 
Uncalled bet ($0.10) returned to opopo0009
opopo0009 collected $0.12 from pot
opopo0009: doesn't show hand 
*** SUMMARY ***
Total pot $0.12 | Rake $0 
Seat 1: Sitela (button) folded before Flop (didn't bet)
Seat 2: AASiz (small blind) folded before Flop
Seat 3: vova270793 (big blind) folded before Flop
Seat 4: opopo0009 collected ($0.12)
Seat 5: HubertusB folded before Flop (didn't bet)
Seat 6: St_Curly21 folded before Flop (didn't bet)



PokerStars Zoom Hand #186523823298:  Hold'em No Limit ($0.02/$0.05) - 2018/05/17 19:53:56 CCT [2018/05/17 7:53:56 ET]
Table 'Donati' 6-max Seat #1 is the button
Seat 1: jglaydsonss ($2.22 in chips) 
Seat 2: 88vitaliy88 ($5.93 in chips) 
Seat 3: HubertusB ($5 in chips) 
Seat 4: MoreRakePls1 ($13.38 in chips) 
Seat 5: IGOR14RUS ($6.40 in chips) 
Seat 6: moon0828 ($5.72 in chips) 
88vitaliy88: posts small blind $0.02
HubertusB: posts big blind $0.05
*** HOLE CARDS ***
Dealt to HubertusB [5c Qd]
MoreRakePls1: folds 
IGOR14RUS: folds 
moon0828: folds 
jglaydsonss: folds 
88vitaliy88: folds 
Uncalled bet ($0.03) returned to HubertusB
HubertusB collected $0.04 from pot
HubertusB: doesn't show hand 
*** SUMMARY ***
Total pot $0.04 | Rake $0 
Seat 1: jglaydsonss (button) folded before Flop (didn't bet)
Seat 2: 88vitaliy88 (small blind) folded before Flop
Seat 3: HubertusB (big blind) collected ($0.04)
Seat 4: MoreRakePls1 folded before Flop (didn't bet)
Seat 5: IGOR14RUS folded before Flop (didn't bet)
Seat 6: moon0828 folded before Flop (didn't bet)



PokerStars Zoom Hand #186523818647:  Hold'em No Limit ($0.02/$0.05) - 2018/05/17 19:53:44 CCT [2018/05/17 7:53:44 ET]
Table 'Donati' 6-max Seat #1 is the button
Seat 1: sajdk1 ($8.40 in chips) 
Seat 2: BVB1909 ($5 in chips) 
Seat 3: Ineibet ($6.46 in chips) 
Seat 4: Motogari33 ($8.84 in chips) 
Seat 5: HubertusB ($5 in chips) 
Seat 6: rottermont26T ($6.71 in chips) 
BVB1909: posts small blind $0.02
Ineibet: posts big blind $0.05
*** HOLE CARDS ***
Dealt to HubertusB [Jc 4s]
Motogari33: folds 
HubertusB: folds 
rottermont26T: raises $0.12 to $0.17
sajdk1: folds 
BVB1909: folds 
Ineibet: calls $0.12
*** FLOP *** [6h 9d 6c]
Ineibet: checks 
rottermont26T: checks 
*** TURN *** [6h 9d 6c] [9s]
Ineibet: bets $0.18
rottermont26T: folds 
Uncalled bet ($0.18) returned to Ineibet
Ineibet collected $0.35 from pot
Ineibet: doesn't show hand 
*** SUMMARY ***
Total pot $0.36 | Rake $0.01 
Board [6h 9d 6c 9s]
Seat 1: sajdk1 (button) folded before Flop (didn't bet)
Seat 2: BVB1909 (small blind) folded before Flop
Seat 3: Ineibet (big blind) collected ($0.35)
Seat 4: Motogari33 folded before Flop (didn't bet)
Seat 5: HubertusB folded before Flop (didn't bet)
Seat 6: rottermont26T folded on the Turn



PokerStars Zoom Hand #186523834883:  Hold'em No Limit ($0.02/$0.05) - 2018/05/17 19:54:26 CCT [2018/05/17 7:54:26 ET]
Table 'Donati' 6-max Seat #1 is the button
Seat 1: HubertusB ($5 in chips) 
Seat 2: epyj1231 ($6.46 in chips) 
Seat 3: Faied123 ($7.42 in chips) 
Seat 4: titop_Vector ($6.92 in chips) 
Seat 5: zeiyeye ($5.92 in chips) 
Seat 6: mohandes81 ($17.47 in chips) 
epyj1231: posts small blind $0.02
Faied123: posts big blind $0.05
*** HOLE CARDS ***
Dealt to HubertusB [9s 8d]
titop_Vector: folds 
zeiyeye: raises $0.10 to $0.15
mohandes81: folds 
HubertusB: folds 
epyj1231: folds 
Faied123: folds 
Uncalled bet ($0.10) returned to zeiyeye
zeiyeye collected $0.12 from pot
zeiyeye: doesn't show hand 
*** SUMMARY ***
Total pot $0.12 | Rake $0 
Seat 1: HubertusB (button) folded before Flop (didn't bet)
Seat 2: epyj1231 (small blind) folded before Flop
Seat 3: Faied123 (big blind) folded before Flop
Seat 4: titop_Vector folded before Flop (didn't bet)
Seat 5: zeiyeye collected ($0.12)
Seat 6: mohandes81 folded before Flop (didn't bet)



PokerStars Zoom Hand #186523828342:  Hold'em No Limit ($0.02/$0.05) - 2018/05/17 19:54:09 CCT [2018/05/17 7:54:09 ET]
Table 'Donati' 6-max Seat #1 is the button
Seat 1: Tomazisis ($5.88 in chips) 
Seat 2: HubertusB ($5.02 in chips) 
Seat 3: hovlaa ($5.15 in chips) 
Seat 4: rosssilvs1183 ($5.03 in chips) 
Seat 5: jacks550 ($4.09 in chips) 
Seat 6: zwetok ($12.86 in chips) 
HubertusB: posts small blind $0.02
hovlaa: posts big blind $0.05
*** HOLE CARDS ***
Dealt to HubertusB [Kc 9c]
rosssilvs1183: folds 
jacks550: raises $0.06 to $0.11
zwetok: folds 
Tomazisis: raises $0.24 to $0.35
HubertusB: folds 
hovlaa: folds 
jacks550: calls $0.24
*** FLOP *** [Ts Ad 8d]
jacks550: checks 
Tomazisis: bets $0.37
jacks550: calls $0.37
*** TURN *** [Ts Ad 8d] [6s]
jacks550: checks 
Tomazisis: checks 
*** RIVER *** [Ts Ad 8d 6s] [3s]
jacks550: bets $1.45
Tomazisis: calls $1.45
*** SHOW DOWN ***
jacks550: shows [Ks Js] (a flush, King high)
Tomazisis: mucks hand 
jacks550 collected $4.23 from pot
*** SUMMARY ***
Total pot $4.41 | Rake $0.18 
Board [Ts Ad 8d 6s 3s]
Seat 1: Tomazisis (button) mucked [7h Ah]
Seat 2: HubertusB (small blind) folded before Flop
Seat 3: hovlaa (big blind) folded before Flop
Seat 4: rosssilvs1183 folded before Flop (didn't bet)
Seat 5: jacks550 showed [Ks Js] and won ($4.23) with a flush, King high
Seat 6: zwetok folded before Flop (didn't bet)



PokerStars Zoom Hand #186523845721:  Hold'em No Limit ($0.02/$0.05) - 2018/05/17 19:54:54 CCT [2018/05/17 7:54:54 ET]
Table 'Donati' 6-max Seat #1 is the button
Seat 1: zdaz1 ($23.26 in chips) 
Seat 2: POPOM_88 ($5 in chips) 
Seat 3: HubertusB ($5 in chips) 
Seat 4: Restorm1 ($8.51 in chips) 
Seat 5: okjep ($5 in chips) 
Seat 6: gnusmeister77 ($7.54 in chips) 
POPOM_88: posts small blind $0.02
HubertusB: posts big blind $0.05
*** HOLE CARDS ***
Dealt to HubertusB [Ts Th]
Restorm1: folds 
okjep: folds 
gnusmeister77: folds 
zdaz1: folds 
POPOM_88: folds 
Uncalled bet ($0.03) returned to HubertusB
HubertusB collected $0.04 from pot
HubertusB: doesn't show hand 
*** SUMMARY ***
Total pot $0.04 | Rake $0 
Seat 1: zdaz1 (button) folded before Flop (didn't bet)
Seat 2: POPOM_88 (small blind) folded before Flop
Seat 3: HubertusB (big blind) collected ($0.04)
Seat 4: Restorm1 folded before Flop (didn't bet)
Seat 5: okjep folded before Flop (didn't bet)
Seat 6: gnusmeister77 folded before Flop (didn't bet)



PokerStars Zoom Hand #186523839462:  Hold'em No Limit ($0.02/$0.05) - 2018/05/17 19:54:38 CCT [2018/05/17 7:54:38 ET]
Table 'Donati' 6-max Seat #1 is the button
Seat 1: Hisa38 ($6.43 in chips) 
Seat 2: moon0828 ($5.09 in chips) 
Seat 3: serg197211 ($5.51 in chips) 
Seat 4: RustemAnna ($5.92 in chips) 
Seat 5: Harry0509 ($10.49 in chips) 
Seat 6: HubertusB ($5 in chips) 
moon0828: posts small blind $0.02
serg197211: posts big blind $0.05
*** HOLE CARDS ***
Dealt to HubertusB [5h Kd]
RustemAnna: folds 
Harry0509: folds 
HubertusB: folds 
Hisa38: raises $0.10 to $0.15
moon0828: calls $0.13
serg197211: folds 
*** FLOP *** [3c Kh 8s]
moon0828: checks 
Hisa38: bets $0.24
moon0828: calls $0.24
*** TURN *** [3c Kh 8s] [3h]
moon0828: checks 
Hisa38: bets $0.40
moon0828: calls $0.40
*** RIVER *** [3c Kh 8s 3h] [3d]
moon0828: checks 
Hisa38: bets $0.78
moon0828: calls $0.78
*** SHOW DOWN ***
Hisa38: shows [Kc As] (a full house, Threes full of Kings)
moon0828: mucks hand 
Hisa38 collected $3.06 from pot
*** SUMMARY ***
Total pot $3.19 | Rake $0.13 
Board [3c Kh 8s 3h 3d]
Seat 1: Hisa38 (button) showed [Kc As] and won ($3.06) with a full house, Threes full of Kings
Seat 2: moon0828 (small blind) mucked [9d 8d]
Seat 3: serg197211 (big blind) folded before Flop
Seat 4: RustemAnna folded before Flop (didn't bet)
Seat 5: Harry0509 folded before Flop (didn't bet)
Seat 6: HubertusB folded before Flop (didn't bet)



PokerStars Zoom Hand #186523851864:  Hold'em No Limit ($0.02/$0.05) - 2018/05/17 19:55:10 CCT [2018/05/17 7:55:10 ET]
Table 'Donati' 6-max Seat #1 is the button
Seat 1: Max1k1nG1212 ($13.08 in chips) 
Seat 2: Restorm1 ($6.07 in chips) 
Seat 3: evGHENII85 ($5.46 in chips) 
Seat 4: Shamaxxx ($6.16 in chips) 
Seat 5: HubertusB ($5 in chips) 
Seat 6: Vecherov ($5 in chips) 
Restorm1: posts small blind $0.02
evGHENII85: posts big blind $0.05
*** HOLE CARDS ***
Dealt to HubertusB [5s Th]
Shamaxxx: folds 
HubertusB: folds 
Vecherov: folds 
Max1k1nG1212: folds 
Restorm1: folds 
Uncalled bet ($0.03) returned to evGHENII85
evGHENII85 collected $0.04 from pot
evGHENII85: doesn't show hand 
*** SUMMARY ***
Total pot $0.04 | Rake $0 
Seat 1: Max1k1nG1212 (button) folded before Flop (didn't bet)
Seat 2: Restorm1 (small blind) folded before Flop
Seat 3: evGHENII85 (big blind) collected ($0.04)
Seat 4: Shamaxxx folded before Flop (didn't bet)
Seat 5: HubertusB folded before Flop (didn't bet)
Seat 6: Vecherov folded before Flop (didn't bet)



PokerStars Zoom Hand #186523849961:  Hold'em No Limit ($0.02/$0.05) - 2018/05/17 19:55:05 CCT [2018/05/17 7:55:05 ET]
Table 'Donati' 6-max Seat #1 is the button
Seat 1: evGHENII85 ($5.46 in chips) 
Seat 2: HubertusB ($5.02 in chips) 
Seat 3: AASiz ($9.64 in chips) 
Seat 4: NoApolog1es ($11.65 in chips) 
Seat 5: mohandes81 ($16.03 in chips) 
Seat 6: funfun55 ($5.30 in chips) 
HubertusB: posts small blind $0.02
AASiz: posts big blind $0.05
*** HOLE CARDS ***
Dealt to HubertusB [5s Jh]
NoApolog1es: folds 
mohandes81: folds 
funfun55: raises $0.07 to $0.12
evGHENII85: folds 
HubertusB: folds 
AASiz: raises $0.28 to $0.40
funfun55: folds 
Uncalled bet ($0.28) returned to AASiz
AASiz collected $0.26 from pot
AASiz: doesn't show hand 
*** SUMMARY ***
Total pot $0.26 | Rake $0 
Seat 1: evGHENII85 (button) folded before Flop (didn't bet)
Seat 2: HubertusB (small blind) folded before Flop
Seat 3: AASiz (big blind) collected ($0.26)
Seat 4: NoApolog1es folded before Flop (didn't bet)
Seat 5: mohandes81 folded before Flop (didn't bet)
Seat 6: funfun55 folded before Flop



PokerStars Zoom Hand #186523854183:  Hold'em No Limit ($0.02/$0.05) - 2018/05/17 19:55:16 CCT [2018/05/17 7:55:16 ET]
Table 'Donati' 6-max Seat #1 is the button
Seat 1: novi4ëk ($6.06 in chips) 
Seat 2: JuicyTripleC ($5.21 in chips) 
Seat 3: allekönige ($6.52 in chips) 
Seat 4: Icrushforlolz ($5.22 in chips) 
Seat 5: okli87 ($5 in chips) 
Seat 6: HubertusB ($5 in chips) 
JuicyTripleC: posts small blind $0.02
allekönige: posts big blind $0.05
*** HOLE CARDS ***
Dealt to HubertusB [Kc Qc]
Icrushforlolz: folds 
okli87: folds 
HubertusB: raises $0.10 to $0.15
novi4ëk: folds 
JuicyTripleC: folds 
allekönige: folds 
Uncalled bet ($0.10) returned to HubertusB
HubertusB collected $0.12 from pot
HubertusB: doesn't show hand 
*** SUMMARY ***
Total pot $0.12 | Rake $0 
Seat 1: novi4ëk (button) folded before Flop (didn't bet)
Seat 2: JuicyTripleC (small blind) folded before Flop
Seat 3: allekönige (big blind) folded before Flop
Seat 4: Icrushforlolz folded before Flop (didn't bet)
Seat 5: okli87 folded before Flop (didn't bet)
Seat 6: HubertusB collected ($0.12)



PokerStars Zoom Hand #186523842151:  Hold'em No Limit ($0.02/$0.05) - 2018/05/17 19:54:45 CCT [2018/05/17 7:54:45 ET]
Table 'Donati' 6-max Seat #1 is the button
Seat 1: Orakilluren ($4.51 in chips) 
Seat 2: s0chi161090 ($2.50 in chips) 
Seat 3: IGOR14RUS ($6.45 in chips) 
Seat 4: HubertusB ($5 in chips) 
Seat 5: POPOM_88 ($5 in chips) 
Seat 6: olleyzell ($4.24 in chips) 
s0chi161090: posts small blind $0.02
IGOR14RUS: posts big blind $0.05
*** HOLE CARDS ***
Dealt to HubertusB [Td 4c]
HubertusB: folds 
POPOM_88: folds 
olleyzell: raises $0.10 to $0.15
Orakilluren has timed out
Orakilluren: folds 
s0chi161090: folds 
IGOR14RUS: raises $0.35 to $0.50
olleyzell: folds 
Uncalled bet ($0.35) returned to IGOR14RUS
IGOR14RUS collected $0.32 from pot
IGOR14RUS: doesn't show hand 
*** SUMMARY ***
Total pot $0.32 | Rake $0 
Seat 1: Orakilluren (button) folded before Flop (didn't bet)
Seat 2: s0chi161090 (small blind) folded before Flop
Seat 3: IGOR14RUS (big blind) collected ($0.32)
Seat 4: HubertusB folded before Flop (didn't bet)
Seat 5: POPOM_88 folded before Flop (didn't bet)
Seat 6: olleyzell folded before Flop



PokerStars Zoom Hand #186523861774:  Hold'em No Limit ($0.02/$0.05) - 2018/05/17 19:55:38 CCT [2018/05/17 7:55:38 ET]
Table 'Donati' 6-max Seat #1 is the button
Seat 1: alexn070775 ($7.68 in chips) 
Seat 2: DeeerGG ($3.10 in chips) 
Seat 3: LimitlessLV ($10.39 in chips) 
Seat 4: Fighter485 ($6.39 in chips) 
Seat 5: HubertusB ($5.07 in chips) 
Seat 6: Vecherov ($7.10 in chips) 
DeeerGG: posts small blind $0.02
LimitlessLV: posts big blind $0.05
*** HOLE CARDS ***
Dealt to HubertusB [Jc 3h]
Fighter485: folds 
HubertusB: folds 
Vecherov: folds 
alexn070775: folds 
DeeerGG: raises $0.10 to $0.15
LimitlessLV: folds 
Uncalled bet ($0.10) returned to DeeerGG
DeeerGG collected $0.10 from pot
DeeerGG: doesn't show hand 
*** SUMMARY ***
Total pot $0.10 | Rake $0 
Seat 1: alexn070775 (button) folded before Flop (didn't bet)
Seat 2: DeeerGG (small blind) collected ($0.10)
Seat 3: LimitlessLV (big blind) folded before Flop
Seat 4: Fighter485 folded before Flop (didn't bet)
Seat 5: HubertusB folded before Flop (didn't bet)
Seat 6: Vecherov folded before Flop (didn't bet)



PokerStars Zoom Hand #186523857947:  Hold'em No Limit ($0.02/$0.05) - 2018/05/17 19:55:27 CCT [2018/05/17 7:55:27 ET]
Table 'Donati' 6-max Seat #1 is the button
Seat 1: HubertusB ($5.07 in chips) 
Seat 2: zeiyeye ($5.79 in chips) 
Seat 3: Leodor1 ($5.14 in chips) 
Seat 4: ReFleXHH ($9.60 in chips) 
Seat 5: SHALFEISHIK ($2.95 in chips) 
Seat 6: hansa66 ($5.17 in chips) 
zeiyeye: posts small blind $0.02
Leodor1: posts big blind $0.05
*** HOLE CARDS ***
Dealt to HubertusB [8c 2c]
ReFleXHH: folds 
SHALFEISHIK: raises $0.07 to $0.12
hansa66: folds 
HubertusB: folds 
zeiyeye: calls $0.10
Leodor1: folds 
*** FLOP *** [Ts Qs 2s]
zeiyeye: checks 
SHALFEISHIK: checks 
*** TURN *** [Ts Qs 2s] [5s]
zeiyeye: bets $0.14
SHALFEISHIK: folds 
Uncalled bet ($0.14) returned to zeiyeye
zeiyeye collected $0.28 from pot
zeiyeye: doesn't show hand 
*** SUMMARY ***
Total pot $0.29 | Rake $0.01 
Board [Ts Qs 2s 5s]
Seat 1: HubertusB (button) folded before Flop (didn't bet)
Seat 2: zeiyeye (small blind) collected ($0.28)
Seat 3: Leodor1 (big blind) folded before Flop
Seat 4: ReFleXHH folded before Flop (didn't bet)
Seat 5: SHALFEISHIK folded on the Turn
Seat 6: hansa66 folded before Flop (didn't bet)



PokerStars Zoom Hand #186523865486:  Hold'em No Limit ($0.02/$0.05) - 2018/05/17 19:55:49 CCT [2018/05/17 7:55:49 ET]
Table 'Donati' 6-max Seat #1 is the button
Seat 1: nama.uk ($5.26 in chips) 
Seat 2: HubertusB ($5.07 in chips) 
Seat 3: botano ($2.27 in chips) 
Seat 4: DeeerGG ($3.15 in chips) 
Seat 5: IGOR14RUS ($5.30 in chips) 
Seat 6: FelixZyl ($10.26 in chips) 
HubertusB: posts small blind $0.02
botano: posts big blind $0.05
*** HOLE CARDS ***
Dealt to HubertusB [2d 3d]
DeeerGG: folds 
IGOR14RUS: folds 
FelixZyl: raises $0.08 to $0.13
nama.uk: raises $0.32 to $0.45
HubertusB: folds 
botano: folds 
FelixZyl: folds 
Uncalled bet ($0.32) returned to nama.uk
nama.uk collected $0.33 from pot
nama.uk: doesn't show hand 
*** SUMMARY ***
Total pot $0.33 | Rake $0 
Seat 1: nama.uk (button) collected ($0.33)
Seat 2: HubertusB (small blind) folded before Flop
Seat 3: botano (big blind) folded before Flop
Seat 4: DeeerGG folded before Flop (didn't bet)
Seat 5: IGOR14RUS folded before Flop (didn't bet)
Seat 6: FelixZyl folded before Flop



PokerStars Zoom Hand #186523872408:  Hold'em No Limit ($0.02/$0.05) - 2018/05/17 19:56:09 CCT [2018/05/17 7:56:09 ET]
Table 'Donati' 6-max Seat #1 is the button
Seat 1: HubertusB ($5 in chips) 
Seat 2: Archangel226 ($6.97 in chips) 
Seat 3: freestyleman77 ($5 in chips) 
Seat 4: JaguarBLR ($5 in chips) 
Seat 5: Rajfix12 ($11.71 in chips) 
Seat 6: nama.uk ($5.46 in chips) 
Archangel226: posts small blind $0.02
freestyleman77: posts big blind $0.05
*** HOLE CARDS ***
Dealt to HubertusB [Jh 7h]
JaguarBLR: folds 
Rajfix12: folds 
nama.uk: folds 
HubertusB: raises $0.10 to $0.15
Archangel226: folds 
freestyleman77: calls $0.10
*** FLOP *** [9h 7d Ac]
freestyleman77: checks 
HubertusB: bets $0.15
freestyleman77: folds 
Uncalled bet ($0.15) returned to HubertusB
HubertusB collected $0.31 from pot
HubertusB: doesn't show hand 
*** SUMMARY ***
Total pot $0.32 | Rake $0.01 
Board [9h 7d Ac]
Seat 1: HubertusB (button) collected ($0.31)
Seat 2: Archangel226 (small blind) folded before Flop
Seat 3: freestyleman77 (big blind) folded on the Flop
Seat 4: JaguarBLR folded before Flop (didn't bet)
Seat 5: Rajfix12 folded before Flop (didn't bet)
Seat 6: nama.uk folded before Flop (didn't bet)



PokerStars Zoom Hand #186523863481:  Hold'em No Limit ($0.02/$0.05) - 2018/05/17 19:55:43 CCT [2018/05/17 7:55:43 ET]
Table 'Donati' 6-max Seat #1 is the button
Seat 1: AB5OLUTI0N ($5 in chips) 
Seat 2: zar1n1ch ($5.56 in chips) 
Seat 3: L.Lucete ($6.81 in chips) 
Seat 4: HubertusB ($5.07 in chips) 
Seat 5: Guest533 ($5.02 in chips) 
Seat 6: IGOR14RUS ($5 in chips) 
zar1n1ch: posts small blind $0.02
L.Lucete: posts big blind $0.05
*** HOLE CARDS ***
Dealt to HubertusB [3c Ah]
HubertusB: folds 
Guest533: folds 
IGOR14RUS: raises $0.10 to $0.15
AB5OLUTI0N: folds 
zar1n1ch: folds 
L.Lucete: calls $0.10
*** FLOP *** [5h 4d As]
L.Lucete: checks 
IGOR14RUS has timed out
IGOR14RUS: checks 
*** TURN *** [5h 4d As] [Kh]
L.Lucete: checks 
IGOR14RUS: bets $0.17
L.Lucete: folds 
Uncalled bet ($0.17) returned to IGOR14RUS
IGOR14RUS collected $0.31 from pot
IGOR14RUS: doesn't show hand 
*** SUMMARY ***
Total pot $0.32 | Rake $0.01 
Board [5h 4d As Kh]
Seat 1: AB5OLUTI0N (button) folded before Flop (didn't bet)
Seat 2: zar1n1ch (small blind) folded before Flop
Seat 3: L.Lucete (big blind) folded on the Turn
Seat 4: HubertusB folded before Flop (didn't bet)
Seat 5: Guest533 folded before Flop (didn't bet)
Seat 6: IGOR14RUS collected ($0.31)



PokerStars Zoom Hand #186523869224:  Hold'em No Limit ($0.02/$0.05) - 2018/05/17 19:56:00 CCT [2018/05/17 7:56:00 ET]
Table 'Donati' 6-max Seat #1 is the button
Seat 1: ckmtl5 ($5.04 in chips) 
Seat 2: PugoGrasse ($6.13 in chips) 
Seat 3: HubertusB ($5.05 in chips) 
Seat 4: WimmerA97 ($4.93 in chips) 
Seat 5: m4ri4kky ($6.22 in chips) 
Seat 6: falcao991 ($5.32 in chips) 
PugoGrasse: posts small blind $0.02
HubertusB: posts big blind $0.05
*** HOLE CARDS ***
Dealt to HubertusB [9s 6d]
WimmerA97: folds 
m4ri4kky: folds 
falcao991: raises $0.07 to $0.12
ckmtl5: calls $0.12
PugoGrasse: folds 
HubertusB: folds 
*** FLOP *** [Js 8h Ah]
falcao991: bets $0.20
ckmtl5: raises $0.40 to $0.60
falcao991: folds 
Uncalled bet ($0.40) returned to ckmtl5
ckmtl5 collected $0.68 from pot
ckmtl5: doesn't show hand 
*** SUMMARY ***
Total pot $0.71 | Rake $0.03 
Board [Js 8h Ah]
Seat 1: ckmtl5 (button) collected ($0.68)
Seat 2: PugoGrasse (small blind) folded before Flop
Seat 3: HubertusB (big blind) folded before Flop
Seat 4: WimmerA97 folded before Flop (didn't bet)
Seat 5: m4ri4kky folded before Flop (didn't bet)
Seat 6: falcao991 folded on the Flop



PokerStars Zoom Hand #186523882003:  Hold'em No Limit ($0.02/$0.05) - 2018/05/17 19:56:37 CCT [2018/05/17 7:56:37 ET]
Table 'Donati' 6-max Seat #1 is the button
Seat 1: chocharla78 ($11.75 in chips) 
Seat 2: turbo*kg ($12.51 in chips) 
Seat 3: Game123King ($16.34 in chips) 
Seat 4: HubertusB ($5.16 in chips) 
Seat 5: IGOR14RUS ($5.16 in chips) 
Seat 6: UpNdOwNeY ($10.94 in chips) 
turbo*kg: posts small blind $0.02
Game123King: posts big blind $0.05
*** HOLE CARDS ***
Dealt to HubertusB [2h Js]
HubertusB: folds 
IGOR14RUS: folds 
UpNdOwNeY: folds 
chocharla78: folds 
turbo*kg: raises $0.10 to $0.15
Game123King: folds 
Uncalled bet ($0.10) returned to turbo*kg
turbo*kg collected $0.10 from pot
turbo*kg: doesn't show hand 
*** SUMMARY ***
Total pot $0.10 | Rake $0 
Seat 1: chocharla78 (button) folded before Flop (didn't bet)
Seat 2: turbo*kg (small blind) collected ($0.10)
Seat 3: Game123King (big blind) folded before Flop
Seat 4: HubertusB folded before Flop (didn't bet)
Seat 5: IGOR14RUS folded before Flop (didn't bet)
Seat 6: UpNdOwNeY folded before Flop (didn't bet)



PokerStars Zoom Hand #186523879919:  Hold'em No Limit ($0.02/$0.05) - 2018/05/17 19:56:31 CCT [2018/05/17 7:56:31 ET]
Table 'Donati' 6-max Seat #1 is the button
Seat 1: Antonii228 ($4.85 in chips) 
Seat 2: Gevron ($5.68 in chips) 
Seat 3: livluvlif951 ($9.78 in chips) 
Seat 4: Orakilluren ($5 in chips) 
Seat 5: justina1990 ($9.14 in chips) 
Seat 6: HubertusB ($5.16 in chips) 
Gevron: posts small blind $0.02
livluvlif951: posts big blind $0.05
*** HOLE CARDS ***
Dealt to HubertusB [7c Qh]
Orakilluren: folds 
justina1990: folds 
HubertusB: folds 
Antonii228: folds 
Gevron: raises $0.10 to $0.15
livluvlif951: folds 
Uncalled bet ($0.10) returned to Gevron
Gevron collected $0.10 from pot
Gevron: doesn't show hand 
*** SUMMARY ***
Total pot $0.10 | Rake $0 
Seat 1: Antonii228 (button) folded before Flop (didn't bet)
Seat 2: Gevron (small blind) collected ($0.10)
Seat 3: livluvlif951 (big blind) folded before Flop
Seat 4: Orakilluren folded before Flop (didn't bet)
Seat 5: justina1990 folded before Flop (didn't bet)
Seat 6: HubertusB folded before Flop (didn't bet)



PokerStars Zoom Hand #186523883707:  Hold'em No Limit ($0.02/$0.05) - 2018/05/17 19:56:42 CCT [2018/05/17 7:56:42 ET]
Table 'Donati' 6-max Seat #1 is the button
Seat 1: ninix17 ($7.30 in chips) 
Seat 2: olleyzell ($3.74 in chips) 
Seat 3: Cardenas87 ($5 in chips) 
Seat 4: BeatLimits ($5 in chips) 
Seat 5: allekönige ($7.44 in chips) 
Seat 6: HubertusB ($5.16 in chips) 
olleyzell: posts small blind $0.02
Cardenas87: posts big blind $0.05
*** HOLE CARDS ***
Dealt to HubertusB [Jh 2s]
BeatLimits: folds 
allekönige: folds 
HubertusB: folds 
ninix17: raises $0.07 to $0.12
olleyzell: folds 
Cardenas87: folds 
Uncalled bet ($0.07) returned to ninix17
ninix17 collected $0.12 from pot
ninix17: doesn't show hand 
*** SUMMARY ***
Total pot $0.12 | Rake $0 
Seat 1: ninix17 (button) collected ($0.12)
Seat 2: olleyzell (small blind) folded before Flop
Seat 3: Cardenas87 (big blind) folded before Flop
Seat 4: BeatLimits folded before Flop (didn't bet)
Seat 5: allekönige folded before Flop (didn't bet)
Seat 6: HubertusB folded before Flop (didn't bet)



PokerStars Zoom Hand #186523886743:  Hold'em No Limit ($0.02/$0.05) - 2018/05/17 19:56:51 CCT [2018/05/17 7:56:51 ET]
Table 'Donati' 6-max Seat #1 is the button
Seat 1: Vecherov ($5.17 in chips) 
Seat 2: zeiyeye ($6.20 in chips) 
Seat 3: HubertusB ($5.16 in chips) 
Seat 4: MoreRakePls1 ($13.08 in chips) 
Seat 5: zar1n1ch ($5 in chips) 
Seat 6: Gamer577 ($7.34 in chips) 
zeiyeye: posts small blind $0.02
HubertusB: posts big blind $0.05
*** HOLE CARDS ***
Dealt to HubertusB [8d 3s]
MoreRakePls1: folds 
zar1n1ch: folds 
Gamer577: folds 
Vecherov: folds 
zeiyeye: calls $0.03
HubertusB: checks 
*** FLOP *** [Jd Qc Th]
zeiyeye: checks 
HubertusB: checks 
*** TURN *** [Jd Qc Th] [Ts]
zeiyeye: bets $0.05
HubertusB: folds 
Uncalled bet ($0.05) returned to zeiyeye
zeiyeye collected $0.10 from pot
zeiyeye: doesn't show hand 
*** SUMMARY ***
Total pot $0.10 | Rake $0 
Board [Jd Qc Th Ts]
Seat 1: Vecherov (button) folded before Flop (didn't bet)
Seat 2: zeiyeye (small blind) collected ($0.10)
Seat 3: HubertusB (big blind) folded on the Turn
Seat 4: MoreRakePls1 folded before Flop (didn't bet)
Seat 5: zar1n1ch folded before Flop (didn't bet)
Seat 6: Gamer577 folded before Flop (didn't bet)



PokerStars Zoom Hand #186523895383:  Hold'em No Limit ($0.02/$0.05) - 2018/05/17 19:57:16 CCT [2018/05/17 7:57:16 ET]
Table 'Donati' 6-max Seat #1 is the button
Seat 1: Aleks Ryder ($15.80 in chips) 
Seat 2: HubertusB ($5.11 in chips) 
Seat 3: titop_Vector ($7.44 in chips) 
Seat 4: zdaz1 ($15 in chips) 
Seat 5: Vaidaz ($5.59 in chips) 
Seat 6: s0chi161090 ($2.63 in chips) 
HubertusB: posts small blind $0.02
titop_Vector: posts big blind $0.05
*** HOLE CARDS ***
Dealt to HubertusB [As 9c]
zdaz1: folds 
Vaidaz: folds 
s0chi161090: folds 
Aleks Ryder: folds 
HubertusB: folds 
Uncalled bet ($0.03) returned to titop_Vector
titop_Vector collected $0.04 from pot
titop_Vector: doesn't show hand 
*** SUMMARY ***
Total pot $0.04 | Rake $0 
Seat 1: Aleks Ryder (button) folded before Flop (didn't bet)
Seat 2: HubertusB (small blind) folded before Flop
Seat 3: titop_Vector (big blind) collected ($0.04)
Seat 4: zdaz1 folded before Flop (didn't bet)
Seat 5: Vaidaz folded before Flop (didn't bet)
Seat 6: s0chi161090 folded before Flop (didn't bet)



PokerStars Zoom Hand #186523898515:  Hold'em No Limit ($0.02/$0.05) - 2018/05/17 19:57:25 CCT [2018/05/17 7:57:25 ET]
Table 'Donati' 6-max Seat #1 is the button
Seat 1: HubertusB ($5.09 in chips) 
Seat 2: Ineibet ($5.02 in chips) 
Seat 3: XXXiao ($5 in chips) 
Seat 4: geass0621 ($2.99 in chips) 
Seat 5: zdaz1 ($5.44 in chips) 
Seat 6: odn1501 ($7.74 in chips) 
Ineibet: posts small blind $0.02
XXXiao: posts big blind $0.05
*** HOLE CARDS ***
Dealt to HubertusB [5h Js]
geass0621: folds 
zdaz1: folds 
odn1501: folds 
HubertusB: folds 
Ineibet: folds 
Uncalled bet ($0.03) returned to XXXiao
XXXiao collected $0.04 from pot
XXXiao: doesn't show hand 
*** SUMMARY ***
Total pot $0.04 | Rake $0 
Seat 1: HubertusB (button) folded before Flop (didn't bet)
Seat 2: Ineibet (small blind) folded before Flop
Seat 3: XXXiao (big blind) collected ($0.04)
Seat 4: geass0621 folded before Flop (didn't bet)
Seat 5: zdaz1 folded before Flop (didn't bet)
Seat 6: odn1501 folded before Flop (didn't bet)



PokerStars Zoom Hand #186523900975:  Hold'em No Limit ($0.02/$0.05) - 2018/05/17 19:57:32 CCT [2018/05/17 7:57:32 ET]
Table 'Donati' 6-max Seat #1 is the button
Seat 1: charliebaby2712 ($5.12 in chips) 
Seat 2: FelixZyl ($10.68 in chips) 
Seat 3: salamandryko ($6.08 in chips) 
Seat 4: ZloFFeliX ($5.81 in chips) 
Seat 5: HubertusB ($5.09 in chips) 
Seat 6: drk55 ($6 in chips) 
FelixZyl: posts small blind $0.02
salamandryko: posts big blind $0.05
*** HOLE CARDS ***
Dealt to HubertusB [Td 9d]
ZloFFeliX: folds 
HubertusB: raises $0.10 to $0.15
drk55: folds 
charliebaby2712: folds 
FelixZyl: folds 
salamandryko: folds 
Uncalled bet ($0.10) returned to HubertusB
HubertusB collected $0.12 from pot
HubertusB: doesn't show hand 
*** SUMMARY ***
Total pot $0.12 | Rake $0 
Seat 1: charliebaby2712 (button) folded before Flop (didn't bet)
Seat 2: FelixZyl (small blind) folded before Flop
Seat 3: salamandryko (big blind) folded before Flop
Seat 4: ZloFFeliX folded before Flop (didn't bet)
Seat 5: HubertusB collected ($0.12)
Seat 6: drk55 folded before Flop (didn't bet)



PokerStars Zoom Hand #186523905820:  Hold'em No Limit ($0.02/$0.05) - 2018/05/17 19:57:46 CCT [2018/05/17 7:57:46 ET]
Table 'Donati' 6-max Seat #1 is the button
Seat 1: athernu ($4.95 in chips) 
Seat 2: takkun230 ($7.43 in chips) 
Seat 3: zdaz1 ($15.19 in chips) 
Seat 4: HubertusB ($5.16 in chips) 
Seat 5: MUSTANGKATE ($6.17 in chips) 
Seat 6: zwetok ($5.50 in chips) 
takkun230: posts small blind $0.02
zdaz1: posts big blind $0.05
*** HOLE CARDS ***
Dealt to HubertusB [9d 2h]
HubertusB: folds 
MUSTANGKATE: folds 
zwetok: folds 
athernu: folds 
takkun230: raises $0.10 to $0.15
zdaz1: folds 
Uncalled bet ($0.10) returned to takkun230
takkun230 collected $0.10 from pot
takkun230: doesn't show hand 
*** SUMMARY ***
Total pot $0.10 | Rake $0 
Seat 1: athernu (button) folded before Flop (didn't bet)
Seat 2: takkun230 (small blind) collected ($0.10)
Seat 3: zdaz1 (big blind) folded before Flop
Seat 4: HubertusB folded before Flop (didn't bet)
Seat 5: MUSTANGKATE folded before Flop (didn't bet)
Seat 6: zwetok folded before Flop (didn't bet)



PokerStars Zoom Hand #186523907601:  Hold'em No Limit ($0.02/$0.05) - 2018/05/17 19:57:51 CCT [2018/05/17 7:57:51 ET]
Table 'Donati' 6-max Seat #1 is the button
Seat 1: Shamaxxx ($5 in chips) 
Seat 2: RWSoul ($5 in chips) 
Seat 3: Vecherov ($5.07 in chips) 
Seat 4: Hayoterkinovich ($7.64 in chips) 
Seat 5: narrator123 ($5 in chips) 
Seat 6: HubertusB ($5.16 in chips) 
RWSoul: posts small blind $0.02
Vecherov: posts big blind $0.05
*** HOLE CARDS ***
Dealt to HubertusB [7d 2s]
Hayoterkinovich: folds 
narrator123: folds 
HubertusB: folds 
Shamaxxx: raises $0.05 to $0.10
RWSoul: folds 
Vecherov: folds 
Uncalled bet ($0.05) returned to Shamaxxx
Shamaxxx collected $0.12 from pot
Shamaxxx: doesn't show hand 
*** SUMMARY ***
Total pot $0.12 | Rake $0 
Seat 1: Shamaxxx (button) collected ($0.12)
Seat 2: RWSoul (small blind) folded before Flop
Seat 3: Vecherov (big blind) folded before Flop
Seat 4: Hayoterkinovich folded before Flop (didn't bet)
Seat 5: narrator123 folded before Flop (didn't bet)
Seat 6: HubertusB folded before Flop (didn't bet)



PokerStars Zoom Hand #186523909628:  Hold'em No Limit ($0.02/$0.05) - 2018/05/17 19:57:57 CCT [2018/05/17 7:57:57 ET]
Table 'Donati' 6-max Seat #1 is the button
Seat 1: Motogari33 ($8.53 in chips) 
Seat 2: Aleks Ryder ($5.24 in chips) 
Seat 3: HubertusB ($5.16 in chips) 
Seat 4: RWSoul ($5.31 in chips) 
Seat 5: Vegetarian93 ($8.54 in chips) 
Seat 6: tty1214 ($8.27 in chips) 
Aleks Ryder: posts small blind $0.02
HubertusB: posts big blind $0.05
*** HOLE CARDS ***
Dealt to HubertusB [6h Qs]
RWSoul: folds 
Vegetarian93: raises $0.09 to $0.14
tty1214: folds 
Motogari33: folds 
Aleks Ryder: folds 
HubertusB: folds 
Uncalled bet ($0.09) returned to Vegetarian93
Vegetarian93 collected $0.12 from pot
Vegetarian93: doesn't show hand 
*** SUMMARY ***
Total pot $0.12 | Rake $0 
Seat 1: Motogari33 (button) folded before Flop (didn't bet)
Seat 2: Aleks Ryder (small blind) folded before Flop
Seat 3: HubertusB (big blind) folded before Flop
Seat 4: RWSoul folded before Flop (didn't bet)
Seat 5: Vegetarian93 collected ($0.12)
Seat 6: tty1214 folded before Flop (didn't bet)



PokerStars Zoom Hand #186523912810:  Hold'em No Limit ($0.02/$0.05) - 2018/05/17 19:58:06 CCT [2018/05/17 7:58:06 ET]
Table 'Donati' 6-max Seat #1 is the button
Seat 1: HubertusB ($5.11 in chips) 
Seat 2: Aleks Ryder ($10.24 in chips) 
Seat 3: Fighter485 ($6.01 in chips) 
Seat 4: SHMAG3L ($7.05 in chips) 
Seat 5: salamandryko ($6.10 in chips) 
Seat 6: I10Poker ($4.40 in chips) 
Aleks Ryder: posts small blind $0.02
Fighter485: posts big blind $0.05
*** HOLE CARDS ***
Dealt to HubertusB [4s Th]
SHMAG3L: raises $0.10 to $0.15
salamandryko: raises $0.30 to $0.45
I10Poker: folds 
HubertusB: folds 
Aleks Ryder: folds 
Fighter485: folds 
SHMAG3L: calls $0.30
*** FLOP *** [Jd 3c 7h]
SHMAG3L: checks 
salamandryko: bets $0.46
SHMAG3L: calls $0.46
*** TURN *** [Jd 3c 7h] [Ah]
SHMAG3L: checks 
salamandryko: bets $1.30
SHMAG3L: calls $1.30
*** RIVER *** [Jd 3c 7h Ah] [5c]
SHMAG3L: checks 
salamandryko: bets $3.89 and is all-in
SHMAG3L: calls $3.89
*** SHOW DOWN ***
salamandryko: shows [Jc Ac] (two pair, Aces and Jacks)
SHMAG3L: shows [7d 7s] (three of a kind, Sevens)
SHMAG3L collected $11.76 from pot
*** SUMMARY ***
Total pot $12.27 | Rake $0.51 
Board [Jd 3c 7h Ah 5c]
Seat 1: HubertusB (button) folded before Flop (didn't bet)
Seat 2: Aleks Ryder (small blind) folded before Flop
Seat 3: Fighter485 (big blind) folded before Flop
Seat 4: SHMAG3L showed [7d 7s] and won ($11.76) with three of a kind, Sevens
Seat 5: salamandryko showed [Jc Ac] and lost with two pair, Aces and Jacks
Seat 6: I10Poker folded before Flop (didn't bet)



PokerStars Zoom Hand #186523914884:  Hold'em No Limit ($0.02/$0.05) - 2018/05/17 19:58:12 CCT [2018/05/17 7:58:12 ET]
Table 'Donati' 6-max Seat #1 is the button
Seat 1: mohandes81 ($17.66 in chips) 
Seat 2: HubertusB ($5.11 in chips) 
Seat 3: NoApolog1es ($5.92 in chips) 
Seat 4: H.-Dietrich ($5.58 in chips) 
Seat 5: Gevron ($6.49 in chips) 
Seat 6: gracerusson ($9.61 in chips) 
HubertusB: posts small blind $0.02
NoApolog1es: posts big blind $0.05
*** HOLE CARDS ***
Dealt to HubertusB [Td Ts]
H.-Dietrich: folds 
Gevron: folds 
gracerusson: folds 
mohandes81: raises $0.10 to $0.15
HubertusB: calls $0.13
NoApolog1es: folds 
*** FLOP *** [Jc 8s 5d]
HubertusB: checks 
mohandes81: bets $0.17
HubertusB: calls $0.17
*** TURN *** [Jc 8s 5d] [Ad]
HubertusB: checks 
mohandes81: checks 
*** RIVER *** [Jc 8s 5d Ad] [9h]
HubertusB: checks 
mohandes81: checks 
*** SHOW DOWN ***
HubertusB: shows [Td Ts] (a pair of Tens)
mohandes81: mucks hand 
HubertusB collected $0.66 from pot
*** SUMMARY ***
Total pot $0.69 | Rake $0.03 
Board [Jc 8s 5d Ad 9h]
Seat 1: mohandes81 (button) mucked [3d 3s]
Seat 2: HubertusB (small blind) showed [Td Ts] and won ($0.66) with a pair of Tens
Seat 3: NoApolog1es (big blind) folded before Flop
Seat 4: H.-Dietrich folded before Flop (didn't bet)
Seat 5: Gevron folded before Flop (didn't bet)
Seat 6: gracerusson folded before Flop (didn't bet)



PokerStars Zoom Hand #186523935012:  Hold'em No Limit ($0.02/$0.05) - 2018/05/17 19:59:10 CCT [2018/05/17 7:59:10 ET]
Table 'Donati' 6-max Seat #1 is the button
Seat 1: WaterStriker ($5.79 in chips) 
Seat 2: Deox666 ($5.62 in chips) 
Seat 3: XXXiao ($5.08 in chips) 
Seat 4: mohandes81 ($17.34 in chips) 
Seat 5: HubertusB ($5.45 in chips) 
Seat 6: yuu0914 ($6.70 in chips) 
Deox666: posts small blind $0.02
XXXiao: posts big blind $0.05
*** HOLE CARDS ***
Dealt to HubertusB [Tc Jc]
mohandes81: raises $0.10 to $0.15
HubertusB: calls $0.15
yuu0914: folds 
WaterStriker: folds 
Deox666: folds 
XXXiao: folds 
*** FLOP *** [Qd Td 5d]
mohandes81: bets $0.20
HubertusB: calls $0.20
*** TURN *** [Qd Td 5d] [9h]
mohandes81: checks 
HubertusB: checks 
*** RIVER *** [Qd Td 5d 9h] [As]
mohandes81: checks 
HubertusB: checks 
*** SHOW DOWN ***
mohandes81: shows [3s 3d] (a pair of Threes)
HubertusB: shows [Tc Jc] (a pair of Tens)
HubertusB collected $0.74 from pot
*** SUMMARY ***
Total pot $0.77 | Rake $0.03 
Board [Qd Td 5d 9h As]
Seat 1: WaterStriker (button) folded before Flop (didn't bet)
Seat 2: Deox666 (small blind) folded before Flop
Seat 3: XXXiao (big blind) folded before Flop
Seat 4: mohandes81 showed [3s 3d] and lost with a pair of Threes
Seat 5: HubertusB showed [Tc Jc] and won ($0.74) with a pair of Tens
Seat 6: yuu0914 folded before Flop (didn't bet)



PokerStars Zoom Hand #186523953824:  Hold'em No Limit ($0.02/$0.05) - 2018/05/17 20:00:04 CCT [2018/05/17 8:00:04 ET]
Table 'Donati' 6-max Seat #1 is the button
Seat 1: vova270793 ($5.53 in chips) 
Seat 2: zwetok ($5.62 in chips) 
Seat 3: HubertusB ($5.84 in chips) 
Seat 4: Hayoterkinovich ($5.67 in chips) 
Seat 5: triplexxx3 ($3.48 in chips) 
Seat 6: dbr03001 ($5 in chips) 
zwetok: posts small blind $0.02
HubertusB: posts big blind $0.05
*** HOLE CARDS ***
Dealt to HubertusB [2c 6s]
Hayoterkinovich: folds 
triplexxx3: folds 
dbr03001: folds 
vova270793: folds 
zwetok: raises $0.06 to $0.11
HubertusB: folds 
Uncalled bet ($0.06) returned to zwetok
zwetok collected $0.10 from pot
zwetok: doesn't show hand 
*** SUMMARY ***
Total pot $0.10 | Rake $0 
Seat 1: vova270793 (button) folded before Flop (didn't bet)
Seat 2: zwetok (small blind) collected ($0.10)
Seat 3: HubertusB (big blind) folded before Flop
Seat 4: Hayoterkinovich folded before Flop (didn't bet)
Seat 5: triplexxx3 folded before Flop (didn't bet)
Seat 6: dbr03001 folded before Flop (didn't bet)



PokerStars Zoom Hand #186523952039:  Hold'em No Limit ($0.02/$0.05) - 2018/05/17 19:59:59 CCT [2018/05/17 7:59:59 ET]
Table 'Donati' 6-max Seat #1 is the button
Seat 1: WimmerA97 ($4.71 in chips) 
Seat 2: DeeerGG ($2.43 in chips) 
Seat 3: Diablo_3105 ($5.92 in chips) 
Seat 4: HubertusB ($5.84 in chips) 
Seat 5: drk55 ($5 in chips) 
Seat 6: ssak07 ($7.42 in chips) 
DeeerGG: posts small blind $0.02
Diablo_3105: posts big blind $0.05
*** HOLE CARDS ***
Dealt to HubertusB [Js 6d]
HubertusB: folds 
drk55: folds 
ssak07: folds 
WimmerA97: folds 
DeeerGG: raises $0.10 to $0.15
Diablo_3105: folds 
Uncalled bet ($0.10) returned to DeeerGG
DeeerGG collected $0.10 from pot
DeeerGG: doesn't show hand 
*** SUMMARY ***
Total pot $0.10 | Rake $0 
Seat 1: WimmerA97 (button) folded before Flop (didn't bet)
Seat 2: DeeerGG (small blind) collected ($0.10)
Seat 3: Diablo_3105 (big blind) folded before Flop
Seat 4: HubertusB folded before Flop (didn't bet)
Seat 5: drk55 folded before Flop (didn't bet)
Seat 6: ssak07 folded before Flop (didn't bet)



PokerStars Zoom Hand #186523956506:  Hold'em No Limit ($0.02/$0.05) - 2018/05/17 20:00:12 CCT [2018/05/17 8:00:12 ET]
Table 'Donati' 6-max Seat #1 is the button
Seat 1: HubertusB ($5.79 in chips) 
Seat 2: Genisys11 ($5 in chips) 
Seat 3: heczhe ($6.39 in chips) 
Seat 4: nama.uk ($3.93 in chips) 
Seat 5: WimmerA97 ($2.68 in chips) 
Seat 6: allekönige ($7.30 in chips) 
Genisys11: posts small blind $0.02
heczhe: posts big blind $0.05
*** HOLE CARDS ***
Dealt to HubertusB [Tc 2s]
nama.uk: folds 
WimmerA97: folds 
allekönige: folds 
HubertusB: folds 
Genisys11: folds 
Uncalled bet ($0.03) returned to heczhe
heczhe collected $0.04 from pot
heczhe: doesn't show hand 
*** SUMMARY ***
Total pot $0.04 | Rake $0 
Seat 1: HubertusB (button) folded before Flop (didn't bet)
Seat 2: Genisys11 (small blind) folded before Flop
Seat 3: heczhe (big blind) collected ($0.04)
Seat 4: nama.uk folded before Flop (didn't bet)
Seat 5: WimmerA97 folded before Flop (didn't bet)
Seat 6: allekönige folded before Flop (didn't bet)



PokerStars Zoom Hand #186523959750:  Hold'em No Limit ($0.02/$0.05) - 2018/05/17 20:00:21 CCT [2018/05/17 8:00:21 ET]
Table 'Donati' 6-max Seat #1 is the button
Seat 1: Gevron ($5.07 in chips) 
Seat 2: Ineibet ($5.02 in chips) 
Seat 3: WimmerA97 ($4.22 in chips) 
Seat 4: NoApolog1es ($9.11 in chips) 
Seat 5: athernu ($4.66 in chips) 
Seat 6: HubertusB ($5.79 in chips) 
Ineibet: posts small blind $0.02
WimmerA97: posts big blind $0.05
*** HOLE CARDS ***
Dealt to HubertusB [Ts Ad]
NoApolog1es: folds 
athernu: folds 
HubertusB: raises $0.05 to $0.10
Gevron: folds 
Ineibet: folds 
WimmerA97: folds 
Uncalled bet ($0.05) returned to HubertusB
HubertusB collected $0.12 from pot
HubertusB: doesn't show hand 
*** SUMMARY ***
Total pot $0.12 | Rake $0 
Seat 1: Gevron (button) folded before Flop (didn't bet)
Seat 2: Ineibet (small blind) folded before Flop
Seat 3: WimmerA97 (big blind) folded before Flop
Seat 4: NoApolog1es folded before Flop (didn't bet)
Seat 5: athernu folded before Flop (didn't bet)
Seat 6: HubertusB collected ($0.12)



PokerStars Zoom Hand #186523964069:  Hold'em No Limit ($0.02/$0.05) - 2018/05/17 20:00:33 CCT [2018/05/17 8:00:33 ET]
Table 'Donati' 6-max Seat #1 is the button
Seat 1: smd12345 ($5 in chips) 
Seat 2: offuca ($5 in chips) 
Seat 3: AndreyK11 ($5 in chips) 
Seat 4: justina1990 ($8.68 in chips) 
Seat 5: HubertusB ($5.86 in chips) 
Seat 6: BeatLimits ($5 in chips) 
offuca: posts small blind $0.02
AndreyK11: posts big blind $0.05
*** HOLE CARDS ***
Dealt to HubertusB [8s 4c]
justina1990: folds 
HubertusB: folds 
BeatLimits: folds 
smd12345: folds 
offuca: folds 
Uncalled bet ($0.03) returned to AndreyK11
AndreyK11 collected $0.04 from pot
AndreyK11: doesn't show hand 
*** SUMMARY ***
Total pot $0.04 | Rake $0 
Seat 1: smd12345 (button) folded before Flop (didn't bet)
Seat 2: offuca (small blind) folded before Flop
Seat 3: AndreyK11 (big blind) collected ($0.04)
Seat 4: justina1990 folded before Flop (didn't bet)
Seat 5: HubertusB folded before Flop (didn't bet)
Seat 6: BeatLimits folded before Flop (didn't bet)



PokerStars Zoom Hand #186523965836:  Hold'em No Limit ($0.02/$0.05) - 2018/05/17 20:00:38 CCT [2018/05/17 8:00:38 ET]
Table 'Donati' 6-max Seat #1 is the button
Seat 1: botano ($2.45 in chips) 
Seat 2: HubertusB ($5.86 in chips) 
Seat 3: Bupyc777 ($3.04 in chips) 
Seat 4: BVB1909 ($5.95 in chips) 
Seat 5: tty1214 ($5.11 in chips) 
Seat 6: allekönige ($7.35 in chips) 
HubertusB: posts small blind $0.02
Bupyc777: posts big blind $0.05
*** HOLE CARDS ***
Dealt to HubertusB [8c Jc]
BVB1909: folds 
tty1214: folds 
allekönige: folds 
botano: folds 
HubertusB: raises $0.05 to $0.10
Bupyc777: calls $0.05
*** FLOP *** [8h 9c 7d]
HubertusB: bets $0.10
Bupyc777: calls $0.10
*** TURN *** [8h 9c 7d] [3s]
HubertusB: bets $0.20
Bupyc777: folds 
Uncalled bet ($0.20) returned to HubertusB
HubertusB collected $0.38 from pot
HubertusB: doesn't show hand 
*** SUMMARY ***
Total pot $0.40 | Rake $0.02 
Board [8h 9c 7d 3s]
Seat 1: botano (button) folded before Flop (didn't bet)
Seat 2: HubertusB (small blind) collected ($0.38)
Seat 3: Bupyc777 (big blind) folded on the Turn
Seat 4: BVB1909 folded before Flop (didn't bet)
Seat 5: tty1214 folded before Flop (didn't bet)
Seat 6: allekönige folded before Flop (didn't bet)



PokerStars Zoom Hand #186523985314:  Hold'em No Limit ($0.02/$0.05) - 2018/05/17 20:01:30 CCT [2018/05/17 8:01:30 ET]
Table 'Donati' 6-max Seat #1 is the button
Seat 1: sepik200 ($5.38 in chips) 
Seat 2: Maaj Kell ($4.23 in chips) 
Seat 3: albiefung ($1.05 in chips) 
Seat 4: HubertusB ($6.04 in chips) 
Seat 5: xxThiefxx ($4.87 in chips) 
Seat 6: Shamaxxx ($5 in chips) 
Maaj Kell: posts small blind $0.02
albiefung: posts big blind $0.05
*** HOLE CARDS ***
Dealt to HubertusB [5h Qc]
HubertusB: folds 
xxThiefxx: folds 
Shamaxxx: folds 
sepik200: folds 
Maaj Kell: folds 
Uncalled bet ($0.03) returned to albiefung
albiefung collected $0.04 from pot
albiefung: doesn't show hand 
*** SUMMARY ***
Total pot $0.04 | Rake $0 
Seat 1: sepik200 (button) folded before Flop (didn't bet)
Seat 2: Maaj Kell (small blind) folded before Flop
Seat 3: albiefung (big blind) collected ($0.04)
Seat 4: HubertusB folded before Flop (didn't bet)
Seat 5: xxThiefxx folded before Flop (didn't bet)
Seat 6: Shamaxxx folded before Flop (didn't bet)



PokerStars Zoom Hand #186523987225:  Hold'em No Limit ($0.02/$0.05) - 2018/05/17 20:01:35 CCT [2018/05/17 8:01:35 ET]
Table 'Donati' 6-max Seat #1 is the button
Seat 1: apisit205 ($5 in chips) 
Seat 2: Max1k1nG1212 ($13.48 in chips) 
Seat 3: HubertusB ($6.04 in chips) 
Seat 4: belmain.by ($5.69 in chips) 
Seat 5: MoreRakePls1 ($15.44 in chips) 
Seat 6: Mitusha666 ($5.83 in chips) 
Max1k1nG1212: posts small blind $0.02
HubertusB: posts big blind $0.05
*** HOLE CARDS ***
Dealt to HubertusB [2h Jc]
belmain.by: raises $0.10 to $0.15
MoreRakePls1: folds 
Mitusha666: folds 
apisit205: folds 
Max1k1nG1212: folds 
HubertusB: folds 
Uncalled bet ($0.10) returned to belmain.by
belmain.by collected $0.12 from pot
belmain.by: doesn't show hand 
*** SUMMARY ***
Total pot $0.12 | Rake $0 
Seat 1: apisit205 (button) folded before Flop (didn't bet)
Seat 2: Max1k1nG1212 (small blind) folded before Flop
Seat 3: HubertusB (big blind) folded before Flop
Seat 4: belmain.by collected ($0.12)
Seat 5: MoreRakePls1 folded before Flop (didn't bet)
Seat 6: Mitusha666 folded before Flop (didn't bet)



PokerStars Zoom Hand #186523989119:  Hold'em No Limit ($0.02/$0.05) - 2018/05/17 20:01:40 CCT [2018/05/17 8:01:40 ET]
Table 'Donati' 6-max Seat #1 is the button
Seat 1: bougin123 ($6.77 in chips) 
Seat 2: Go0bus ($5.71 in chips) 
Seat 3: drk55 ($5 in chips) 
Seat 4: MoreRakePls1 ($12.08 in chips) 
Seat 5: masakimilk ($6.99 in chips) 
Seat 6: HubertusB ($5.99 in chips) 
Go0bus: posts small blind $0.02
drk55: posts big blind $0.05
*** HOLE CARDS ***
Dealt to HubertusB [Qd 7h]
MoreRakePls1: folds 
masakimilk: raises $0.10 to $0.15
HubertusB: folds 
bougin123: folds 
Go0bus: folds 
drk55: folds 
Uncalled bet ($0.10) returned to masakimilk
masakimilk collected $0.12 from pot
masakimilk: doesn't show hand 
*** SUMMARY ***
Total pot $0.12 | Rake $0 
Seat 1: bougin123 (button) folded before Flop (didn't bet)
Seat 2: Go0bus (small blind) folded before Flop
Seat 3: drk55 (big blind) folded before Flop
Seat 4: MoreRakePls1 folded before Flop (didn't bet)
Seat 5: masakimilk collected ($0.12)
Seat 6: HubertusB folded before Flop (didn't bet)



PokerStars Zoom Hand #186523991098:  Hold'em No Limit ($0.02/$0.05) - 2018/05/17 20:01:45 CCT [2018/05/17 8:01:45 ET]
Table 'Donati' 6-max Seat #1 is the button
Seat 1: HubertusB ($5.99 in chips) 
Seat 2: Karlyvzla27 ($6.45 in chips) 
Seat 3: St_Curly21 ($3.57 in chips) 
Seat 4: RustemAnna ($7.93 in chips) 
Seat 5: rosssilvs1183 ($5.29 in chips) 
Seat 6: assorigobet ($5.02 in chips) 
Karlyvzla27: posts small blind $0.02
St_Curly21: posts big blind $0.05
*** HOLE CARDS ***
Dealt to HubertusB [Jh 9d]
RustemAnna: folds 
rosssilvs1183: folds 
assorigobet: folds 
HubertusB: raises $0.05 to $0.10
Karlyvzla27: calls $0.08
St_Curly21: folds 
*** FLOP *** [Qd 4c 5d]
Karlyvzla27: checks 
HubertusB: bets $0.15
Karlyvzla27: folds 
Uncalled bet ($0.15) returned to HubertusB
HubertusB collected $0.24 from pot
HubertusB: doesn't show hand 
*** SUMMARY ***
Total pot $0.25 | Rake $0.01 
Board [Qd 4c 5d]
Seat 1: HubertusB (button) collected ($0.24)
Seat 2: Karlyvzla27 (small blind) folded on the Flop
Seat 3: St_Curly21 (big blind) folded before Flop
Seat 4: RustemAnna folded before Flop (didn't bet)
Seat 5: rosssilvs1183 folded before Flop (didn't bet)
Seat 6: assorigobet folded before Flop (didn't bet)



PokerStars Zoom Hand #186524002428:  Hold'em No Limit ($0.02/$0.05) - 2018/05/17 20:02:15 CCT [2018/05/17 8:02:15 ET]
Table 'Donati' 6-max Seat #1 is the button
Seat 1: ssak07 ($7.21 in chips) 
Seat 2: zwetok ($19.77 in chips) 
Seat 3: Karlyvzla27 ($4.78 in chips) 
Seat 4: HubertusB ($6.13 in chips) 
Seat 5: Guest533 ($5.07 in chips) 
Seat 6: mohandes81 ($5 in chips) 
zwetok: posts small blind $0.02
Karlyvzla27: posts big blind $0.05
*** HOLE CARDS ***
Dealt to HubertusB [4h Ad]
HubertusB: folds 
Guest533: folds 
mohandes81: folds 
ssak07: folds 
zwetok: raises $0.06 to $0.11
Karlyvzla27: folds 
Uncalled bet ($0.06) returned to zwetok
zwetok collected $0.10 from pot
zwetok: doesn't show hand 
*** SUMMARY ***
Total pot $0.10 | Rake $0 
Seat 1: ssak07 (button) folded before Flop (didn't bet)
Seat 2: zwetok (small blind) collected ($0.10)
Seat 3: Karlyvzla27 (big blind) folded before Flop
Seat 4: HubertusB folded before Flop (didn't bet)
Seat 5: Guest533 folded before Flop (didn't bet)
Seat 6: mohandes81 folded before Flop (didn't bet)



PokerStars Zoom Hand #186524004382:  Hold'em No Limit ($0.02/$0.05) - 2018/05/17 20:02:20 CCT [2018/05/17 8:02:20 ET]
Table 'Donati' 6-max Seat #1 is the button
Seat 1: kotsu65 ($5.44 in chips) 
Seat 2: HubertusB ($6.13 in chips) 
Seat 3: jacks550 ($3.22 in chips) 
Seat 4: DeeerGG ($2.70 in chips) 
Seat 5: osfp7john ($9 in chips) 
Seat 6: sino_Marco ($1.90 in chips) 
HubertusB: posts small blind $0.02
jacks550: posts big blind $0.05
*** HOLE CARDS ***
Dealt to HubertusB [Th 4d]
DeeerGG: folds 
osfp7john: raises $0.10 to $0.15
sino_Marco: folds 
kotsu65: folds 
HubertusB: folds 
jacks550: folds 
Uncalled bet ($0.10) returned to osfp7john
osfp7john collected $0.12 from pot
osfp7john: doesn't show hand 
*** SUMMARY ***
Total pot $0.12 | Rake $0 
Seat 1: kotsu65 (button) folded before Flop (didn't bet)
Seat 2: HubertusB (small blind) folded before Flop
Seat 3: jacks550 (big blind) folded before Flop
Seat 4: DeeerGG folded before Flop (didn't bet)
Seat 5: osfp7john collected ($0.12)
Seat 6: sino_Marco folded before Flop (didn't bet)



PokerStars Zoom Hand #186524007956:  Hold'em No Limit ($0.02/$0.05) - 2018/05/17 20:02:29 CCT [2018/05/17 8:02:29 ET]
Table 'Donati' 6-max Seat #1 is the button
Seat 1: Blackantz ($6.11 in chips) 
Seat 2: Tustik ($5.50 in chips) 
Seat 3: HubertusB ($6.11 in chips) 
Seat 4: victor250178 ($2.41 in chips) 
Seat 5: Bacar88 ($5.28 in chips) 
Seat 6: Mr.Nuttts ($5.77 in chips) 
Tustik: posts small blind $0.02
HubertusB: posts big blind $0.05
*** HOLE CARDS ***
Dealt to HubertusB [Ah Jd]
victor250178: folds 
Bacar88: folds 
Mr.Nuttts: raises $0.07 to $0.12
Blackantz: folds 
Tustik: folds 
HubertusB: calls $0.07
*** FLOP *** [9s 9d Qh]
HubertusB: checks 
Mr.Nuttts: bets $0.11
HubertusB: folds 
Uncalled bet ($0.11) returned to Mr.Nuttts
Mr.Nuttts collected $0.25 from pot
Mr.Nuttts: doesn't show hand 
*** SUMMARY ***
Total pot $0.26 | Rake $0.01 
Board [9s 9d Qh]
Seat 1: Blackantz (button) folded before Flop (didn't bet)
Seat 2: Tustik (small blind) folded before Flop
Seat 3: HubertusB (big blind) folded on the Flop
Seat 4: victor250178 folded before Flop (didn't bet)
Seat 5: Bacar88 folded before Flop (didn't bet)
Seat 6: Mr.Nuttts collected ($0.25)



PokerStars Zoom Hand #186524017267:  Hold'em No Limit ($0.02/$0.05) - 2018/05/17 20:02:53 CCT [2018/05/17 8:02:53 ET]
Table 'Donati' 6-max Seat #1 is the button
Seat 1: Mitusha666 ($5.64 in chips) 
Seat 2: Vecherov ($5.05 in chips) 
Seat 3: mohandes81 ($16.24 in chips) 
Seat 4: belgas33 ($5.76 in chips) 
Seat 5: HubertusB ($5.99 in chips) 
Seat 6: vova270793 ($5 in chips) 
Vecherov: posts small blind $0.02
mohandes81: posts big blind $0.05
*** HOLE CARDS ***
Dealt to HubertusB [4d 5s]
belgas33: folds 
HubertusB: folds 
vova270793: folds 
Mitusha666: folds 
Vecherov: folds 
Uncalled bet ($0.03) returned to mohandes81
mohandes81 collected $0.04 from pot
mohandes81: doesn't show hand 
*** SUMMARY ***
Total pot $0.04 | Rake $0 
Seat 1: Mitusha666 (button) folded before Flop (didn't bet)
Seat 2: Vecherov (small blind) folded before Flop
Seat 3: mohandes81 (big blind) collected ($0.04)
Seat 4: belgas33 folded before Flop (didn't bet)
Seat 5: HubertusB folded before Flop (didn't bet)
Seat 6: vova270793 folded before Flop (didn't bet)



PokerStars Zoom Hand #186524020822:  Hold'em No Limit ($0.02/$0.05) - 2018/05/17 20:03:02 CCT [2018/05/17 8:03:02 ET]
Table 'Donati' 6-max Seat #1 is the button
Seat 1: HubertusB ($5.99 in chips) 
Seat 2: alexn070775 ($12.04 in chips) 
Seat 3: WimmerA97 ($4.97 in chips) 
Seat 4: 111olesya111 ($3.34 in chips) 
Seat 5: Mitusha666 ($5.64 in chips) 
Seat 6: Gamer577 ($8.49 in chips) 
alexn070775: posts small blind $0.02
WimmerA97: posts big blind $0.05
*** HOLE CARDS ***
Dealt to HubertusB [Jc Qc]
111olesya111: calls $0.05
Mitusha666: folds 
Gamer577: folds 
HubertusB: raises $0.25 to $0.30
alexn070775: folds 
WimmerA97: folds 
111olesya111: calls $0.25
*** FLOP *** [Kc 4d Kd]
111olesya111: checks 
HubertusB: bets $0.25
111olesya111: calls $0.25
*** TURN *** [Kc 4d Kd] [6d]
111olesya111: checks 
HubertusB: checks 
*** RIVER *** [Kc 4d Kd 6d] [Qd]
111olesya111: bets $0.55
HubertusB: folds 
Uncalled bet ($0.55) returned to 111olesya111
111olesya111 collected $1.12 from pot
111olesya111: doesn't show hand 
*** SUMMARY ***
Total pot $1.17 | Rake $0.05 
Board [Kc 4d Kd 6d Qd]
Seat 1: HubertusB (button) folded on the River
Seat 2: alexn070775 (small blind) folded before Flop
Seat 3: WimmerA97 (big blind) folded before Flop
Seat 4: 111olesya111 collected ($1.12)
Seat 5: Mitusha666 folded before Flop (didn't bet)
Seat 6: Gamer577 folded before Flop (didn't bet)



PokerStars Zoom Hand #186524049083:  Hold'em No Limit ($0.02/$0.05) - 2018/05/17 20:04:14 CCT [2018/05/17 8:04:14 ET]
Table 'Donati' 6-max Seat #1 is the button
Seat 1: 2Sheds ($7.05 in chips) 
Seat 2: botano ($2.35 in chips) 
Seat 3: Ineibet ($5.54 in chips) 
Seat 4: St_Curly21 ($3.22 in chips) 
Seat 5: HubertusB ($5.44 in chips) 
Seat 6: BVB1909 ($5 in chips) 
botano: posts small blind $0.02
Ineibet: posts big blind $0.05
*** HOLE CARDS ***
Dealt to HubertusB [8h Js]
St_Curly21: folds 
HubertusB: folds 
BVB1909: folds 
2Sheds: raises $0.10 to $0.15
botano: folds 
Ineibet: folds 
Uncalled bet ($0.10) returned to 2Sheds
2Sheds collected $0.12 from pot
2Sheds: doesn't show hand 
*** SUMMARY ***
Total pot $0.12 | Rake $0 
Seat 1: 2Sheds (button) collected ($0.12)
Seat 2: botano (small blind) folded before Flop
Seat 3: Ineibet (big blind) folded before Flop
Seat 4: St_Curly21 folded before Flop (didn't bet)
Seat 5: HubertusB folded before Flop (didn't bet)
Seat 6: BVB1909 folded before Flop (didn't bet)



PokerStars Zoom Hand #186524053839:  Hold'em No Limit ($0.02/$0.05) - 2018/05/17 20:04:26 CCT [2018/05/17 8:04:26 ET]
Table 'Donati' 6-max Seat #1 is the button
Seat 1: WimmerA97 ($2.11 in chips) 
Seat 2: HubertusB ($5.44 in chips) 
Seat 3: kilechka ($3.15 in chips) 
Seat 4: noobatos ($5.04 in chips) 
Seat 5: Tanika33 ($8.82 in chips) 
Seat 6: Igoreshqaa ($2.21 in chips) 
HubertusB: posts small blind $0.02
kilechka: posts big blind $0.05
*** HOLE CARDS ***
Dealt to HubertusB [6c Qc]
noobatos: folds 
Tanika33: raises $0.10 to $0.15
Igoreshqaa: folds 
WimmerA97: folds 
HubertusB: folds 
kilechka: folds 
Uncalled bet ($0.10) returned to Tanika33
Tanika33 collected $0.12 from pot
Tanika33: doesn't show hand 
*** SUMMARY ***
Total pot $0.12 | Rake $0 
Seat 1: WimmerA97 (button) folded before Flop (didn't bet)
Seat 2: HubertusB (small blind) folded before Flop
Seat 3: kilechka (big blind) folded before Flop
Seat 4: noobatos folded before Flop (didn't bet)
Seat 5: Tanika33 collected ($0.12)
Seat 6: Igoreshqaa folded before Flop (didn't bet)



PokerStars Zoom Hand #186524056559:  Hold'em No Limit ($0.02/$0.05) - 2018/05/17 20:04:33 CCT [2018/05/17 8:04:33 ET]
Table 'Donati' 6-max Seat #1 is the button
Seat 1: Cooper Huang ($5 in chips) 
Seat 2: Restorm1 ($6.28 in chips) 
Seat 3: Igoreshqaa ($2.21 in chips) 
Seat 4: HubertusB ($5.42 in chips) 
Seat 5: Hisa38 ($7.31 in chips) 
Seat 6: Hayoterkinovich ($5.38 in chips) 
Restorm1: posts small blind $0.02
Igoreshqaa: posts big blind $0.05
*** HOLE CARDS ***
Dealt to HubertusB [9c Ah]
HubertusB: folds 
Hisa38: folds 
Hayoterkinovich: folds 
Cooper Huang: raises $0.07 to $0.12
Restorm1: folds 
Igoreshqaa: folds 
Uncalled bet ($0.07) returned to Cooper Huang
Cooper Huang collected $0.12 from pot
Cooper Huang: doesn't show hand 
*** SUMMARY ***
Total pot $0.12 | Rake $0 
Seat 1: Cooper Huang (button) collected ($0.12)
Seat 2: Restorm1 (small blind) folded before Flop
Seat 3: Igoreshqaa (big blind) folded before Flop
Seat 4: HubertusB folded before Flop (didn't bet)
Seat 5: Hisa38 folded before Flop (didn't bet)
Seat 6: Hayoterkinovich folded before Flop (didn't bet)



PokerStars Zoom Hand #186524058895:  Hold'em No Limit ($0.02/$0.05) - 2018/05/17 20:04:39 CCT [2018/05/17 8:04:39 ET]
Table 'Donati' 6-max Seat #1 is the button
Seat 1: nama.uk ($2.76 in chips) 
Seat 2: Mr.Nuttts ($15.26 in chips) 
Seat 3: HubertusB ($5.42 in chips) 
Seat 4: Hisa38 ($7.31 in chips) 
Seat 5: plaz v ($4.60 in chips) 
Seat 6: WaterStriker ($5 in chips) 
Mr.Nuttts: posts small blind $0.02
HubertusB: posts big blind $0.05
*** HOLE CARDS ***
Dealt to HubertusB [4s 9h]
Hisa38: folds 
plaz v: folds 
WaterStriker: raises $0.09 to $0.14
nama.uk: folds 
Mr.Nuttts: folds 
HubertusB: folds 
Uncalled bet ($0.09) returned to WaterStriker
WaterStriker collected $0.12 from pot
WaterStriker: doesn't show hand 
*** SUMMARY ***
Total pot $0.12 | Rake $0 
Seat 1: nama.uk (button) folded before Flop (didn't bet)
Seat 2: Mr.Nuttts (small blind) folded before Flop
Seat 3: HubertusB (big blind) folded before Flop
Seat 4: Hisa38 folded before Flop (didn't bet)
Seat 5: plaz v folded before Flop (didn't bet)
Seat 6: WaterStriker collected ($0.12)



PokerStars Zoom Hand #186524051435:  Hold'em No Limit ($0.02/$0.05) - 2018/05/17 20:04:20 CCT [2018/05/17 8:04:20 ET]
Table 'Donati' 6-max Seat #1 is the button
Seat 1: stnfilagr ($5.13 in chips) 
Seat 2: Go0bus ($6.17 in chips) 
Seat 3: Tustik ($5.41 in chips) 
Seat 4: minimum0007 ($2.80 in chips) 
Seat 5: Snowy1984C ($5.05 in chips) 
Seat 6: HubertusB ($5.44 in chips) 
Go0bus: posts small blind $0.02
Tustik: posts big blind $0.05
*** HOLE CARDS ***
Dealt to HubertusB [3d 2c]
minimum0007: folds 
Snowy1984C: raises $0.10 to $0.15
HubertusB: folds 
stnfilagr: calls $0.15
Go0bus: calls $0.13
Tustik: folds 
*** FLOP *** [Qs Kd 9h]
Go0bus: checks 
Snowy1984C: bets $0.14
stnfilagr: folds 
Go0bus: calls $0.14
*** TURN *** [Qs Kd 9h] [Ah]
Go0bus: checks 
Snowy1984C: checks 
*** RIVER *** [Qs Kd 9h Ah] [As]
Go0bus: checks 
Snowy1984C: checks 
*** SHOW DOWN ***
Go0bus: shows [9c 8c] (two pair, Aces and Nines)
Snowy1984C: shows [Ts Ks] (two pair, Aces and Kings)
Snowy1984C collected $0.75 from pot
*** SUMMARY ***
Total pot $0.78 | Rake $0.03 
Board [Qs Kd 9h Ah As]
Seat 1: stnfilagr (button) folded on the Flop
Seat 2: Go0bus (small blind) showed [9c 8c] and lost with two pair, Aces and Nines
Seat 3: Tustik (big blind) folded before Flop
Seat 4: minimum0007 folded before Flop (didn't bet)
Seat 5: Snowy1984C showed [Ts Ks] and won ($0.75) with two pair, Aces and Kings
Seat 6: HubertusB folded before Flop (didn't bet)



PokerStars Zoom Hand #186524064908:  Hold'em No Limit ($0.02/$0.05) - 2018/05/17 20:04:54 CCT [2018/05/17 8:04:54 ET]
Table 'Donati' 6-max Seat #1 is the button
Seat 1: Icrushforlolz ($7.87 in chips) 
Seat 2: quelopariooo ($4.67 in chips) 
Seat 3: WimmerA97 ($2.06 in chips) 
Seat 4: 3igoryan0 ($2.09 in chips) 
Seat 5: Hayoterkinovich ($6.60 in chips) 
Seat 6: HubertusB ($5.37 in chips) 
quelopariooo: posts small blind $0.02
WimmerA97: posts big blind $0.05
*** HOLE CARDS ***
Dealt to HubertusB [4d 8c]
3igoryan0: folds 
Hayoterkinovich: folds 
HubertusB: folds 
Icrushforlolz: folds 
quelopariooo: folds 
Uncalled bet ($0.03) returned to WimmerA97
WimmerA97 collected $0.04 from pot
WimmerA97: doesn't show hand 
*** SUMMARY ***
Total pot $0.04 | Rake $0 
Seat 1: Icrushforlolz (button) folded before Flop (didn't bet)
Seat 2: quelopariooo (small blind) folded before Flop
Seat 3: WimmerA97 (big blind) collected ($0.04)
Seat 4: 3igoryan0 folded before Flop (didn't bet)
Seat 5: Hayoterkinovich folded before Flop (didn't bet)
Seat 6: HubertusB folded before Flop (didn't bet)



PokerStars Zoom Hand #186524069613:  Hold'em No Limit ($0.02/$0.05) - 2018/05/17 20:05:06 CCT [2018/05/17 8:05:06 ET]
Table 'Donati' 6-max Seat #1 is the button
Seat 1: HubertusB ($5.37 in chips) 
Seat 2: Sonicc360 ($5.18 in chips) 
Seat 3: Immunion ($5 in chips) 
Seat 4: quelopariooo ($4.65 in chips) 
Seat 5: Restorm1 ($6.06 in chips) 
Seat 6: yaguar84 ($3.09 in chips) 
Sonicc360: posts small blind $0.02
Immunion: posts big blind $0.05
*** HOLE CARDS ***
Dealt to HubertusB [3c Jd]
quelopariooo: folds 
Restorm1: folds 
yaguar84: folds 
HubertusB: folds 
Sonicc360: raises $0.10 to $0.15
Immunion: folds 
Uncalled bet ($0.10) returned to Sonicc360
Sonicc360 collected $0.10 from pot
Sonicc360: doesn't show hand 
*** SUMMARY ***
Total pot $0.10 | Rake $0 
Seat 1: HubertusB (button) folded before Flop (didn't bet)
Seat 2: Sonicc360 (small blind) collected ($0.10)
Seat 3: Immunion (big blind) folded before Flop
Seat 4: quelopariooo folded before Flop (didn't bet)
Seat 5: Restorm1 folded before Flop (didn't bet)
Seat 6: yaguar84 folded before Flop (didn't bet)



PokerStars Zoom Hand #186524072029:  Hold'em No Limit ($0.02/$0.05) - 2018/05/17 20:05:12 CCT [2018/05/17 8:05:12 ET]
Table 'Donati' 6-max Seat #1 is the button
Seat 1: Valerij V.S. ($4.21 in chips) 
Seat 2: mpgcapsorg ($8.05 in chips) 
Seat 3: egiu28 ($7.15 in chips) 
Seat 4: HubertusB ($5.37 in chips) 
Seat 5: funfun55 ($6.61 in chips) 
Seat 6: amx16 ($6.98 in chips) 
mpgcapsorg: posts small blind $0.02
egiu28: posts big blind $0.05
*** HOLE CARDS ***
Dealt to HubertusB [Th 5s]
HubertusB: folds 
funfun55: raises $0.10 to $0.15
amx16: folds 
Valerij V.S.: calls $0.15
mpgcapsorg: folds 
egiu28: calls $0.10
*** FLOP *** [7d Ts Qd]
egiu28: checks 
funfun55: bets $0.27
Valerij V.S.: folds 
egiu28: folds 
Uncalled bet ($0.27) returned to funfun55
funfun55 collected $0.45 from pot
funfun55: doesn't show hand 
*** SUMMARY ***
Total pot $0.47 | Rake $0.02 
Board [7d Ts Qd]
Seat 1: Valerij V.S. (button) folded on the Flop
Seat 2: mpgcapsorg (small blind) folded before Flop
Seat 3: egiu28 (big blind) folded on the Flop
Seat 4: HubertusB folded before Flop (didn't bet)
Seat 5: funfun55 collected ($0.45)
Seat 6: amx16 folded before Flop (didn't bet)



PokerStars Zoom Hand #186524074371:  Hold'em No Limit ($0.02/$0.05) - 2018/05/17 20:05:18 CCT [2018/05/17 8:05:18 ET]
Table 'Donati' 6-max Seat #1 is the button
Seat 1: stnfilagr ($5 in chips) 
Seat 2: kontost ($5.39 in chips) 
Seat 3: nama.uk ($2.61 in chips) 
Seat 4: gracerusson ($9.42 in chips) 
Seat 5: HubertusB ($5.37 in chips) 
Seat 6: Break0123 ($5 in chips) 
kontost: posts small blind $0.02
nama.uk: posts big blind $0.05
*** HOLE CARDS ***
Dealt to HubertusB [4s 4d]
gracerusson: folds 
HubertusB: raises $0.05 to $0.10
Break0123: folds 
stnfilagr: folds 
kontost: folds 
nama.uk: calls $0.05
*** FLOP *** [5h 3c 8d]
nama.uk: checks 
HubertusB: bets $0.10
nama.uk: calls $0.10
*** TURN *** [5h 3c 8d] [Ac]
nama.uk: checks 
HubertusB: checks 
*** RIVER *** [5h 3c 8d Ac] [Tc]
nama.uk: bets $0.27
HubertusB: folds 
Uncalled bet ($0.27) returned to nama.uk
nama.uk collected $0.40 from pot
nama.uk: doesn't show hand 
*** SUMMARY ***
Total pot $0.42 | Rake $0.02 
Board [5h 3c 8d Ac Tc]
Seat 1: stnfilagr (button) folded before Flop (didn't bet)
Seat 2: kontost (small blind) folded before Flop
Seat 3: nama.uk (big blind) collected ($0.40)
Seat 4: gracerusson folded before Flop (didn't bet)
Seat 5: HubertusB folded on the River
Seat 6: Break0123 folded before Flop (didn't bet)



PokerStars Zoom Hand #186524090093:  Hold'em No Limit ($0.02/$0.05) - 2018/05/17 20:05:58 CCT [2018/05/17 8:05:58 ET]
Table 'Donati' 6-max Seat #1 is the button
Seat 1: gnukenguru ($5.10 in chips) 
Seat 2: PiNe4ppLe ($5.02 in chips) 
Seat 3: HubertusB ($5.15 in chips) 
Seat 4: Adlerro ($5.55 in chips) 
Seat 5: kasatik_20 ($10.16 in chips) 
Seat 6: Òleg ($5 in chips) 
PiNe4ppLe: posts small blind $0.02
HubertusB: posts big blind $0.05
*** HOLE CARDS ***
Dealt to HubertusB [Jd Ah]
Adlerro: folds 
kasatik_20: folds 
Òleg: raises $0.05 to $0.10
gnukenguru: folds 
PiNe4ppLe: folds 
HubertusB: calls $0.05
*** FLOP *** [9c Js 2d]
HubertusB: bets $0.15
Òleg: raises $0.15 to $0.30
HubertusB: calls $0.15
*** TURN *** [9c Js 2d] [4c]
HubertusB: checks 
Òleg: bets $0.55
HubertusB: calls $0.55
*** RIVER *** [9c Js 2d 4c] [8d]
HubertusB: checks 
Òleg: bets $0.55
HubertusB: calls $0.55
*** SHOW DOWN ***
Òleg: shows [9h 9d] (three of a kind, Nines)
HubertusB: mucks hand 
Òleg collected $2.89 from pot
*** SUMMARY ***
Total pot $3.02 | Rake $0.13 
Board [9c Js 2d 4c 8d]
Seat 1: gnukenguru (button) folded before Flop (didn't bet)
Seat 2: PiNe4ppLe (small blind) folded before Flop
Seat 3: HubertusB (big blind) mucked [Jd Ah]
Seat 4: Adlerro folded before Flop (didn't bet)
Seat 5: kasatik_20 folded before Flop (didn't bet)
Seat 6: Òleg showed [9h 9d] and won ($2.89) with three of a kind, Nines



PokerStars Zoom Hand #186524088201:  Hold'em No Limit ($0.02/$0.05) - 2018/05/17 20:05:53 CCT [2018/05/17 8:05:53 ET]
Table 'Donati' 6-max Seat #1 is the button
Seat 1: JaguarBLR ($5.09 in chips) 
Seat 2: HubertusB ($5.17 in chips) 
Seat 3: F1911P ($9.77 in chips) 
Seat 4: vova270793 ($5.29 in chips) 
Seat 5: GoldenMay009 ($7.84 in chips) 
Seat 6: Adlerro ($10.12 in chips) 
HubertusB: posts small blind $0.02
F1911P: posts big blind $0.05
*** HOLE CARDS ***
Dealt to HubertusB [4c As]
vova270793: folds 
GoldenMay009: raises $0.10 to $0.15
Adlerro: folds 
JaguarBLR: folds 
HubertusB: folds 
F1911P: calls $0.10
*** FLOP *** [7c Js 8c]
F1911P: bets $0.15
GoldenMay009: raises $0.15 to $0.30
F1911P: calls $0.15
*** TURN *** [7c Js 8c] [2s]
F1911P: checks 
GoldenMay009: bets $0.55
F1911P: raises $0.75 to $1.30
GoldenMay009: raises $2.20 to $3.50
F1911P: raises $5.82 to $9.32 and is all-in
GoldenMay009: calls $3.89 and is all-in
Uncalled bet ($1.93) returned to F1911P
*** RIVER *** [7c Js 8c 2s] [Ac]
*** SHOW DOWN ***
F1911P: shows [9h Td] (a straight, Seven to Jack)
GoldenMay009: shows [Tc Jc] (a flush, Ace high)
GoldenMay009 collected $15.05 from pot
*** SUMMARY ***
Total pot $15.70 | Rake $0.65 
Board [7c Js 8c 2s Ac]
Seat 1: JaguarBLR (button) folded before Flop (didn't bet)
Seat 2: HubertusB (small blind) folded before Flop
Seat 3: F1911P (big blind) showed [9h Td] and lost with a straight, Seven to Jack
Seat 4: vova270793 folded before Flop (didn't bet)
Seat 5: GoldenMay009 showed [Tc Jc] and won ($15.05) with a flush, Ace high
Seat 6: Adlerro folded before Flop (didn't bet)



PokerStars Zoom Hand #186524116508:  Hold'em No Limit ($0.02/$0.05) - 2018/05/17 20:07:05 CCT [2018/05/17 8:07:05 ET]
Table 'Donati' 6-max Seat #1 is the button
Seat 1: HubertusB ($3.65 in chips) 
Seat 2: Harry0509 ($9.87 in chips) 
Seat 3: amx16 ($6.82 in chips) 
Seat 4: epyj1231 ($6.24 in chips) 
Seat 5: drk55 ($5 in chips) 
Seat 6: Òleg ($6.39 in chips) 
Harry0509: posts small blind $0.02
amx16: posts big blind $0.05
*** HOLE CARDS ***
Dealt to HubertusB [Tc 3s]
epyj1231: folds 
drk55: folds 
Òleg: raises $0.05 to $0.10
HubertusB: folds 
Harry0509: folds 
amx16: folds 
Uncalled bet ($0.05) returned to Òleg
Òleg collected $0.12 from pot
Òleg: doesn't show hand 
*** SUMMARY ***
Total pot $0.12 | Rake $0 
Seat 1: HubertusB (button) folded before Flop (didn't bet)
Seat 2: Harry0509 (small blind) folded before Flop
Seat 3: amx16 (big blind) folded before Flop
Seat 4: epyj1231 folded before Flop (didn't bet)
Seat 5: drk55 folded before Flop (didn't bet)
Seat 6: Òleg collected ($0.12)



PokerStars Zoom Hand #186524118842:  Hold'em No Limit ($0.02/$0.05) - 2018/05/17 20:07:11 CCT [2018/05/17 8:07:11 ET]
Table 'Donati' 6-max Seat #1 is the button
Seat 1: L.Lucete ($6.10 in chips) 
Seat 2: HubertusB ($3.65 in chips) 
Seat 3: Mitusha666 ($5.71 in chips) 
Seat 4: Aleks Ryder ($17.12 in chips) 
Seat 5: Gamer577 ($5.07 in chips) 
Seat 6: csssap ($5.20 in chips) 
HubertusB: posts small blind $0.02
Mitusha666: posts big blind $0.05
*** HOLE CARDS ***
Dealt to HubertusB [6c 5s]
Aleks Ryder: folds 
Gamer577: raises $0.10 to $0.15
csssap: folds 
L.Lucete: raises $0.45 to $0.60
HubertusB: folds 
Mitusha666: folds 
Gamer577: folds 
Uncalled bet ($0.45) returned to L.Lucete
L.Lucete collected $0.37 from pot
L.Lucete: doesn't show hand 
*** SUMMARY ***
Total pot $0.37 | Rake $0 
Seat 1: L.Lucete (button) collected ($0.37)
Seat 2: HubertusB (small blind) folded before Flop
Seat 3: Mitusha666 (big blind) folded before Flop
Seat 4: Aleks Ryder folded before Flop (didn't bet)
Seat 5: Gamer577 folded before Flop
Seat 6: csssap folded before Flop (didn't bet)



PokerStars Zoom Hand #186524122022:  Hold'em No Limit ($0.02/$0.05) - 2018/05/17 20:07:19 CCT [2018/05/17 8:07:19 ET]
Table 'Donati' 6-max Seat #1 is the button
Seat 1: amx16 ($6.77 in chips) 
Seat 2: Break0123 ($5.90 in chips) 
Seat 3: class29 ($16.06 in chips) 
Seat 4: Moskvich951 ($5.92 in chips) 
Seat 5: HubertusB ($3.63 in chips) 
Seat 6: osfp7john ($5.41 in chips) 
Break0123: posts small blind $0.02
class29: posts big blind $0.05
*** HOLE CARDS ***
Dealt to HubertusB [9h As]
Moskvich951: folds 
HubertusB: folds 
osfp7john: raises $0.10 to $0.15
amx16: folds 
Break0123: folds 
class29: folds 
Uncalled bet ($0.10) returned to osfp7john
osfp7john collected $0.12 from pot
osfp7john: doesn't show hand 
*** SUMMARY ***
Total pot $0.12 | Rake $0 
Seat 1: amx16 (button) folded before Flop (didn't bet)
Seat 2: Break0123 (small blind) folded before Flop
Seat 3: class29 (big blind) folded before Flop
Seat 4: Moskvich951 folded before Flop (didn't bet)
Seat 5: HubertusB folded before Flop (didn't bet)
Seat 6: osfp7john collected ($0.12)



PokerStars Zoom Hand #186524124010:  Hold'em No Limit ($0.02/$0.05) - 2018/05/17 20:07:24 CCT [2018/05/17 8:07:24 ET]
Table 'Donati' 6-max Seat #1 is the button
Seat 1: stef2112 ($10.50 in chips) 
Seat 2: Aleks Ryder ($4.85 in chips) 
Seat 3: gnukenguru ($5.12 in chips) 
Seat 4: Break0123 ($5.88 in chips) 
Seat 5: WaterStriker ($5.16 in chips) 
Seat 6: HubertusB ($3.63 in chips) 
Aleks Ryder: posts small blind $0.02
gnukenguru: posts big blind $0.05
*** HOLE CARDS ***
Dealt to HubertusB [Ad Tc]
Break0123: raises $0.08 to $0.13
WaterStriker: folds 
HubertusB: folds 
stef2112: folds 
Aleks Ryder: folds 
gnukenguru: folds 
Uncalled bet ($0.08) returned to Break0123
Break0123 collected $0.12 from pot
Break0123: doesn't show hand 
*** SUMMARY ***
Total pot $0.12 | Rake $0 
Seat 1: stef2112 (button) folded before Flop (didn't bet)
Seat 2: Aleks Ryder (small blind) folded before Flop
Seat 3: gnukenguru (big blind) folded before Flop
Seat 4: Break0123 collected ($0.12)
Seat 5: WaterStriker folded before Flop (didn't bet)
Seat 6: HubertusB folded before Flop (didn't bet)



PokerStars Zoom Hand #186524127566:  Hold'em No Limit ($0.02/$0.05) - 2018/05/17 20:07:33 CCT [2018/05/17 8:07:33 ET]
Table 'Donati' 6-max Seat #1 is the button
Seat 1: born8sleepy ($5 in chips) 
Seat 2: zwetok ($25.27 in chips) 
Seat 3: okjep ($5.27 in chips) 
Seat 4: kingmj_rss ($5.66 in chips) 
Seat 5: HubertusB ($3.63 in chips) 
Seat 6: Adlerro ($10.05 in chips) 
zwetok: posts small blind $0.02
okjep: posts big blind $0.05
*** HOLE CARDS ***
Dealt to HubertusB [4c Qh]
kingmj_rss: folds 
HubertusB: folds 
Adlerro: folds 
born8sleepy is disconnected 
born8sleepy has timed out while disconnected
born8sleepy: folds 
zwetok: folds 
Uncalled bet ($0.03) returned to okjep
okjep collected $0.04 from pot
okjep: doesn't show hand 
*** SUMMARY ***
Total pot $0.04 | Rake $0 
Seat 1: born8sleepy (button) folded before Flop (didn't bet)
Seat 2: zwetok (small blind) folded before Flop
Seat 3: okjep (big blind) collected ($0.04)
Seat 4: kingmj_rss folded before Flop (didn't bet)
Seat 5: HubertusB folded before Flop (didn't bet)
Seat 6: Adlerro folded before Flop (didn't bet)



PokerStars Zoom Hand #186524129521:  Hold'em No Limit ($0.02/$0.05) - 2018/05/17 20:07:38 CCT [2018/05/17 8:07:38 ET]
Table 'Donati' 6-max Seat #1 is the button
Seat 1: UltraRunnerr ($5 in chips) 
Seat 2: bougin123 ($5 in chips) 
Seat 3: HubertusB ($3.63 in chips) 
Seat 4: Antonii228 ($4.76 in chips) 
Seat 5: assorigobet ($4.24 in chips) 
Seat 6: lftein ($5 in chips) 
bougin123: posts small blind $0.02
HubertusB: posts big blind $0.05
*** HOLE CARDS ***
Dealt to HubertusB [6s 6c]
Antonii228: folds 
assorigobet: raises $0.10 to $0.15
lftein: folds 
UltraRunnerr: folds 
bougin123: folds 
HubertusB: calls $0.10
*** FLOP *** [3h 3d Tc]
HubertusB: bets $0.15
assorigobet: calls $0.15
*** TURN *** [3h 3d Tc] [9h]
HubertusB: bets $0.25
assorigobet: folds 
Uncalled bet ($0.25) returned to HubertusB
HubertusB collected $0.59 from pot
HubertusB: doesn't show hand 
*** SUMMARY ***
Total pot $0.62 | Rake $0.03 
Board [3h 3d Tc 9h]
Seat 1: UltraRunnerr (button) folded before Flop (didn't bet)
Seat 2: bougin123 (small blind) folded before Flop
Seat 3: HubertusB (big blind) collected ($0.59)
Seat 4: Antonii228 folded before Flop (didn't bet)
Seat 5: assorigobet folded on the Turn
Seat 6: lftein folded before Flop (didn't bet)



PokerStars Zoom Hand #186524151467:  Hold'em No Limit ($0.02/$0.05) - 2018/05/17 20:08:33 CCT [2018/05/17 8:08:33 ET]
Table 'Donati' 6-max Seat #1 is the button
Seat 1: amx16 ($5.29 in chips) 
Seat 2: Immunion ($5 in chips) 
Seat 3: KhanKzz ($6.18 in chips) 
Seat 4: Iced_Ink_2 ($6.91 in chips) 
Seat 5: Hayoterkinovich ($7.83 in chips) 
Seat 6: HubertusB ($3.92 in chips) 
Immunion: posts small blind $0.02
KhanKzz: posts big blind $0.05
*** HOLE CARDS ***
Dealt to HubertusB [Kh Jd]
Iced_Ink_2: raises $0.05 to $0.10
Hayoterkinovich: folds 
HubertusB: raises $0.25 to $0.35
amx16: folds 
Immunion: folds 
KhanKzz: folds 
Iced_Ink_2: calls $0.25
*** FLOP *** [Jh 7d 5s]
Iced_Ink_2: checks 
HubertusB: bets $0.40
Iced_Ink_2: calls $0.40
*** TURN *** [Jh 7d 5s] [6c]
Iced_Ink_2: checks 
HubertusB: checks 
*** RIVER *** [Jh 7d 5s 6c] [Th]
Iced_Ink_2: bets $6.16 and is all-in
HubertusB: folds 
Uncalled bet ($6.16) returned to Iced_Ink_2
Iced_Ink_2 collected $1.50 from pot
Iced_Ink_2: doesn't show hand 
*** SUMMARY ***
Total pot $1.57 | Rake $0.07 
Board [Jh 7d 5s 6c Th]
Seat 1: amx16 (button) folded before Flop (didn't bet)
Seat 2: Immunion (small blind) folded before Flop
Seat 3: KhanKzz (big blind) folded before Flop
Seat 4: Iced_Ink_2 collected ($1.50)
Seat 5: Hayoterkinovich folded before Flop (didn't bet)
Seat 6: HubertusB folded on the River



PokerStars Zoom Hand #186524182779:  Hold'em No Limit ($0.02/$0.05) - 2018/05/17 20:09:53 CCT [2018/05/17 8:09:53 ET]
Table 'Donati' 6-max Seat #1 is the button
Seat 1: HubertusB ($3.17 in chips) 
Seat 2: Rublevo-777- ($4.88 in chips) 
Seat 3: Webster1664 ($4.71 in chips) 
Seat 4: assorigobet ($4.99 in chips) 
Seat 5: artem1103072 ($6.21 in chips) 
Seat 6: St_Curly21 ($4.36 in chips) 
Rublevo-777-: posts small blind $0.02
Webster1664: posts big blind $0.05
*** HOLE CARDS ***
Dealt to HubertusB [3c Jc]
assorigobet: calls $0.05
artem1103072: folds 
St_Curly21: folds 
HubertusB: folds 
Rublevo-777-: folds 
Webster1664: checks 
*** FLOP *** [2c Qh 9h]
Webster1664: checks 
assorigobet: checks 
*** TURN *** [2c Qh 9h] [7d]
Webster1664: checks 
assorigobet: bets $0.10
Webster1664: folds 
Uncalled bet ($0.10) returned to assorigobet
assorigobet collected $0.12 from pot
assorigobet: doesn't show hand 
*** SUMMARY ***
Total pot $0.12 | Rake $0 
Board [2c Qh 9h 7d]
Seat 1: HubertusB (button) folded before Flop (didn't bet)
Seat 2: Rublevo-777- (small blind) folded before Flop
Seat 3: Webster1664 (big blind) folded on the Turn
Seat 4: assorigobet collected ($0.12)
Seat 5: artem1103072 folded before Flop (didn't bet)
Seat 6: St_Curly21 folded before Flop (didn't bet)



PokerStars Zoom Hand #186524192247:  Hold'em No Limit ($0.02/$0.05) - 2018/05/17 20:10:17 CCT [2018/05/17 8:10:17 ET]
Table 'Donati' 6-max Seat #1 is the button
Seat 1: HubertusB ($3.15 in chips) 
Seat 2: MoreRakePls1 ($10.50 in chips) 
Seat 3: WimmerA97 ($5 in chips) 
Seat 4: kalmyk ($6.85 in chips) 
Seat 5: Bit13i ($5.57 in chips) 
Seat 6: Tustik ($7.73 in chips) 
MoreRakePls1: posts small blind $0.02
WimmerA97: posts big blind $0.05
*** HOLE CARDS ***
Dealt to HubertusB [8d 5s]
kalmyk: raises $0.10 to $0.15
Bit13i: folds 
Tustik: folds 
HubertusB: folds 
MoreRakePls1: folds 
WimmerA97: folds 
Uncalled bet ($0.10) returned to kalmyk
kalmyk collected $0.12 from pot
kalmyk: doesn't show hand 
*** SUMMARY ***
Total pot $0.12 | Rake $0 
Seat 1: HubertusB (button) folded before Flop (didn't bet)
Seat 2: MoreRakePls1 (small blind) folded before Flop
Seat 3: WimmerA97 (big blind) folded before Flop
Seat 4: kalmyk collected ($0.12)
Seat 5: Bit13i folded before Flop (didn't bet)
Seat 6: Tustik folded before Flop (didn't bet)



PokerStars Zoom Hand #186524189819:  Hold'em No Limit ($0.02/$0.05) - 2018/05/17 20:10:11 CCT [2018/05/17 8:10:11 ET]
Table 'Donati' 6-max Seat #1 is the button
Seat 1: Syuan123 ($12.58 in chips) 
Seat 2: HubertusB ($3.17 in chips) 
Seat 3: Kebabovicius ($6.93 in chips) 
Seat 4: Icrushforlolz ($5.36 in chips) 
Seat 5: kalmyk ($6.85 in chips) 
Seat 6: Cheerful74 ($3.17 in chips) 
HubertusB: posts small blind $0.02
Kebabovicius: posts big blind $0.05
*** HOLE CARDS ***
Dealt to HubertusB [7s 6c]
Icrushforlolz: folds 
kalmyk: folds 
Cheerful74: folds 
Syuan123: folds 
HubertusB: folds 
Uncalled bet ($0.03) returned to Kebabovicius
Kebabovicius collected $0.04 from pot
Kebabovicius: doesn't show hand 
*** SUMMARY ***
Total pot $0.04 | Rake $0 
Seat 1: Syuan123 (button) folded before Flop (didn't bet)
Seat 2: HubertusB (small blind) folded before Flop
Seat 3: Kebabovicius (big blind) collected ($0.04)
Seat 4: Icrushforlolz folded before Flop (didn't bet)
Seat 5: kalmyk folded before Flop (didn't bet)
Seat 6: Cheerful74 folded before Flop (didn't bet)



PokerStars Zoom Hand #186524194210:  Hold'em No Limit ($0.02/$0.05) - 2018/05/17 20:10:22 CCT [2018/05/17 8:10:22 ET]
Table 'Donati' 6-max Seat #1 is the button
Seat 1: Go0bus ($5.21 in chips) 
Seat 2: Hayoterkinovich ($10.75 in chips) 
Seat 3: BELORUS666 ($4.77 in chips) 
Seat 4: BIBIGON123 ($6.25 in chips) 
Seat 5: csssap ($5 in chips) 
Seat 6: HubertusB ($3.15 in chips) 
Hayoterkinovich: posts small blind $0.02
BELORUS666: posts big blind $0.05
*** HOLE CARDS ***
Dealt to HubertusB [7d 4s]
BIBIGON123: raises $0.10 to $0.15
csssap: folds 
HubertusB: folds 
Go0bus: folds 
Hayoterkinovich: folds 
BELORUS666: folds 
Uncalled bet ($0.10) returned to BIBIGON123
BIBIGON123 collected $0.12 from pot
BIBIGON123: doesn't show hand 
*** SUMMARY ***
Total pot $0.12 | Rake $0 
Seat 1: Go0bus (button) folded before Flop (didn't bet)
Seat 2: Hayoterkinovich (small blind) folded before Flop
Seat 3: BELORUS666 (big blind) folded before Flop
Seat 4: BIBIGON123 collected ($0.12)
Seat 5: csssap folded before Flop (didn't bet)
Seat 6: HubertusB folded before Flop (didn't bet)



PokerStars Zoom Hand #186524187125:  Hold'em No Limit ($0.02/$0.05) - 2018/05/17 20:10:04 CCT [2018/05/17 8:10:04 ET]
Table 'Donati' 6-max Seat #1 is the button
Seat 1: alvikas ($5 in chips) 
Seat 2: Sonicc360 ($5.51 in chips) 
Seat 3: MoreRakePls1 ($5.97 in chips) 
Seat 4: HubertusB ($3.17 in chips) 
Seat 5: funfun55 ($6.76 in chips) 
Seat 6: F1911P ($9.87 in chips) 
Sonicc360: posts small blind $0.02
MoreRakePls1: posts big blind $0.05
*** HOLE CARDS ***
Dealt to HubertusB [2d 4h]
HubertusB: folds 
funfun55: folds 
F1911P: raises $0.07 to $0.12
alvikas: folds 
Sonicc360: calls $0.10
MoreRakePls1: folds 
*** FLOP *** [Kh 9d 9h]
Sonicc360: checks 
F1911P: checks 
*** TURN *** [Kh 9d 9h] [Ad]
Sonicc360: bets $0.20
F1911P: calls $0.20
*** RIVER *** [Kh 9d 9h Ad] [7d]
Sonicc360: checks 
F1911P: bets $0.25
Sonicc360: folds 
Uncalled bet ($0.25) returned to F1911P
F1911P collected $0.66 from pot
F1911P: doesn't show hand 
*** SUMMARY ***
Total pot $0.69 | Rake $0.03 
Board [Kh 9d 9h Ad 7d]
Seat 1: alvikas (button) folded before Flop (didn't bet)
Seat 2: Sonicc360 (small blind) folded on the River
Seat 3: MoreRakePls1 (big blind) folded before Flop
Seat 4: HubertusB folded before Flop (didn't bet)
Seat 5: funfun55 folded before Flop (didn't bet)
Seat 6: F1911P collected ($0.66)



PokerStars Zoom Hand #186524196186:  Hold'em No Limit ($0.02/$0.05) - 2018/05/17 20:10:27 CCT [2018/05/17 8:10:27 ET]
Table 'Donati' 6-max Seat #1 is the button
Seat 1: Harry0509 ($9.28 in chips) 
Seat 2: andriasssse ($5.60 in chips) 
Seat 3: alexn070775 ($13.21 in chips) 
Seat 4: HubertusB ($3.15 in chips) 
Seat 5: zar1n1ch ($5.76 in chips) 
Seat 6: Gamer577 ($6.19 in chips) 
andriasssse: posts small blind $0.02
alexn070775: posts big blind $0.05
*** HOLE CARDS ***
Dealt to HubertusB [Td 9d]
HubertusB: raises $0.05 to $0.10
zar1n1ch: calls $0.10
Gamer577: folds 
Harry0509: folds 
andriasssse: folds 
alexn070775: calls $0.05
*** FLOP *** [Qh 5h Qc]
alexn070775: checks 
HubertusB: checks 
zar1n1ch: checks 
*** TURN *** [Qh 5h Qc] [6d]
alexn070775: checks 
HubertusB: bets $0.15
zar1n1ch: folds 
alexn070775: folds 
Uncalled bet ($0.15) returned to HubertusB
HubertusB collected $0.31 from pot
HubertusB: doesn't show hand 
*** SUMMARY ***
Total pot $0.32 | Rake $0.01 
Board [Qh 5h Qc 6d]
Seat 1: Harry0509 (button) folded before Flop (didn't bet)
Seat 2: andriasssse (small blind) folded before Flop
Seat 3: alexn070775 (big blind) folded on the Turn
Seat 4: HubertusB collected ($0.31)
Seat 5: zar1n1ch folded on the Turn
Seat 6: Gamer577 folded before Flop (didn't bet)



PokerStars Zoom Hand #186524216519:  Hold'em No Limit ($0.02/$0.05) - 2018/05/17 20:11:18 CCT [2018/05/17 8:11:18 ET]
Table 'Donati' 6-max Seat #1 is the button
Seat 1: Òleg ($6.71 in chips) 
Seat 2: s0chi161090 ($4.94 in chips) 
Seat 3: HubertusB ($3.36 in chips) 
Seat 4: csssap ($5 in chips) 
Seat 5: Max1k1nG1212 ($9.39 in chips) 
Seat 6: Mike in Blue ($11.74 in chips) 
s0chi161090: posts small blind $0.02
HubertusB: posts big blind $0.05
*** HOLE CARDS ***
Dealt to HubertusB [2d 2s]
csssap: folds 
Max1k1nG1212: raises $0.07 to $0.12
Mike in Blue: folds 
Òleg: raises $0.38 to $0.50
s0chi161090: folds 
HubertusB: folds 
Max1k1nG1212: folds 
Uncalled bet ($0.38) returned to Òleg
Òleg collected $0.31 from pot
Òleg: doesn't show hand 
*** SUMMARY ***
Total pot $0.31 | Rake $0 
Seat 1: Òleg (button) collected ($0.31)
Seat 2: s0chi161090 (small blind) folded before Flop
Seat 3: HubertusB (big blind) folded before Flop
Seat 4: csssap folded before Flop (didn't bet)
Seat 5: Max1k1nG1212 folded before Flop
Seat 6: Mike in Blue folded before Flop (didn't bet)



PokerStars Zoom Hand #186524225438:  Hold'em No Limit ($0.02/$0.05) - 2018/05/17 20:11:40 CCT [2018/05/17 8:11:40 ET]
Table 'Donati' 6-max Seat #1 is the button
Seat 1: smudge120681 ($6.26 in chips) 
Seat 2: tty1214 ($14.48 in chips) 
Seat 3: BIBIGON123 ($5.35 in chips) 
Seat 4: vinyy121288 ($6.35 in chips) 
Seat 5: HubertusB ($3.31 in chips) 
Seat 6: Shamaxxx ($5 in chips) 
tty1214: posts small blind $0.02
BIBIGON123: posts big blind $0.05
*** HOLE CARDS ***
Dealt to HubertusB [2d Ts]
vinyy121288: folds 
HubertusB: folds 
Shamaxxx: folds 
smudge120681: folds 
tty1214: folds 
Uncalled bet ($0.03) returned to BIBIGON123
BIBIGON123 collected $0.04 from pot
BIBIGON123: doesn't show hand 
*** SUMMARY ***
Total pot $0.04 | Rake $0 
Seat 1: smudge120681 (button) folded before Flop (didn't bet)
Seat 2: tty1214 (small blind) folded before Flop
Seat 3: BIBIGON123 (big blind) collected ($0.04)
Seat 4: vinyy121288 folded before Flop (didn't bet)
Seat 5: HubertusB folded before Flop (didn't bet)
Seat 6: Shamaxxx folded before Flop (didn't bet)



PokerStars Zoom Hand #186524229796:  Hold'em No Limit ($0.02/$0.05) - 2018/05/17 20:11:51 CCT [2018/05/17 8:11:51 ET]
Table 'Donati' 6-max Seat #1 is the button
Seat 1: hovlaa ($5.13 in chips) 
Seat 2: Mr.Nuttts ($16.83 in chips) 
Seat 3: MoreRakePls1 ($10.36 in chips) 
Seat 4: okli87 ($6.36 in chips) 
Seat 5: HubertusB ($3.29 in chips) 
Seat 6: stnfilagr ($9.62 in chips) 
Mr.Nuttts: posts small blind $0.02
MoreRakePls1: posts big blind $0.05
*** HOLE CARDS ***
Dealt to HubertusB [Jc Ad]
okli87: folds 
HubertusB: raises $0.05 to $0.10
stnfilagr: folds 
hovlaa: folds 
Mr.Nuttts: folds 
MoreRakePls1: folds 
Uncalled bet ($0.05) returned to HubertusB
HubertusB collected $0.12 from pot
HubertusB: doesn't show hand 
*** SUMMARY ***
Total pot $0.12 | Rake $0 
Seat 1: hovlaa (button) folded before Flop (didn't bet)
Seat 2: Mr.Nuttts (small blind) folded before Flop
Seat 3: MoreRakePls1 (big blind) folded before Flop
Seat 4: okli87 folded before Flop (didn't bet)
Seat 5: HubertusB collected ($0.12)
Seat 6: stnfilagr folded before Flop (didn't bet)



PokerStars Zoom Hand #186524227406:  Hold'em No Limit ($0.02/$0.05) - 2018/05/17 20:11:45 CCT [2018/05/17 8:11:45 ET]
Table 'Donati' 6-max Seat #1 is the button
Seat 1: AASiz ($5.71 in chips) 
Seat 2: HubertusB ($3.31 in chips) 
Seat 3: JaguarBLR ($5.13 in chips) 
Seat 4: vinyy121288 ($6.35 in chips) 
Seat 5: geass0621 ($4.62 in chips) 
Seat 6: Sho1122 ($5.14 in chips) 
HubertusB: posts small blind $0.02
JaguarBLR: posts big blind $0.05
*** HOLE CARDS ***
Dealt to HubertusB [Qs Td]
vinyy121288: folds 
geass0621: folds 
Sho1122: raises $0.10 to $0.15
AASiz: folds 
HubertusB: folds 
JaguarBLR: calls $0.10
*** FLOP *** [5d Kd 8s]
JaguarBLR: checks 
Sho1122: checks 
*** TURN *** [5d Kd 8s] [4c]
JaguarBLR: checks 
Sho1122: checks 
*** RIVER *** [5d Kd 8s 4c] [5c]
JaguarBLR: checks 
Sho1122: checks 
*** SHOW DOWN ***
JaguarBLR: shows [Qc Th] (a pair of Fives)
Sho1122: shows [7s 7h] (two pair, Sevens and Fives)
Sho1122 collected $0.31 from pot
*** SUMMARY ***
Total pot $0.32 | Rake $0.01 
Board [5d Kd 8s 4c 5c]
Seat 1: AASiz (button) folded before Flop (didn't bet)
Seat 2: HubertusB (small blind) folded before Flop
Seat 3: JaguarBLR (big blind) showed [Qc Th] and lost with a pair of Fives
Seat 4: vinyy121288 folded before Flop (didn't bet)
Seat 5: geass0621 folded before Flop (didn't bet)
Seat 6: Sho1122 showed [7s 7h] and won ($0.31) with two pair, Sevens and Fives



PokerStars Zoom Hand #186524237682:  Hold'em No Limit ($0.02/$0.05) - 2018/05/17 20:12:11 CCT [2018/05/17 8:12:11 ET]
Table 'Donati' 6-max Seat #1 is the button
Seat 1: HubertusB ($3.36 in chips) 
Seat 2: botano ($1.74 in chips) 
Seat 3: BeatLimits ($5 in chips) 
Seat 4: BrunoWolf80 ($7 in chips) 
Seat 5: andriasssse ($5 in chips) 
Seat 6: Vegetarian93 ($6.49 in chips) 
botano: posts small blind $0.02
BeatLimits: posts big blind $0.05
*** HOLE CARDS ***
Dealt to HubertusB [Qc 3s]
BrunoWolf80: folds 
andriasssse: raises $0.10 to $0.15
Vegetarian93: folds 
HubertusB: folds 
botano: folds 
BeatLimits: folds 
Uncalled bet ($0.10) returned to andriasssse
andriasssse collected $0.12 from pot
andriasssse: doesn't show hand 
*** SUMMARY ***
Total pot $0.12 | Rake $0 
Seat 1: HubertusB (button) folded before Flop (didn't bet)
Seat 2: botano (small blind) folded before Flop
Seat 3: BeatLimits (big blind) folded before Flop
Seat 4: BrunoWolf80 folded before Flop (didn't bet)
Seat 5: andriasssse collected ($0.12)
Seat 6: Vegetarian93 folded before Flop (didn't bet)



PokerStars Zoom Hand #186524248982:  Hold'em No Limit ($0.02/$0.05) - 2018/05/17 20:12:39 CCT [2018/05/17 8:12:39 ET]
Table 'Donati' 6-max Seat #1 is the button
Seat 1: Restorm1 ($6.25 in chips) 
Seat 2: yaguar84 ($4.77 in chips) 
Seat 3: MoreRakePls1 ($10.29 in chips) 
Seat 4: HubertusB ($3.31 in chips) 
Seat 5: Sanek_vds ($4.02 in chips) 
Seat 6: Okrammus ($5.84 in chips) 
yaguar84: posts small blind $0.02
MoreRakePls1: posts big blind $0.05
*** HOLE CARDS ***
Dealt to HubertusB [5c Ts]
HubertusB: folds 
Sanek_vds: folds 
Okrammus: folds 
Restorm1: raises $0.07 to $0.12
yaguar84: folds 
MoreRakePls1: folds 
Uncalled bet ($0.07) returned to Restorm1
Restorm1 collected $0.12 from pot
Restorm1: doesn't show hand 
*** SUMMARY ***
Total pot $0.12 | Rake $0 
Seat 1: Restorm1 (button) collected ($0.12)
Seat 2: yaguar84 (small blind) folded before Flop
Seat 3: MoreRakePls1 (big blind) folded before Flop
Seat 4: HubertusB folded before Flop (didn't bet)
Seat 5: Sanek_vds folded before Flop (didn't bet)
Seat 6: Okrammus folded before Flop (didn't bet)



PokerStars Zoom Hand #186524251440:  Hold'em No Limit ($0.02/$0.05) - 2018/05/17 20:12:45 CCT [2018/05/17 8:12:45 ET]
Table 'Donati' 6-max Seat #1 is the button
Seat 1: yurkevich487 ($18.80 in chips) 
Seat 2: justina1990 ($12.95 in chips) 
Seat 3: cmauji11 ($5 in chips) 
Seat 4: Max1k1nG1212 ($8.93 in chips) 
Seat 5: PugoGrasse ($5.27 in chips) 
Seat 6: HubertusB ($3.31 in chips) 
justina1990: posts small blind $0.02
cmauji11: posts big blind $0.05
*** HOLE CARDS ***
Dealt to HubertusB [8h 2s]
Max1k1nG1212: raises $0.07 to $0.12
PugoGrasse: folds 
HubertusB: folds 
yurkevich487: folds 
justina1990: folds 
cmauji11: folds 
Uncalled bet ($0.07) returned to Max1k1nG1212
Max1k1nG1212 collected $0.12 from pot
Max1k1nG1212: doesn't show hand 
*** SUMMARY ***
Total pot $0.12 | Rake $0 
Seat 1: yurkevich487 (button) folded before Flop (didn't bet)
Seat 2: justina1990 (small blind) folded before Flop
Seat 3: cmauji11 (big blind) folded before Flop
Seat 4: Max1k1nG1212 collected ($0.12)
Seat 5: PugoGrasse folded before Flop (didn't bet)
Seat 6: HubertusB folded before Flop (didn't bet)



PokerStars Zoom Hand #186524243367:  Hold'em No Limit ($0.02/$0.05) - 2018/05/17 20:12:25 CCT [2018/05/17 8:12:25 ET]
Table 'Donati' 6-max Seat #1 is the button
Seat 1: apisit205 ($5.49 in chips) 
Seat 2: yurkevich487 ($13.78 in chips) 
Seat 3: HubertusB ($3.36 in chips) 
Seat 4: BFCer815 ($7.52 in chips) 
Seat 5: dzhon32 ($2.80 in chips) 
Seat 6: TheFibonachi ($8.56 in chips) 
yurkevich487: posts small blind $0.02
HubertusB: posts big blind $0.05
*** HOLE CARDS ***
Dealt to HubertusB [Qh 8h]
BFCer815: calls $0.05
dzhon32: folds 
TheFibonachi: folds 
apisit205: raises $0.15 to $0.20
yurkevich487: folds 
HubertusB: folds 
BFCer815: calls $0.15
*** FLOP *** [2d 9h 9c]
BFCer815: checks 
apisit205: checks 
*** TURN *** [2d 9h 9c] [7s]
BFCer815: bets $0.25
apisit205: calls $0.25
*** RIVER *** [2d 9h 9c 7s] [Jd]
BFCer815: bets $0.45
apisit205: folds 
Uncalled bet ($0.45) returned to BFCer815
BFCer815 collected $0.93 from pot
BFCer815: doesn't show hand 
*** SUMMARY ***
Total pot $0.97 | Rake $0.04 
Board [2d 9h 9c 7s Jd]
Seat 1: apisit205 (button) folded on the River
Seat 2: yurkevich487 (small blind) folded before Flop
Seat 3: HubertusB (big blind) folded before Flop
Seat 4: BFCer815 collected ($0.93)
Seat 5: dzhon32 folded before Flop (didn't bet)
Seat 6: TheFibonachi folded before Flop (didn't bet)



PokerStars Zoom Hand #186524253862:  Hold'em No Limit ($0.02/$0.05) - 2018/05/17 20:12:51 CCT [2018/05/17 8:12:51 ET]
Table 'Donati' 6-max Seat #1 is the button
Seat 1: Bupyc777 ($1.93 in chips) 
Seat 2: HubertusB ($3.31 in chips) 
Seat 3: dekabrist185 ($41.03 in chips) 
Seat 4: egiu28 ($7.09 in chips) 
Seat 5: GoldenMay009 ($13.79 in chips) 
Seat 6: BIBIGON123 ($5.07 in chips) 
HubertusB: posts small blind $0.02
dekabrist185: posts big blind $0.05
*** HOLE CARDS ***
Dealt to HubertusB [Ah Jh]
egiu28: raises $0.05 to $0.10
GoldenMay009: folds 
BIBIGON123: folds 
Bupyc777: raises $0.05 to $0.15
HubertusB: raises $0.40 to $0.55
dekabrist185: folds 
egiu28: folds 
Bupyc777: calls $0.40
*** FLOP *** [Qc 9s 9d]
HubertusB: bets $0.60
Bupyc777: folds 
Uncalled bet ($0.60) returned to HubertusB
HubertusB collected $1.20 from pot
HubertusB: doesn't show hand 
*** SUMMARY ***
Total pot $1.25 | Rake $0.05 
Board [Qc 9s 9d]
Seat 1: Bupyc777 (button) folded on the Flop
Seat 2: HubertusB (small blind) collected ($1.20)
Seat 3: dekabrist185 (big blind) folded before Flop
Seat 4: egiu28 folded before Flop
Seat 5: GoldenMay009 folded before Flop (didn't bet)
Seat 6: BIBIGON123 folded before Flop (didn't bet)



PokerStars Zoom Hand #186524271785:  Hold'em No Limit ($0.02/$0.05) - 2018/05/17 20:13:36 CCT [2018/05/17 8:13:36 ET]
Table 'Donati' 6-max Seat #1 is the button
Seat 1: funfun55 ($5.08 in chips) 
Seat 2: WSOP2025WSOP ($4.88 in chips) 
Seat 3: l1skitous ($11.27 in chips) 
Seat 4: HubertusB ($3.96 in chips) 
Seat 5: moon0828 ($5 in chips) 
Seat 6: MonsterBitt ($7.16 in chips) 
WSOP2025WSOP: posts small blind $0.02
l1skitous: posts big blind $0.05
*** HOLE CARDS ***
Dealt to HubertusB [Jd 6c]
HubertusB: folds 
moon0828: folds 
MonsterBitt: folds 
funfun55: folds 
WSOP2025WSOP: folds 
Uncalled bet ($0.03) returned to l1skitous
l1skitous collected $0.04 from pot
l1skitous: doesn't show hand 
*** SUMMARY ***
Total pot $0.04 | Rake $0 
Seat 1: funfun55 (button) folded before Flop (didn't bet)
Seat 2: WSOP2025WSOP (small blind) folded before Flop
Seat 3: l1skitous (big blind) collected ($0.04)
Seat 4: HubertusB folded before Flop (didn't bet)
Seat 5: moon0828 folded before Flop (didn't bet)
Seat 6: MonsterBitt folded before Flop (didn't bet)



PokerStars Zoom Hand #186524273790:  Hold'em No Limit ($0.02/$0.05) - 2018/05/17 20:13:41 CCT [2018/05/17 8:13:41 ET]
Table 'Donati' 6-max Seat #1 is the button
Seat 1: Cooper Huang ($5 in chips) 
Seat 2: denserk ($5.13 in chips) 
Seat 3: Plupp ($5 in chips) 
Seat 4: HubertusB ($3.96 in chips) 
Seat 5: MonsterBitt ($7.16 in chips) 
Seat 6: okli87 ($5.58 in chips) 
denserk: posts small blind $0.02
Plupp: posts big blind $0.05
*** HOLE CARDS ***
Dealt to HubertusB [Th 8s]
HubertusB: folds 
MonsterBitt: folds 
okli87: raises $0.10 to $0.15
Cooper Huang: calls $0.15
denserk: folds 
Plupp: folds 
*** FLOP *** [Jh 6s 6h]
okli87: bets $0.25
Cooper Huang: folds 
Uncalled bet ($0.25) returned to okli87
okli87 collected $0.35 from pot
okli87: doesn't show hand 
*** SUMMARY ***
Total pot $0.37 | Rake $0.02 
Board [Jh 6s 6h]
Seat 1: Cooper Huang (button) folded on the Flop
Seat 2: denserk (small blind) folded before Flop
Seat 3: Plupp (big blind) folded before Flop
Seat 4: HubertusB folded before Flop (didn't bet)
Seat 5: MonsterBitt folded before Flop (didn't bet)
Seat 6: okli87 collected ($0.35)



PokerStars Zoom Hand #186524282524:  Hold'em No Limit ($0.02/$0.05) - 2018/05/17 20:14:03 CCT [2018/05/17 8:14:03 ET]
Table 'Donati' 6-max Seat #1 is the button
Seat 1: BrunoWolf80 ($3.39 in chips) 
Seat 2: BeatLimits ($5.72 in chips) 
Seat 3: BlueIce-0 ($1.55 in chips) 
Seat 4: Guest533 ($5.39 in chips) 
Seat 5: andriasssse ($5.16 in chips) 
Seat 6: HubertusB ($3.91 in chips) 
BeatLimits: posts small blind $0.02
BlueIce-0: posts big blind $0.05
*** HOLE CARDS ***
Dealt to HubertusB [Qc Ah]
Guest533: folds 
andriasssse: folds 
HubertusB: raises $0.10 to $0.15
BrunoWolf80: folds 
BeatLimits: folds 
BlueIce-0: folds 
Uncalled bet ($0.10) returned to HubertusB
HubertusB collected $0.12 from pot
HubertusB: doesn't show hand 
*** SUMMARY ***
Total pot $0.12 | Rake $0 
Seat 1: BrunoWolf80 (button) folded before Flop (didn't bet)
Seat 2: BeatLimits (small blind) folded before Flop
Seat 3: BlueIce-0 (big blind) folded before Flop
Seat 4: Guest533 folded before Flop (didn't bet)
Seat 5: andriasssse folded before Flop (didn't bet)
Seat 6: HubertusB collected ($0.12)



PokerStars Zoom Hand #186524275774:  Hold'em No Limit ($0.02/$0.05) - 2018/05/17 20:13:46 CCT [2018/05/17 8:13:46 ET]
Table 'Donati' 6-max Seat #1 is the button
Seat 1: funfun55 ($5.14 in chips) 
Seat 2: Gigike2222 ($1.57 in chips) 
Seat 3: HubertusB ($3.96 in chips) 
Seat 4: Immunion ($5 in chips) 
Seat 5: mnml478 ($6.82 in chips) 
Seat 6: Hayoterkinovich ($5.18 in chips) 
Gigike2222: posts small blind $0.02
HubertusB: posts big blind $0.05
*** HOLE CARDS ***
Dealt to HubertusB [Jc 7h]
Immunion: folds 
mnml478: folds 
Hayoterkinovich: folds 
funfun55: raises $0.07 to $0.12
Gigike2222: calls $0.10
HubertusB: folds 
*** FLOP *** [3d 5c Th]
Gigike2222: checks 
funfun55: checks 
*** TURN *** [3d 5c Th] [Jh]
Gigike2222: bets $0.15
funfun55: calls $0.15
*** RIVER *** [3d 5c Th Jh] [7s]
Gigike2222: bets $0.15
funfun55: calls $0.15
*** SHOW DOWN ***
Gigike2222: shows [Js Qd] (a pair of Jacks)
funfun55: mucks hand 
Gigike2222 collected $0.85 from pot
*** SUMMARY ***
Total pot $0.89 | Rake $0.04 
Board [3d 5c Th Jh 7s]
Seat 1: funfun55 (button) mucked [8d 8h]
Seat 2: Gigike2222 (small blind) showed [Js Qd] and won ($0.85) with a pair of Jacks
Seat 3: HubertusB (big blind) folded before Flop
Seat 4: Immunion folded before Flop (didn't bet)
Seat 5: mnml478 folded before Flop (didn't bet)
Seat 6: Hayoterkinovich folded before Flop (didn't bet)



PokerStars Zoom Hand #186524279730:  Hold'em No Limit ($0.02/$0.05) - 2018/05/17 20:13:56 CCT [2018/05/17 8:13:56 ET]
Table 'Donati' 6-max Seat #1 is the button
Seat 1: HubertusB ($3.91 in chips) 
Seat 2: mohandes81 ($5 in chips) 
Seat 3: Sho1122 ($5.31 in chips) 
Seat 4: charliebaby2712 ($4.93 in chips) 
Seat 5: mariusghet12 ($3.73 in chips) 
Seat 6: WSOP2025WSOP ($4.86 in chips) 
mohandes81: posts small blind $0.02
Sho1122: posts big blind $0.05
*** HOLE CARDS ***
Dealt to HubertusB [Qd 3s]
charliebaby2712: raises $0.12 to $0.17
mariusghet12: folds 
WSOP2025WSOP: folds 
HubertusB: folds 
mohandes81: raises $0.43 to $0.60
Sho1122: folds 
charliebaby2712: calls $0.43
*** FLOP *** [3c 8d 8s]
mohandes81: bets $0.60
charliebaby2712: calls $0.60
*** TURN *** [3c 8d 8s] [9c]
mohandes81: checks 
charliebaby2712: bets $1.25
mohandes81: raises $2.55 to $3.80 and is all-in
charliebaby2712: folds 
Uncalled bet ($2.55) returned to mohandes81
mohandes81 collected $4.74 from pot
mohandes81: doesn't show hand 
*** SUMMARY ***
Total pot $4.95 | Rake $0.21 
Board [3c 8d 8s 9c]
Seat 1: HubertusB (button) folded before Flop (didn't bet)
Seat 2: mohandes81 (small blind) collected ($4.74)
Seat 3: Sho1122 (big blind) folded before Flop
Seat 4: charliebaby2712 folded on the Turn
Seat 5: mariusghet12 folded before Flop (didn't bet)
Seat 6: WSOP2025WSOP folded before Flop (didn't bet)



PokerStars Zoom Hand #186524292090:  Hold'em No Limit ($0.02/$0.05) - 2018/05/17 20:14:27 CCT [2018/05/17 8:14:27 ET]
Table 'Donati' 6-max Seat #1 is the button
Seat 1: s0chi161090 ($6.15 in chips) 
Seat 2: kilechka ($4.32 in chips) 
Seat 3: vinyy121288 ($6.97 in chips) 
Seat 4: lftein ($9.84 in chips) 
Seat 5: HubertusB ($3.98 in chips) 
Seat 6: belmain.by ($10.75 in chips) 
kilechka: posts small blind $0.02
vinyy121288: posts big blind $0.05
*** HOLE CARDS ***
Dealt to HubertusB [Ac 7d]
lftein: folds 
HubertusB: folds 
belmain.by: raises $0.10 to $0.15
s0chi161090: folds 
kilechka: folds 
vinyy121288: folds 
Uncalled bet ($0.10) returned to belmain.by
belmain.by collected $0.12 from pot
belmain.by: doesn't show hand 
*** SUMMARY ***
Total pot $0.12 | Rake $0 
Seat 1: s0chi161090 (button) folded before Flop (didn't bet)
Seat 2: kilechka (small blind) folded before Flop
Seat 3: vinyy121288 (big blind) folded before Flop
Seat 4: lftein folded before Flop (didn't bet)
Seat 5: HubertusB folded before Flop (didn't bet)
Seat 6: belmain.by collected ($0.12)



PokerStars Zoom Hand #186524294061:  Hold'em No Limit ($0.02/$0.05) - 2018/05/17 20:14:32 CCT [2018/05/17 8:14:32 ET]
Table 'Donati' 6-max Seat #1 is the button
Seat 1: hovlaa ($5.40 in chips) 
Seat 2: HubertusB ($3.98 in chips) 
Seat 3: andriasssse ($5.23 in chips) 
Seat 4: Icrushforlolz ($13.32 in chips) 
Seat 5: Moskvich951 ($12.06 in chips) 
Seat 6: Sonicc360 ($10.99 in chips) 
HubertusB: posts small blind $0.02
andriasssse: posts big blind $0.05
*** HOLE CARDS ***
Dealt to HubertusB [Jc 6c]
Icrushforlolz: folds 
Moskvich951: folds 
Sonicc360: folds 
hovlaa: folds 
HubertusB: folds 
Uncalled bet ($0.03) returned to andriasssse
andriasssse collected $0.04 from pot
andriasssse: doesn't show hand 
*** SUMMARY ***
Total pot $0.04 | Rake $0 
Seat 1: hovlaa (button) folded before Flop (didn't bet)
Seat 2: HubertusB (small blind) folded before Flop
Seat 3: andriasssse (big blind) collected ($0.04)
Seat 4: Icrushforlolz folded before Flop (didn't bet)
Seat 5: Moskvich951 folded before Flop (didn't bet)
Seat 6: Sonicc360 folded before Flop (didn't bet)



PokerStars Zoom Hand #186524298960:  Hold'em No Limit ($0.02/$0.05) - 2018/05/17 20:14:44 CCT [2018/05/17 8:14:44 ET]
Table 'Donati' 6-max Seat #1 is the button
Seat 1: HubertusB ($3.96 in chips) 
Seat 2: Shamaxxx ($5 in chips) 
Seat 3: vagnerl0ve ($23.83 in chips) 
Seat 4: Hayoterkinovich ($5.73 in chips) 
Seat 5: k1v0k ($6.48 in chips) 
Seat 6: narrator123 ($6.42 in chips) 
Shamaxxx: posts small blind $0.02
vagnerl0ve: posts big blind $0.05
*** HOLE CARDS ***
Dealt to HubertusB [7d Th]
Hayoterkinovich: folds 
k1v0k: folds 
narrator123: folds 
HubertusB: folds 
Shamaxxx: folds 
Uncalled bet ($0.03) returned to vagnerl0ve
vagnerl0ve collected $0.04 from pot
vagnerl0ve: doesn't show hand 
*** SUMMARY ***
Total pot $0.04 | Rake $0 
Seat 1: HubertusB (button) folded before Flop (didn't bet)
Seat 2: Shamaxxx (small blind) folded before Flop
Seat 3: vagnerl0ve (big blind) collected ($0.04)
Seat 4: Hayoterkinovich folded before Flop (didn't bet)
Seat 5: k1v0k folded before Flop (didn't bet)
Seat 6: narrator123 folded before Flop (didn't bet)



PokerStars Zoom Hand #186524300921:  Hold'em No Limit ($0.02/$0.05) - 2018/05/17 20:14:49 CCT [2018/05/17 8:14:49 ET]
Table 'Donati' 6-max Seat #1 is the button
Seat 1: bougin123 ($5.18 in chips) 
Seat 2: sibir555 ($5.44 in chips) 
Seat 3: HubertusB ($3.96 in chips) 
Seat 4: funfun55 ($5 in chips) 
Seat 5: narrator123 ($5.70 in chips) 
Seat 6: victor250178 ($4.17 in chips) 
sibir555: posts small blind $0.02
HubertusB: posts big blind $0.05
*** HOLE CARDS ***
Dealt to HubertusB [Qs 8s]
funfun55: folds 
narrator123: folds 
victor250178: raises $0.10 to $0.15
bougin123: folds 
sibir555: folds 
HubertusB: folds 
Uncalled bet ($0.10) returned to victor250178
victor250178 collected $0.12 from pot
victor250178: doesn't show hand 
*** SUMMARY ***
Total pot $0.12 | Rake $0 
Seat 1: bougin123 (button) folded before Flop (didn't bet)
Seat 2: sibir555 (small blind) folded before Flop
Seat 3: HubertusB (big blind) folded before Flop
Seat 4: funfun55 folded before Flop (didn't bet)
Seat 5: narrator123 folded before Flop (didn't bet)
Seat 6: victor250178 collected ($0.12)



PokerStars Zoom Hand #186524306257:  Hold'em No Limit ($0.02/$0.05) - 2018/05/17 20:15:02 CCT [2018/05/17 8:15:02 ET]
Table 'Donati' 6-max Seat #1 is the button
Seat 1: geass0621 ($5.65 in chips) 
Seat 2: lftein ($9.79 in chips) 
Seat 3: Blackantz ($5 in chips) 
Seat 4: Òleg ($6.03 in chips) 
Seat 5: funfun55 ($5.77 in chips) 
Seat 6: HubertusB ($3.91 in chips) 
lftein: posts small blind $0.02
Blackantz: posts big blind $0.05
*** HOLE CARDS ***
Dealt to HubertusB [Jc Ah]
Òleg: folds 
funfun55: folds 
HubertusB: raises $0.10 to $0.15
geass0621: folds 
lftein: folds 
Blackantz: folds 
Uncalled bet ($0.10) returned to HubertusB
HubertusB collected $0.12 from pot
HubertusB: doesn't show hand 
*** SUMMARY ***
Total pot $0.12 | Rake $0 
Seat 1: geass0621 (button) folded before Flop (didn't bet)
Seat 2: lftein (small blind) folded before Flop
Seat 3: Blackantz (big blind) folded before Flop
Seat 4: Òleg folded before Flop (didn't bet)
Seat 5: funfun55 folded before Flop (didn't bet)
Seat 6: HubertusB collected ($0.12)



PokerStars Zoom Hand #186524296106:  Hold'em No Limit ($0.02/$0.05) - 2018/05/17 20:14:37 CCT [2018/05/17 8:14:37 ET]
Table 'Donati' 6-max Seat #1 is the button
Seat 1: tty1214 ($10.25 in chips) 
Seat 2: leo2030 ($4.95 in chips) 
Seat 3: skitai555 ($2.96 in chips) 
Seat 4: HubertusB ($3.96 in chips) 
Seat 5: Mike in Blue ($11.01 in chips) 
Seat 6: k1v0k ($6.48 in chips) 
leo2030: posts small blind $0.02
skitai555: posts big blind $0.05
*** HOLE CARDS ***
Dealt to HubertusB [Ah 3c]
HubertusB: folds 
Mike in Blue: folds 
k1v0k: folds 
tty1214: raises $0.10 to $0.15
leo2030: calls $0.13
skitai555: folds 
*** FLOP *** [3s Qd 4d]
leo2030: checks 
tty1214: checks 
*** TURN *** [3s Qd 4d] [Tc]
leo2030: bets $0.35
tty1214: folds 
Uncalled bet ($0.35) returned to leo2030
leo2030 collected $0.34 from pot
leo2030: doesn't show hand 
*** SUMMARY ***
Total pot $0.35 | Rake $0.01 
Board [3s Qd 4d Tc]
Seat 1: tty1214 (button) folded on the Turn
Seat 2: leo2030 (small blind) collected ($0.34)
Seat 3: skitai555 (big blind) folded before Flop
Seat 4: HubertusB folded before Flop (didn't bet)
Seat 5: Mike in Blue folded before Flop (didn't bet)
Seat 6: k1v0k folded before Flop (didn't bet)



PokerStars Zoom Hand #186524311542:  Hold'em No Limit ($0.02/$0.05) - 2018/05/17 20:15:15 CCT [2018/05/17 8:15:15 ET]
Table 'Donati' 6-max Seat #1 is the button
Seat 1: andriasssse ($5.08 in chips) 
Seat 2: Ashlynn POV ($2.57 in chips) 
Seat 3: evGHENII85 ($5 in chips) 
Seat 4: HighCard600 ($10.04 in chips) 
Seat 5: HubertusB ($3.98 in chips) 
Seat 6: kotsu65 ($5.99 in chips) 
Ashlynn POV: posts small blind $0.02
evGHENII85: posts big blind $0.05
*** HOLE CARDS ***
Dealt to HubertusB [Jd 3c]
HighCard600: folds 
HubertusB: folds 
kotsu65: folds 
andriasssse: folds 
Ashlynn POV: folds 
Uncalled bet ($0.03) returned to evGHENII85
evGHENII85 collected $0.04 from pot
evGHENII85: doesn't show hand 
*** SUMMARY ***
Total pot $0.04 | Rake $0 
Seat 1: andriasssse (button) folded before Flop (didn't bet)
Seat 2: Ashlynn POV (small blind) folded before Flop
Seat 3: evGHENII85 (big blind) collected ($0.04)
Seat 4: HighCard600 folded before Flop (didn't bet)
Seat 5: HubertusB folded before Flop (didn't bet)
Seat 6: kotsu65 folded before Flop (didn't bet)



