PokerStars Zoom Hand #185132497556:  Hold'em No Limit ($0.02/$0.05) - 2018/04/12 22:41:20 CCT [2018/04/12 10:41:20 ET]
Table 'Donati' 6-max Seat #1 is the button
Seat 1: abracs21 ($5.07 in chips) 
Seat 2: z0p12000 ($2.85 in chips) 
Seat 3: HubertusB ($5 in chips) 
Seat 4: Marian V. 31 ($5 in chips) 
Seat 5: KarLiLE ($5.41 in chips) 
Seat 6: Lelek868 ($13.09 in chips) 
z0p12000: posts small blind $0.02
HubertusB: posts big blind $0.05
*** HOLE CARDS ***
Dealt to HubertusB [Qc 8c]
Marian V. 31: folds 
KarLiLE: raises $0.10 to $0.15
Lelek868: calls $0.15
abracs21: folds 
z0p12000: folds 
HubertusB: folds 
*** FLOP *** [Ts 2s 9c]
KarLiLE: checks 
Lelek868: bets $0.20
KarLiLE: folds 
Uncalled bet ($0.20) returned to Lelek868
Lelek868 collected $0.35 from pot
Lelek868: doesn't show hand 
*** SUMMARY ***
Total pot $0.37 | Rake $0.02 
Board [Ts 2s 9c]
Seat 1: abracs21 (button) folded before Flop (didn't bet)
Seat 2: z0p12000 (small blind) folded before Flop
Seat 3: HubertusB (big blind) folded before Flop
Seat 4: Marian V. 31 folded before Flop (didn't bet)
Seat 5: KarLiLE folded on the Flop
Seat 6: Lelek868 collected ($0.35)



PokerStars Zoom Hand #185132513112:  Hold'em No Limit ($0.02/$0.05) - 2018/04/12 22:41:49 CCT [2018/04/12 10:41:49 ET]
Table 'Donati' 6-max Seat #1 is the button
Seat 1: artem11126 ($5.02 in chips) 
Seat 2: varunzinho ($5 in chips) 
Seat 3: Evetrin ($5.61 in chips) 
Seat 4: HubertusB ($4.95 in chips) 
Seat 5: kzona99 ($3.12 in chips) 
Seat 6: arsvegas777 ($3.03 in chips) 
varunzinho: posts small blind $0.02
Evetrin: posts big blind $0.05
*** HOLE CARDS ***
Dealt to HubertusB [2h Qd]
HubertusB: folds 
kzona99: folds 
arsvegas777: folds 
artem11126: raises $0.06 to $0.11
varunzinho: folds 
Evetrin: folds 
Uncalled bet ($0.06) returned to artem11126
artem11126 collected $0.12 from pot
artem11126: doesn't show hand 
*** SUMMARY ***
Total pot $0.12 | Rake $0 
Seat 1: artem11126 (button) collected ($0.12)
Seat 2: varunzinho (small blind) folded before Flop
Seat 3: Evetrin (big blind) folded before Flop
Seat 4: HubertusB folded before Flop (didn't bet)
Seat 5: kzona99 folded before Flop (didn't bet)
Seat 6: arsvegas777 folded before Flop (didn't bet)



PokerStars Zoom Hand #185132516324:  Hold'em No Limit ($0.02/$0.05) - 2018/04/12 22:41:55 CCT [2018/04/12 10:41:55 ET]
Table 'Donati' 6-max Seat #1 is the button
Seat 1: Bolnisi68 ($5.02 in chips) 
Seat 2: HubertusB ($4.95 in chips) 
Seat 3: Fostal_by ($9.11 in chips) 
Seat 4: yotpoker ($13.91 in chips) 
Seat 5: rekoj504 ($5.94 in chips) 
Seat 6: AleyF ($7.79 in chips) 
HubertusB: posts small blind $0.02
Fostal_by: posts big blind $0.05
*** HOLE CARDS ***
Dealt to HubertusB [Jc 8c]
yotpoker: folds 
rekoj504: folds 
AleyF: folds 
Bolnisi68: folds 
HubertusB: raises $0.05 to $0.10
Fostal_by: calls $0.05
*** FLOP *** [9d 5d 2h]
HubertusB: bets $0.10
Fostal_by: raises $0.16 to $0.26
HubertusB: folds 
Uncalled bet ($0.16) returned to Fostal_by
Fostal_by collected $0.38 from pot
Fostal_by: doesn't show hand 
*** SUMMARY ***
Total pot $0.40 | Rake $0.02 
Board [9d 5d 2h]
Seat 1: Bolnisi68 (button) folded before Flop (didn't bet)
Seat 2: HubertusB (small blind) folded on the Flop
Seat 3: Fostal_by (big blind) collected ($0.38)
Seat 4: yotpoker folded before Flop (didn't bet)
Seat 5: rekoj504 folded before Flop (didn't bet)
Seat 6: AleyF folded before Flop (didn't bet)



PokerStars Zoom Hand #185132534213:  Hold'em No Limit ($0.02/$0.05) - 2018/04/12 22:42:28 CCT [2018/04/12 10:42:28 ET]
Table 'Donati' 6-max Seat #1 is the button
Seat 1: HubertusB ($4.75 in chips) 
Seat 2: matedogswe ($5.13 in chips) 
Seat 3: Rassty1983 ($4.70 in chips) 
Seat 4: DDbluff ($2.26 in chips) 
Seat 5: Månssooon ($2.70 in chips) 
Seat 6: r3x1a ($5.49 in chips) 
matedogswe: posts small blind $0.02
Rassty1983: posts big blind $0.05
*** HOLE CARDS ***
Dealt to HubertusB [Jd Ts]
DDbluff: folds 
Månssooon: folds 
r3x1a: folds 
HubertusB: raises $0.05 to $0.10
matedogswe: calls $0.08
Rassty1983: folds 
*** FLOP *** [Ad 5s 5h]
matedogswe: checks 
HubertusB: bets $0.10
matedogswe: raises $0.25 to $0.35
HubertusB: folds 
Uncalled bet ($0.25) returned to matedogswe
matedogswe collected $0.43 from pot
matedogswe: doesn't show hand 
*** SUMMARY ***
Total pot $0.45 | Rake $0.02 
Board [Ad 5s 5h]
Seat 1: HubertusB (button) folded on the Flop
Seat 2: matedogswe (small blind) collected ($0.43)
Seat 3: Rassty1983 (big blind) folded before Flop
Seat 4: DDbluff folded before Flop (didn't bet)
Seat 5: Månssooon folded before Flop (didn't bet)
Seat 6: r3x1a folded before Flop (didn't bet)



PokerStars Zoom Hand #185132551679:  Hold'em No Limit ($0.02/$0.05) - 2018/04/12 22:43:00 CCT [2018/04/12 10:43:00 ET]
Table 'Donati' 6-max Seat #1 is the button
Seat 1: lususfortuna ($2.52 in chips) 
Seat 2: LukeDexter ($6.93 in chips) 
Seat 3: jjtaro ($5.64 in chips) 
Seat 4: kon_tss1 ($5.09 in chips) 
Seat 5: danimer89 ($16.98 in chips) 
Seat 6: HubertusB ($4.55 in chips) 
LukeDexter: posts small blind $0.02
jjtaro: posts big blind $0.05
*** HOLE CARDS ***
Dealt to HubertusB [9d 6c]
kon_tss1: folds 
danimer89: folds 
HubertusB: folds 
lususfortuna: folds 
LukeDexter: folds 
Uncalled bet ($0.03) returned to jjtaro
jjtaro collected $0.04 from pot
jjtaro: doesn't show hand 
*** SUMMARY ***
Total pot $0.04 | Rake $0 
Seat 1: lususfortuna (button) folded before Flop (didn't bet)
Seat 2: LukeDexter (small blind) folded before Flop
Seat 3: jjtaro (big blind) collected ($0.04)
Seat 4: kon_tss1 folded before Flop (didn't bet)
Seat 5: danimer89 folded before Flop (didn't bet)
Seat 6: HubertusB folded before Flop (didn't bet)



PokerStars Zoom Hand #185132557645:  Hold'em No Limit ($0.02/$0.05) - 2018/04/12 22:43:11 CCT [2018/04/12 10:43:11 ET]
Table 'Donati' 6-max Seat #1 is the button
Seat 1: Sulim_Street ($4.72 in chips) 
Seat 2: xafaki13 ($5.02 in chips) 
Seat 3: e13crucial ($5.28 in chips) 
Seat 4: HubertusB ($4.55 in chips) 
Seat 5: yhanlace ($5.07 in chips) 
Seat 6: bossman0161 ($5.37 in chips) 
xafaki13: posts small blind $0.02
e13crucial: posts big blind $0.05
*** HOLE CARDS ***
Dealt to HubertusB [Ac Ts]
HubertusB: folds 
yhanlace: folds 
bossman0161: folds 
Sulim_Street: folds 
xafaki13: raises $0.07 to $0.12
e13crucial: folds 
Uncalled bet ($0.07) returned to xafaki13
xafaki13 collected $0.10 from pot
xafaki13: doesn't show hand 
*** SUMMARY ***
Total pot $0.10 | Rake $0 
Seat 1: Sulim_Street (button) folded before Flop (didn't bet)
Seat 2: xafaki13 (small blind) collected ($0.10)
Seat 3: e13crucial (big blind) folded before Flop
Seat 4: HubertusB folded before Flop (didn't bet)
Seat 5: yhanlace folded before Flop (didn't bet)
Seat 6: bossman0161 folded before Flop (didn't bet)



PokerStars Zoom Hand #185132560900:  Hold'em No Limit ($0.02/$0.05) - 2018/04/12 22:43:17 CCT [2018/04/12 10:43:17 ET]
Table 'Donati' 6-max Seat #1 is the button
Seat 1: ziziyo115 ($5.07 in chips) 
Seat 2: Schakal224 ($6.41 in chips) 
Seat 3: HubertusB ($4.55 in chips) 
Seat 4: Better Life7 ($5 in chips) 
Seat 5: arsvegas777 ($2.85 in chips) 
Seat 6: Dokerokk23 ($5 in chips) 
Schakal224: posts small blind $0.02
HubertusB: posts big blind $0.05
*** HOLE CARDS ***
Dealt to HubertusB [6d 6s]
Better Life7: folds 
arsvegas777: folds 
Dokerokk23: raises $0.07 to $0.12
ziziyo115: raises $0.38 to $0.50
Schakal224: folds 
HubertusB: folds 
Dokerokk23: folds 
Uncalled bet ($0.38) returned to ziziyo115
ziziyo115 collected $0.31 from pot
ziziyo115: doesn't show hand 
*** SUMMARY ***
Total pot $0.31 | Rake $0 
Seat 1: ziziyo115 (button) collected ($0.31)
Seat 2: Schakal224 (small blind) folded before Flop
Seat 3: HubertusB (big blind) folded before Flop
Seat 4: Better Life7 folded before Flop (didn't bet)
Seat 5: arsvegas777 folded before Flop (didn't bet)
Seat 6: Dokerokk23 folded before Flop



PokerStars Zoom Hand #185132554900:  Hold'em No Limit ($0.02/$0.05) - 2018/04/12 22:43:06 CCT [2018/04/12 10:43:06 ET]
Table 'Donati' 6-max Seat #1 is the button
Seat 1: kizos91 ($5.12 in chips) 
Seat 2: SuperPappe ($17.62 in chips) 
Seat 3: RenningStone ($5.28 in chips) 
Seat 4: Manner]Pig ($5 in chips) 
Seat 5: HubertusB ($4.55 in chips) 
Seat 6: PandaAs ($5.39 in chips) 
SuperPappe: posts small blind $0.02
RenningStone: posts big blind $0.05
*** HOLE CARDS ***
Dealt to HubertusB [9c Qd]
Manner]Pig: folds 
HubertusB: folds 
PandaAs: folds 
kizos91: folds 
SuperPappe: raises $0.05 to $0.10
RenningStone: calls $0.05
*** FLOP *** [Kh 9d 7h]
SuperPappe: checks 
RenningStone: bets $0.10
SuperPappe: folds 
Uncalled bet ($0.10) returned to RenningStone
RenningStone collected $0.19 from pot
RenningStone: doesn't show hand 
*** SUMMARY ***
Total pot $0.20 | Rake $0.01 
Board [Kh 9d 7h]
Seat 1: kizos91 (button) folded before Flop (didn't bet)
Seat 2: SuperPappe (small blind) folded on the Flop
Seat 3: RenningStone (big blind) collected ($0.19)
Seat 4: Manner]Pig folded before Flop (didn't bet)
Seat 5: HubertusB folded before Flop (didn't bet)
Seat 6: PandaAs folded before Flop (didn't bet)



PokerStars Zoom Hand #185132569627:  Hold'em No Limit ($0.02/$0.05) - 2018/04/12 22:43:33 CCT [2018/04/12 10:43:33 ET]
Table 'Donati' 6-max Seat #1 is the button
Seat 1: Dreammoves ($13.71 in chips) 
Seat 2: TKoniWolf ($5 in chips) 
Seat 3: hcpalli ($12.64 in chips) 
Seat 4: poshla_nazuy ($8.15 in chips) 
Seat 5: HubertusB ($4.50 in chips) 
Seat 6: Rassty1983 ($5.95 in chips) 
TKoniWolf: posts small blind $0.02
hcpalli: posts big blind $0.05
*** HOLE CARDS ***
Dealt to HubertusB [Kh Ts]
poshla_nazuy: folds 
HubertusB: folds 
Rassty1983: folds 
Dreammoves: raises $0.07 to $0.12
TKoniWolf: folds 
hcpalli: folds 
Uncalled bet ($0.07) returned to Dreammoves
Dreammoves collected $0.12 from pot
Dreammoves: doesn't show hand 
*** SUMMARY ***
Total pot $0.12 | Rake $0 
Seat 1: Dreammoves (button) collected ($0.12)
Seat 2: TKoniWolf (small blind) folded before Flop
Seat 3: hcpalli (big blind) folded before Flop
Seat 4: poshla_nazuy folded before Flop (didn't bet)
Seat 5: HubertusB folded before Flop (didn't bet)
Seat 6: Rassty1983 folded before Flop (didn't bet)



PokerStars Zoom Hand #185132576243:  Hold'em No Limit ($0.02/$0.05) - 2018/04/12 22:43:45 CCT [2018/04/12 10:43:45 ET]
Table 'Donati' 6-max Seat #1 is the button
Seat 1: HubertusB ($4.48 in chips) 
Seat 2: n7ch13l ($7.52 in chips) 
Seat 3: LeXPSU ($5.58 in chips) 
Seat 4: 40beat ($5 in chips) 
Seat 5: hcpalli ($12.59 in chips) 
Seat 6: THANGVN ($5 in chips) 
n7ch13l: posts small blind $0.02
LeXPSU: posts big blind $0.05
*** HOLE CARDS ***
Dealt to HubertusB [7s 9d]
40beat: folds 
hcpalli: folds 
THANGVN: folds 
HubertusB: folds 
n7ch13l: folds 
Uncalled bet ($0.03) returned to LeXPSU
LeXPSU collected $0.04 from pot
LeXPSU: doesn't show hand 
*** SUMMARY ***
Total pot $0.04 | Rake $0 
Seat 1: HubertusB (button) folded before Flop (didn't bet)
Seat 2: n7ch13l (small blind) folded before Flop
Seat 3: LeXPSU (big blind) collected ($0.04)
Seat 4: 40beat folded before Flop (didn't bet)
Seat 5: hcpalli folded before Flop (didn't bet)
Seat 6: THANGVN folded before Flop (didn't bet)



PokerStars Zoom Hand #185132573000:  Hold'em No Limit ($0.02/$0.05) - 2018/04/12 22:43:39 CCT [2018/04/12 10:43:39 ET]
Table 'Donati' 6-max Seat #1 is the button
Seat 1: DDbluff ($2.37 in chips) 
Seat 2: HubertusB ($4.50 in chips) 
Seat 3: Alexmosk3 ($7 in chips) 
Seat 4: TKoniWolf ($5 in chips) 
Seat 5: 88DOCTOR88 ($1.63 in chips) 
Seat 6: sen@kin ($5.09 in chips) 
HubertusB: posts small blind $0.02
Alexmosk3: posts big blind $0.05
*** HOLE CARDS ***
Dealt to HubertusB [2s 8h]
TKoniWolf: folds 
88DOCTOR88: folds 
sen@kin: folds 
DDbluff: raises $0.10 to $0.15
HubertusB: folds 
Alexmosk3: folds 
Uncalled bet ($0.10) returned to DDbluff
DDbluff collected $0.12 from pot
DDbluff: doesn't show hand 
*** SUMMARY ***
Total pot $0.12 | Rake $0 
Seat 1: DDbluff (button) collected ($0.12)
Seat 2: HubertusB (small blind) folded before Flop
Seat 3: Alexmosk3 (big blind) folded before Flop
Seat 4: TKoniWolf folded before Flop (didn't bet)
Seat 5: 88DOCTOR88 folded before Flop (didn't bet)
Seat 6: sen@kin folded before Flop (didn't bet)



PokerStars Zoom Hand #185132579484:  Hold'em No Limit ($0.02/$0.05) - 2018/04/12 22:43:51 CCT [2018/04/12 10:43:51 ET]
Table 'Donati' 6-max Seat #1 is the button
Seat 1: loustros ($13.18 in chips) 
Seat 2: facomaco ($3.51 in chips) 
Seat 3: Fostal_by ($6.02 in chips) 
Seat 4: positionlimp ($5 in chips) 
Seat 5: probil777a ($5 in chips) 
Seat 6: HubertusB ($4.48 in chips) 
facomaco: posts small blind $0.02
Fostal_by: posts big blind $0.05
*** HOLE CARDS ***
Dealt to HubertusB [8s 9c]
positionlimp: folds 
probil777a: raises $0.06 to $0.11
HubertusB: folds 
loustros: folds 
facomaco: folds 
Fostal_by: folds 
Uncalled bet ($0.06) returned to probil777a
probil777a collected $0.12 from pot
probil777a: doesn't show hand 
*** SUMMARY ***
Total pot $0.12 | Rake $0 
Seat 1: loustros (button) folded before Flop (didn't bet)
Seat 2: facomaco (small blind) folded before Flop
Seat 3: Fostal_by (big blind) folded before Flop
Seat 4: positionlimp folded before Flop (didn't bet)
Seat 5: probil777a collected ($0.12)
Seat 6: HubertusB folded before Flop (didn't bet)



PokerStars Zoom Hand #185132586072:  Hold'em No Limit ($0.02/$0.05) - 2018/04/12 22:44:03 CCT [2018/04/12 10:44:03 ET]
Table 'Donati' 6-max Seat #1 is the button
Seat 1: JekaBetterThenU ($5.10 in chips) 
Seat 2: Neo254 ($8.17 in chips) 
Seat 3: HubertusB ($4.46 in chips) 
Seat 4: Canadec90 ($6.37 in chips) 
Seat 5: x3apa3ax ($5.26 in chips) 
Seat 6: Dmitry E. ($4.85 in chips) 
Neo254: posts small blind $0.02
HubertusB: posts big blind $0.05
*** HOLE CARDS ***
Dealt to HubertusB [Th 8d]
Canadec90: folds 
x3apa3ax: raises $0.09 to $0.14
Dmitry E.: folds 
JekaBetterThenU: folds 
Neo254: folds 
HubertusB: folds 
Uncalled bet ($0.09) returned to x3apa3ax
x3apa3ax collected $0.12 from pot
x3apa3ax: doesn't show hand 
*** SUMMARY ***
Total pot $0.12 | Rake $0 
Seat 1: JekaBetterThenU (button) folded before Flop (didn't bet)
Seat 2: Neo254 (small blind) folded before Flop
Seat 3: HubertusB (big blind) folded before Flop
Seat 4: Canadec90 folded before Flop (didn't bet)
Seat 5: x3apa3ax collected ($0.12)
Seat 6: Dmitry E. folded before Flop (didn't bet)



PokerStars Zoom Hand #185132590375:  Hold'em No Limit ($0.02/$0.05) - 2018/04/12 22:44:11 CCT [2018/04/12 10:44:11 ET]
Table 'Donati' 6-max Seat #1 is the button
Seat 1: HubertusB ($4.41 in chips) 
Seat 2: V1rtu()3 ($12.70 in chips) 
Seat 3: ziziyo115 ($3.38 in chips) 
Seat 4: Manner]Pig ($5.95 in chips) 
Seat 5: Dokerokk23 ($5 in chips) 
Seat 6: 23foraobaton ($6.28 in chips) 
V1rtu()3: posts small blind $0.02
ziziyo115: posts big blind $0.05
*** HOLE CARDS ***
Dealt to HubertusB [Ac 2d]
Manner]Pig: folds 
Dokerokk23: folds 
23foraobaton: raises $0.10 to $0.15
HubertusB: folds 
V1rtu()3: folds 
ziziyo115: folds 
Uncalled bet ($0.10) returned to 23foraobaton
23foraobaton collected $0.12 from pot
23foraobaton: doesn't show hand 
*** SUMMARY ***
Total pot $0.12 | Rake $0 
Seat 1: HubertusB (button) folded before Flop (didn't bet)
Seat 2: V1rtu()3 (small blind) folded before Flop
Seat 3: ziziyo115 (big blind) folded before Flop
Seat 4: Manner]Pig folded before Flop (didn't bet)
Seat 5: Dokerokk23 folded before Flop (didn't bet)
Seat 6: 23foraobaton collected ($0.12)



PokerStars Zoom Hand #185132582720:  Hold'em No Limit ($0.02/$0.05) - 2018/04/12 22:43:57 CCT [2018/04/12 10:43:57 ET]
Table 'Donati' 6-max Seat #1 is the button
Seat 1: krh1997 ($10.20 in chips) 
Seat 2: HubertusB ($4.48 in chips) 
Seat 3: confirmedanc ($5.13 in chips) 
Seat 4: qq3350699419 ($7.20 in chips) 
Seat 5: facomaco ($3.49 in chips) 
Seat 6: somen1991 ($8.07 in chips) 
HubertusB: posts small blind $0.02
confirmedanc: posts big blind $0.05
*** HOLE CARDS ***
Dealt to HubertusB [Jh 8s]
qq3350699419: calls $0.05
facomaco: folds 
somen1991: folds 
krh1997: folds 
HubertusB: folds 
confirmedanc: checks 
*** FLOP *** [8c Qh Ah]
confirmedanc: checks 
qq3350699419: checks 
*** TURN *** [8c Qh Ah] [5h]
confirmedanc: checks 
qq3350699419: bets $0.12
confirmedanc: folds 
Uncalled bet ($0.12) returned to qq3350699419
qq3350699419 collected $0.12 from pot
qq3350699419: doesn't show hand 
*** SUMMARY ***
Total pot $0.12 | Rake $0 
Board [8c Qh Ah 5h]
Seat 1: krh1997 (button) folded before Flop (didn't bet)
Seat 2: HubertusB (small blind) folded before Flop
Seat 3: confirmedanc (big blind) folded on the Turn
Seat 4: qq3350699419 collected ($0.12)
Seat 5: facomaco folded before Flop (didn't bet)
Seat 6: somen1991 folded before Flop (didn't bet)



PokerStars Zoom Hand #185132593132:  Hold'em No Limit ($0.02/$0.05) - 2018/04/12 22:44:16 CCT [2018/04/12 10:44:16 ET]
Table 'Donati' 6-max Seat #1 is the button
Seat 1: elcuchu168 ($3.47 in chips) 
Seat 2: Draugsvoll ($5 in chips) 
Seat 3: devourer108 ($5 in chips) 
Seat 4: Mars1502 ($5.24 in chips) 
Seat 5: Dimas169 ($6.82 in chips) 
Seat 6: HubertusB ($4.41 in chips) 
Draugsvoll: posts small blind $0.02
devourer108: posts big blind $0.05
*** HOLE CARDS ***
Dealt to HubertusB [6h 6s]
Mars1502: folds 
Dimas169: raises $0.07 to $0.12
HubertusB: raises $0.28 to $0.40
elcuchu168: folds 
Draugsvoll: folds 
devourer108: folds 
Dimas169: folds 
Uncalled bet ($0.28) returned to HubertusB
HubertusB collected $0.31 from pot
HubertusB: doesn't show hand 
*** SUMMARY ***
Total pot $0.31 | Rake $0 
Seat 1: elcuchu168 (button) folded before Flop (didn't bet)
Seat 2: Draugsvoll (small blind) folded before Flop
Seat 3: devourer108 (big blind) folded before Flop
Seat 4: Mars1502 folded before Flop (didn't bet)
Seat 5: Dimas169 folded before Flop
Seat 6: HubertusB collected ($0.31)



PokerStars Zoom Hand #185132606168:  Hold'em No Limit ($0.02/$0.05) - 2018/04/12 22:44:40 CCT [2018/04/12 10:44:40 ET]
Table 'Donati' 6-max Seat #1 is the button
Seat 1: Draber06 ($5.85 in chips) 
Seat 2: Bubulo ($9.54 in chips) 
Seat 3: frankpx90 ($2.52 in chips) 
Seat 4: Dreammoves ($20.05 in chips) 
Seat 5: HubertusB ($4.60 in chips) 
Seat 6: falcao991 ($5.05 in chips) 
Bubulo: posts small blind $0.02
frankpx90: posts big blind $0.05
*** HOLE CARDS ***
Dealt to HubertusB [Ks 4d]
Dreammoves: folds 
HubertusB: folds 
falcao991: folds 
Draber06: folds 
Bubulo: folds 
Uncalled bet ($0.03) returned to frankpx90
frankpx90 collected $0.04 from pot
frankpx90: doesn't show hand 
*** SUMMARY ***
Total pot $0.04 | Rake $0 
Seat 1: Draber06 (button) folded before Flop (didn't bet)
Seat 2: Bubulo (small blind) folded before Flop
Seat 3: frankpx90 (big blind) collected ($0.04)
Seat 4: Dreammoves folded before Flop (didn't bet)
Seat 5: HubertusB folded before Flop (didn't bet)
Seat 6: falcao991 folded before Flop (didn't bet)



PokerStars Zoom Hand #185132608887:  Hold'em No Limit ($0.02/$0.05) - 2018/04/12 22:44:45 CCT [2018/04/12 10:44:45 ET]
Table 'Donati' 6-max Seat #1 is the button
Seat 1: timmy563 ($4.55 in chips) 
Seat 2: Drudkh88 ($6.49 in chips) 
Seat 3: Manner]Pig ($5 in chips) 
Seat 4: HubertusB ($4.60 in chips) 
Seat 5: facomaco ($3.64 in chips) 
Seat 6: falcao991 ($5.05 in chips) 
Drudkh88: posts small blind $0.02
Manner]Pig: posts big blind $0.05
*** HOLE CARDS ***
Dealt to HubertusB [Ad Jc]
HubertusB: raises $0.08 to $0.13
facomaco: folds 
falcao991: folds 
timmy563: calls $0.13
Drudkh88: calls $0.11
Manner]Pig: folds 
*** FLOP *** [7d 4c 8s]
Drudkh88: checks 
HubertusB: checks 
timmy563: checks 
*** TURN *** [7d 4c 8s] [Td]
Drudkh88: bets $0.25
HubertusB: folds 
timmy563: folds 
Uncalled bet ($0.25) returned to Drudkh88
Drudkh88 collected $0.42 from pot
Drudkh88: doesn't show hand 
*** SUMMARY ***
Total pot $0.44 | Rake $0.02 
Board [7d 4c 8s Td]
Seat 1: timmy563 (button) folded on the Turn
Seat 2: Drudkh88 (small blind) collected ($0.42)
Seat 3: Manner]Pig (big blind) folded before Flop
Seat 4: HubertusB folded on the Turn
Seat 5: facomaco folded before Flop (didn't bet)
Seat 6: falcao991 folded before Flop (didn't bet)



PokerStars Zoom Hand #185132628304:  Hold'em No Limit ($0.02/$0.05) - 2018/04/12 22:45:21 CCT [2018/04/12 10:45:21 ET]
Table 'Donati' 6-max Seat #1 is the button
Seat 1: pinupjesus ($9.90 in chips) 
Seat 2: HubertusB ($4.47 in chips) 
Seat 3: vlad oleynik ($5.44 in chips) 
Seat 4: Acejinx ($7.97 in chips) 
Seat 5: KarLiLE ($5 in chips) 
Seat 6: Marian V. 31 ($5 in chips) 
HubertusB: posts small blind $0.02
vlad oleynik: posts big blind $0.05
*** HOLE CARDS ***
Dealt to HubertusB [6d 7d]
Acejinx: folds 
KarLiLE: folds 
Marian V. 31: raises $0.07 to $0.12
pinupjesus: folds 
HubertusB: raises $0.23 to $0.35
vlad oleynik: folds 
Marian V. 31: folds 
Uncalled bet ($0.23) returned to HubertusB
HubertusB collected $0.29 from pot
HubertusB: doesn't show hand 
*** SUMMARY ***
Total pot $0.29 | Rake $0 
Seat 1: pinupjesus (button) folded before Flop (didn't bet)
Seat 2: HubertusB (small blind) collected ($0.29)
Seat 3: vlad oleynik (big blind) folded before Flop
Seat 4: Acejinx folded before Flop (didn't bet)
Seat 5: KarLiLE folded before Flop (didn't bet)
Seat 6: Marian V. 31 folded before Flop



PokerStars Zoom Hand #185132640549:  Hold'em No Limit ($0.02/$0.05) - 2018/04/12 22:45:44 CCT [2018/04/12 10:45:44 ET]
Table 'Donati' 6-max Seat #1 is the button
Seat 1: Rassty1983 ($5.67 in chips) 
Seat 2: JORDYLEON ($5.24 in chips) 
Seat 3: Alvares_Lins ($5.94 in chips) 
Seat 4: danaddie ($3.90 in chips) 
Seat 5: HubertusB ($4.64 in chips) 
Seat 6: Rasmus333333 ($7.08 in chips) 
JORDYLEON: posts small blind $0.02
Alvares_Lins: posts big blind $0.05
*** HOLE CARDS ***
Dealt to HubertusB [6c Js]
danaddie: folds 
HubertusB: folds 
Rasmus333333: folds 
Rassty1983: folds 
JORDYLEON: folds 
Uncalled bet ($0.03) returned to Alvares_Lins
Alvares_Lins collected $0.04 from pot
Alvares_Lins: doesn't show hand 
*** SUMMARY ***
Total pot $0.04 | Rake $0 
Seat 1: Rassty1983 (button) folded before Flop (didn't bet)
Seat 2: JORDYLEON (small blind) folded before Flop
Seat 3: Alvares_Lins (big blind) collected ($0.04)
Seat 4: danaddie folded before Flop (didn't bet)
Seat 5: HubertusB folded before Flop (didn't bet)
Seat 6: Rasmus333333 folded before Flop (didn't bet)



PokerStars Zoom Hand #185132643816:  Hold'em No Limit ($0.02/$0.05) - 2018/04/12 22:45:50 CCT [2018/04/12 10:45:50 ET]
Table 'Donati' 6-max Seat #1 is the button
Seat 1: gameflix ($5.50 in chips) 
Seat 2: Cka3bI4 ($8.80 in chips) 
Seat 3: HubertusB ($4.64 in chips) 
Seat 4: jjtaro ($5 in chips) 
Seat 5: dzari22 ($5 in chips) 
Seat 6: Shatosik ($15.98 in chips) 
Cka3bI4: posts small blind $0.02
HubertusB: posts big blind $0.05
*** HOLE CARDS ***
Dealt to HubertusB [Jc Qd]
jjtaro: folds 
dzari22: folds 
Shatosik: calls $0.05
gameflix: raises $0.12 to $0.17
Cka3bI4: folds 
HubertusB: folds 
Shatosik: calls $0.12
*** FLOP *** [5h As Td]
Shatosik: checks 
gameflix: bets $0.26
Shatosik: raises $0.44 to $0.70
gameflix: folds 
Uncalled bet ($0.44) returned to Shatosik
Shatosik collected $0.89 from pot
Shatosik: doesn't show hand 
*** SUMMARY ***
Total pot $0.93 | Rake $0.04 
Board [5h As Td]
Seat 1: gameflix (button) folded on the Flop
Seat 2: Cka3bI4 (small blind) folded before Flop
Seat 3: HubertusB (big blind) folded before Flop
Seat 4: jjtaro folded before Flop (didn't bet)
Seat 5: dzari22 folded before Flop (didn't bet)
Seat 6: Shatosik collected ($0.89)



PokerStars Zoom Hand #185132655659:  Hold'em No Limit ($0.02/$0.05) - 2018/04/12 22:46:12 CCT [2018/04/12 10:46:12 ET]
Table 'Donati' 6-max Seat #1 is the button
Seat 1: HubertusB ($4.59 in chips) 
Seat 2: kazunori_pk ($5 in chips) 
Seat 3: Jacub1987 ($5.07 in chips) 
Seat 4: Caramba191 ($4.23 in chips) 
Seat 5: ziziyo115 ($5.18 in chips) 
Seat 6: *AlPl*998 ($5.55 in chips) 
kazunori_pk: posts small blind $0.02
Jacub1987: posts big blind $0.05
*** HOLE CARDS ***
Dealt to HubertusB [9h Ah]
Caramba191: raises $0.10 to $0.15
ziziyo115: folds 
*AlPl*998: folds 
HubertusB: calls $0.15
kazunori_pk: folds 
Jacub1987: calls $0.10
*** FLOP *** [As 5h 2c]
Jacub1987: checks 
Caramba191: checks 
HubertusB: checks 
*** TURN *** [As 5h 2c] [7d]
Jacub1987: bets $0.30
Caramba191: calls $0.30
HubertusB: calls $0.30
*** RIVER *** [As 5h 2c 7d] [7h]
Jacub1987: checks 
Caramba191: bets $3.78 and is all-in
HubertusB: folds 
Jacub1987: folds 
Uncalled bet ($3.78) returned to Caramba191
Caramba191 collected $1.31 from pot
Caramba191: doesn't show hand 
*** SUMMARY ***
Total pot $1.37 | Rake $0.06 
Board [As 5h 2c 7d 7h]
Seat 1: HubertusB (button) folded on the River
Seat 2: kazunori_pk (small blind) folded before Flop
Seat 3: Jacub1987 (big blind) folded on the River
Seat 4: Caramba191 collected ($1.31)
Seat 5: ziziyo115 folded before Flop (didn't bet)
Seat 6: *AlPl*998 folded before Flop (didn't bet)



PokerStars Zoom Hand #185132683657:  Hold'em No Limit ($0.02/$0.05) - 2018/04/12 22:47:04 CCT [2018/04/12 10:47:04 ET]
Table 'Donati' 6-max Seat #1 is the button
Seat 1: Martin.ar195 ($7.12 in chips) 
Seat 2: yarikkkkk ($11.62 in chips) 
Seat 3: iExploler ($5.47 in chips) 
Seat 4: nbcola_whG ($1.48 in chips) 
Seat 5: Pipskiy ($6.10 in chips) 
Seat 6: HubertusB ($4.14 in chips) 
yarikkkkk: posts small blind $0.02
iExploler: posts big blind $0.05
*** HOLE CARDS ***
Dealt to HubertusB [3s 7h]
nbcola_whG: folds 
Pipskiy: folds 
HubertusB: folds 
Martin.ar195: raises $0.05 to $0.10
yarikkkkk: folds 
iExploler: folds 
Uncalled bet ($0.05) returned to Martin.ar195
Martin.ar195 collected $0.12 from pot
Martin.ar195: doesn't show hand 
*** SUMMARY ***
Total pot $0.12 | Rake $0 
Seat 1: Martin.ar195 (button) collected ($0.12)
Seat 2: yarikkkkk (small blind) folded before Flop
Seat 3: iExploler (big blind) folded before Flop
Seat 4: nbcola_whG folded before Flop (didn't bet)
Seat 5: Pipskiy folded before Flop (didn't bet)
Seat 6: HubertusB folded before Flop (didn't bet)



PokerStars Zoom Hand #185132687475:  Hold'em No Limit ($0.02/$0.05) - 2018/04/12 22:47:11 CCT [2018/04/12 10:47:11 ET]
Table 'Donati' 6-max Seat #1 is the button
Seat 1: YourSoWrong ($12.79 in chips) 
Seat 2: tofsty ($20.16 in chips) 
Seat 3: Decoyy ($24.89 in chips) 
Seat 4: HubertusB ($4.14 in chips) 
Seat 5: n7ch13l ($5.47 in chips) 
Seat 6: JekaBetterThenU ($5.47 in chips) 
tofsty: posts small blind $0.02
Decoyy: posts big blind $0.05
*** HOLE CARDS ***
Dealt to HubertusB [6s 4h]
HubertusB: folds 
n7ch13l: raises $0.07 to $0.12
JekaBetterThenU: folds 
YourSoWrong: folds 
tofsty: folds 
Decoyy: folds 
Uncalled bet ($0.07) returned to n7ch13l
n7ch13l collected $0.12 from pot
n7ch13l: doesn't show hand 
*** SUMMARY ***
Total pot $0.12 | Rake $0 
Seat 1: YourSoWrong (button) folded before Flop (didn't bet)
Seat 2: tofsty (small blind) folded before Flop
Seat 3: Decoyy (big blind) folded before Flop
Seat 4: HubertusB folded before Flop (didn't bet)
Seat 5: n7ch13l collected ($0.12)
Seat 6: JekaBetterThenU folded before Flop (didn't bet)



PokerStars Zoom Hand #185132693316:  Hold'em No Limit ($0.02/$0.05) - 2018/04/12 22:47:22 CCT [2018/04/12 10:47:22 ET]
Table 'Donati' 6-max Seat #1 is the button
Seat 1: HubertusB ($4.12 in chips) 
Seat 2: hhakken ($8.10 in chips) 
Seat 3: Sulim_Street ($5.04 in chips) 
Seat 4: FiliusSatani ($6.43 in chips) 
Seat 5: Chipologie ($9.33 in chips) 
Seat 6: falcao991 ($5 in chips) 
hhakken: posts small blind $0.02
Sulim_Street: posts big blind $0.05
*** HOLE CARDS ***
Dealt to HubertusB [4d 8c]
FiliusSatani: folds 
Chipologie: folds 
falcao991: folds 
HubertusB: folds 
hhakken: folds 
Uncalled bet ($0.03) returned to Sulim_Street
Sulim_Street collected $0.04 from pot
Sulim_Street: doesn't show hand 
*** SUMMARY ***
Total pot $0.04 | Rake $0 
Seat 1: HubertusB (button) folded before Flop (didn't bet)
Seat 2: hhakken (small blind) folded before Flop
Seat 3: Sulim_Street (big blind) collected ($0.04)
Seat 4: FiliusSatani folded before Flop (didn't bet)
Seat 5: Chipologie folded before Flop (didn't bet)
Seat 6: falcao991 folded before Flop (didn't bet)



PokerStars Zoom Hand #185132690140:  Hold'em No Limit ($0.02/$0.05) - 2018/04/12 22:47:16 CCT [2018/04/12 10:47:16 ET]
Table 'Donati' 6-max Seat #1 is the button
Seat 1: TKoniWolf ($5 in chips) 
Seat 2: HubertusB ($4.14 in chips) 
Seat 3: PandaAs ($5.07 in chips) 
Seat 4: kryfi124 ($4.99 in chips) 
Seat 5: Manner]Pig ($6.49 in chips) 
Seat 6: Klim514 ($9.60 in chips) 
HubertusB: posts small blind $0.02
PandaAs: posts big blind $0.05
*** HOLE CARDS ***
Dealt to HubertusB [2h Jh]
kryfi124: folds 
Manner]Pig: folds 
Klim514: folds 
TKoniWolf: raises $0.07 to $0.12
HubertusB: folds 
PandaAs: folds 
Uncalled bet ($0.07) returned to TKoniWolf
TKoniWolf collected $0.12 from pot
TKoniWolf: doesn't show hand 
*** SUMMARY ***
Total pot $0.12 | Rake $0 
Seat 1: TKoniWolf (button) collected ($0.12)
Seat 2: HubertusB (small blind) folded before Flop
Seat 3: PandaAs (big blind) folded before Flop
Seat 4: kryfi124 folded before Flop (didn't bet)
Seat 5: Manner]Pig folded before Flop (didn't bet)
Seat 6: Klim514 folded before Flop (didn't bet)



PokerStars Zoom Hand #185132696580:  Hold'em No Limit ($0.02/$0.05) - 2018/04/12 22:47:28 CCT [2018/04/12 10:47:28 ET]
Table 'Donati' 6-max Seat #1 is the button
Seat 1: zmss ($5 in chips) 
Seat 2: danaddie ($4.83 in chips) 
Seat 3: ros-krivbass ($5.94 in chips) 
Seat 4: Draber06 ($6.37 in chips) 
Seat 5: HubertusB ($4.12 in chips) 
Seat 6: LeXPSU ($19.86 in chips) 
danaddie: posts small blind $0.02
ros-krivbass: posts big blind $0.05
*** HOLE CARDS ***
Dealt to HubertusB [Ks 9c]
Draber06: raises $0.09 to $0.14
HubertusB: folds 
LeXPSU: folds 
zmss: folds 
danaddie: folds 
ros-krivbass: folds 
Uncalled bet ($0.09) returned to Draber06
Draber06 collected $0.12 from pot
Draber06: doesn't show hand 
*** SUMMARY ***
Total pot $0.12 | Rake $0 
Seat 1: zmss (button) folded before Flop (didn't bet)
Seat 2: danaddie (small blind) folded before Flop
Seat 3: ros-krivbass (big blind) folded before Flop
Seat 4: Draber06 collected ($0.12)
Seat 5: HubertusB folded before Flop (didn't bet)
Seat 6: LeXPSU folded before Flop (didn't bet)



PokerStars Zoom Hand #185132699754:  Hold'em No Limit ($0.02/$0.05) - 2018/04/12 22:47:34 CCT [2018/04/12 10:47:34 ET]
Table 'Donati' 6-max Seat #1 is the button
Seat 1: z0p12000 ($2.43 in chips) 
Seat 2: pulsner78 ($14.51 in chips) 
Seat 3: HubertusB ($4.12 in chips) 
Seat 4: aas79aas ($5.60 in chips) 
Seat 5: falcao991 ($5.18 in chips) 
Seat 6: khalatov ($5.97 in chips) 
pulsner78: posts small blind $0.02
HubertusB: posts big blind $0.05
*** HOLE CARDS ***
Dealt to HubertusB [Jh Ad]
aas79aas: folds 
falcao991: folds 
khalatov: folds 
z0p12000: calls $0.05
pulsner78: folds 
HubertusB: raises $0.20 to $0.25
z0p12000: folds 
Uncalled bet ($0.20) returned to HubertusB
HubertusB collected $0.12 from pot
HubertusB: doesn't show hand 
*** SUMMARY ***
Total pot $0.12 | Rake $0 
Seat 1: z0p12000 (button) folded before Flop
Seat 2: pulsner78 (small blind) folded before Flop
Seat 3: HubertusB (big blind) collected ($0.12)
Seat 4: aas79aas folded before Flop (didn't bet)
Seat 5: falcao991 folded before Flop (didn't bet)
Seat 6: khalatov folded before Flop (didn't bet)



PokerStars Zoom Hand #185132711617:  Hold'em No Limit ($0.02/$0.05) - 2018/04/12 22:47:56 CCT [2018/04/12 10:47:56 ET]
Table 'Donati' 6-max Seat #1 is the button
Seat 1: 23foraobaton ($3.71 in chips) 
Seat 2: kemps03 ($5.02 in chips) 
Seat 3: HubertusB ($4.19 in chips) 
Seat 4: casmunk93 ($7.82 in chips) 
Seat 5: xodyac ($5 in chips) 
Seat 6: ziziyo115 ($6.24 in chips) 
kemps03: posts small blind $0.02
HubertusB: posts big blind $0.05
*** HOLE CARDS ***
Dealt to HubertusB [Qc 5c]
casmunk93: folds 
xodyac: folds 
ziziyo115: raises $0.07 to $0.12
23foraobaton: folds 
kemps03: folds 
HubertusB: folds 
Uncalled bet ($0.07) returned to ziziyo115
ziziyo115 collected $0.12 from pot
ziziyo115: doesn't show hand 
*** SUMMARY ***
Total pot $0.12 | Rake $0 
Seat 1: 23foraobaton (button) folded before Flop (didn't bet)
Seat 2: kemps03 (small blind) folded before Flop
Seat 3: HubertusB (big blind) folded before Flop
Seat 4: casmunk93 folded before Flop (didn't bet)
Seat 5: xodyac folded before Flop (didn't bet)
Seat 6: ziziyo115 collected ($0.12)



PokerStars Zoom Hand #185132708426:  Hold'em No Limit ($0.02/$0.05) - 2018/04/12 22:47:50 CCT [2018/04/12 10:47:50 ET]
Table 'Donati' 6-max Seat #1 is the button
Seat 1: emo114 ($6.50 in chips) 
Seat 2: mars714 ($5.13 in chips) 
Seat 3: Drudkh88 ($6.69 in chips) 
Seat 4: positionlimp ($12.53 in chips) 
Seat 5: b00ger999 ($5 in chips) 
Seat 6: HubertusB ($4.19 in chips) 
mars714: posts small blind $0.02
Drudkh88: posts big blind $0.05
*** HOLE CARDS ***
Dealt to HubertusB [9d Qc]
positionlimp: folds 
b00ger999: folds 
HubertusB: folds 
emo114: folds 
mars714: raises $0.10 to $0.15
Drudkh88: calls $0.10
*** FLOP *** [Jd 5h As]
mars714: bets $0.30
Drudkh88: folds 
Uncalled bet ($0.30) returned to mars714
mars714 collected $0.29 from pot
mars714: doesn't show hand 
*** SUMMARY ***
Total pot $0.30 | Rake $0.01 
Board [Jd 5h As]
Seat 1: emo114 (button) folded before Flop (didn't bet)
Seat 2: mars714 (small blind) collected ($0.29)
Seat 3: Drudkh88 (big blind) folded on the Flop
Seat 4: positionlimp folded before Flop (didn't bet)
Seat 5: b00ger999 folded before Flop (didn't bet)
Seat 6: HubertusB folded before Flop (didn't bet)



PokerStars Zoom Hand #185132717086:  Hold'em No Limit ($0.02/$0.05) - 2018/04/12 22:48:06 CCT [2018/04/12 10:48:06 ET]
Table 'Donati' 6-max Seat #1 is the button
Seat 1: JORDYLEON ($5.39 in chips) 
Seat 2: Bubulo ($5.02 in chips) 
Seat 3: german_got ($7.92 in chips) 
Seat 4: STAIRUS1989 ($8.42 in chips) 
Seat 5: EdelsonPC ($13.14 in chips) 
Seat 6: HubertusB ($4.14 in chips) 
Bubulo: posts small blind $0.02
german_got: posts big blind $0.05
*** HOLE CARDS ***
Dealt to HubertusB [8c Ah]
STAIRUS1989: folds 
EdelsonPC: raises $0.10 to $0.15
HubertusB: folds 
JORDYLEON: folds 
Bubulo: folds 
german_got: calls $0.10
*** FLOP *** [7h Ts 4d]
german_got: checks 
EdelsonPC: checks 
*** TURN *** [7h Ts 4d] [Qd]
german_got: checks 
EdelsonPC: checks 
*** RIVER *** [7h Ts 4d Qd] [Td]
german_got: checks 
EdelsonPC: checks 
*** SHOW DOWN ***
german_got: shows [As 3s] (a pair of Tens)
EdelsonPC: shows [5s 5h] (two pair, Tens and Fives)
EdelsonPC collected $0.31 from pot
*** SUMMARY ***
Total pot $0.32 | Rake $0.01 
Board [7h Ts 4d Qd Td]
Seat 1: JORDYLEON (button) folded before Flop (didn't bet)
Seat 2: Bubulo (small blind) folded before Flop
Seat 3: german_got (big blind) showed [As 3s] and lost with a pair of Tens
Seat 4: STAIRUS1989 folded before Flop (didn't bet)
Seat 5: EdelsonPC showed [5s 5h] and won ($0.31) with two pair, Tens and Fives
Seat 6: HubertusB folded before Flop (didn't bet)



PokerStars Zoom Hand #185132720178:  Hold'em No Limit ($0.02/$0.05) - 2018/04/12 22:48:12 CCT [2018/04/12 10:48:12 ET]
Table 'Donati' 6-max Seat #1 is the button
Seat 1: Mewars ($6.51 in chips) 
Seat 2: HubertusB ($4.14 in chips) 
Seat 3: rossiton ($11 in chips) 
Seat 4: Alvares_Lins ($5.83 in chips) 
Seat 5: hcpalli ($9.88 in chips) 
Seat 6: 40beat ($5.54 in chips) 
HubertusB: posts small blind $0.02
rossiton: posts big blind $0.05
*** HOLE CARDS ***
Dealt to HubertusB [6h 6d]
Alvares_Lins: raises $0.10 to $0.15
hcpalli: folds 
40beat: folds 
Mewars: calls $0.15
HubertusB: calls $0.13
rossiton: folds 
*** FLOP *** [Ts 2d 5h]
HubertusB: checks 
Alvares_Lins: bets $0.25
Mewars: folds 
HubertusB: raises $0.40 to $0.65
Alvares_Lins: folds 
Uncalled bet ($0.40) returned to HubertusB
HubertusB collected $0.96 from pot
HubertusB: doesn't show hand 
*** SUMMARY ***
Total pot $1 | Rake $0.04 
Board [Ts 2d 5h]
Seat 1: Mewars (button) folded on the Flop
Seat 2: HubertusB (small blind) collected ($0.96)
Seat 3: rossiton (big blind) folded before Flop
Seat 4: Alvares_Lins folded on the Flop
Seat 5: hcpalli folded before Flop (didn't bet)
Seat 6: 40beat folded before Flop (didn't bet)



PokerStars Zoom Hand #185132759672:  Hold'em No Limit ($0.02/$0.05) - 2018/04/12 22:49:25 CCT [2018/04/12 10:49:25 ET]
Table 'Donati' 6-max Seat #1 is the button
Seat 1: yarikkkkk ($11.76 in chips) 
Seat 2: vlad oleynik ($7.18 in chips) 
Seat 3: Mantaz ($11.63 in chips) 
Seat 4: AleyF ($7.85 in chips) 
Seat 5: HubertusB ($4.70 in chips) 
Seat 6: H0bbsy555 ($3.53 in chips) 
vlad oleynik: posts small blind $0.02
Mantaz: posts big blind $0.05
*** HOLE CARDS ***
Dealt to HubertusB [Jh 5h]
AleyF: folds 
HubertusB: folds 
H0bbsy555: folds 
yarikkkkk: raises $0.07 to $0.12
vlad oleynik: folds 
Mantaz: folds 
Uncalled bet ($0.07) returned to yarikkkkk
yarikkkkk collected $0.12 from pot
yarikkkkk: doesn't show hand 
*** SUMMARY ***
Total pot $0.12 | Rake $0 
Seat 1: yarikkkkk (button) collected ($0.12)
Seat 2: vlad oleynik (small blind) folded before Flop
Seat 3: Mantaz (big blind) folded before Flop
Seat 4: AleyF folded before Flop (didn't bet)
Seat 5: HubertusB folded before Flop (didn't bet)
Seat 6: H0bbsy555 folded before Flop (didn't bet)



PokerStars Zoom Hand #185132762950:  Hold'em No Limit ($0.02/$0.05) - 2018/04/12 22:49:31 CCT [2018/04/12 10:49:31 ET]
Table 'Donati' 6-max Seat #1 is the button
Seat 1: PandaAs ($5.78 in chips) 
Seat 2: Sazkanamor ($6.26 in chips) 
Seat 3: kon_tss1 ($8.21 in chips) 
Seat 4: HubertusB ($4.70 in chips) 
Seat 5: Jeff C Pipe ($5.67 in chips) 
Seat 6: TKoniWolf ($5.18 in chips) 
Sazkanamor: posts small blind $0.02
kon_tss1: posts big blind $0.05
*** HOLE CARDS ***
Dealt to HubertusB [Js Kd]
HubertusB: folds 
Jeff C Pipe: folds 
TKoniWolf: folds 
PandaAs: folds 
Sazkanamor: folds 
Uncalled bet ($0.03) returned to kon_tss1
kon_tss1 collected $0.04 from pot
kon_tss1: doesn't show hand 
*** SUMMARY ***
Total pot $0.04 | Rake $0 
Seat 1: PandaAs (button) folded before Flop (didn't bet)
Seat 2: Sazkanamor (small blind) folded before Flop
Seat 3: kon_tss1 (big blind) collected ($0.04)
Seat 4: HubertusB folded before Flop (didn't bet)
Seat 5: Jeff C Pipe folded before Flop (didn't bet)
Seat 6: TKoniWolf folded before Flop (didn't bet)



PokerStars Zoom Hand #185132766199:  Hold'em No Limit ($0.02/$0.05) - 2018/04/12 22:49:37 CCT [2018/04/12 10:49:37 ET]
Table 'Donati' 6-max Seat #1 is the button
Seat 1: KarLiLE ($6.57 in chips) 
Seat 2: Opushtencija ($8.53 in chips) 
Seat 3: kon_tss1 ($5 in chips) 
Seat 4: yotpoker ($16.88 in chips) 
Seat 5: HubertusB ($4.70 in chips) 
Seat 6: *AlPl*998 ($6.07 in chips) 
Opushtencija: posts small blind $0.02
kon_tss1: posts big blind $0.05
*** HOLE CARDS ***
Dealt to HubertusB [5d 4d]
yotpoker: folds 
HubertusB: raises $0.05 to $0.10
*AlPl*998: folds 
KarLiLE: folds 
Opushtencija: folds 
kon_tss1: folds 
Uncalled bet ($0.05) returned to HubertusB
HubertusB collected $0.12 from pot
HubertusB: doesn't show hand 
*** SUMMARY ***
Total pot $0.12 | Rake $0 
Seat 1: KarLiLE (button) folded before Flop (didn't bet)
Seat 2: Opushtencija (small blind) folded before Flop
Seat 3: kon_tss1 (big blind) folded before Flop
Seat 4: yotpoker folded before Flop (didn't bet)
Seat 5: HubertusB collected ($0.12)
Seat 6: *AlPl*998 folded before Flop (didn't bet)



PokerStars Zoom Hand #185132756421:  Hold'em No Limit ($0.02/$0.05) - 2018/04/12 22:49:19 CCT [2018/04/12 10:49:19 ET]
Table 'Donati' 6-max Seat #1 is the button
Seat 1: HubertusB ($4.70 in chips) 
Seat 2: zmss ($6.22 in chips) 
Seat 3: Hr.Berti007 ($5.82 in chips) 
Seat 4: Tiago pk168 ($11.66 in chips) 
Seat 5: Slavon4ik UA ($5 in chips) 
Seat 6: san4o74 ($4.63 in chips) 
zmss: posts small blind $0.02
Hr.Berti007: posts big blind $0.05
*** HOLE CARDS ***
Dealt to HubertusB [5c Td]
Tiago pk168: folds 
Slavon4ik UA: folds 
san4o74: folds 
HubertusB: folds 
zmss: raises $0.10 to $0.15
Hr.Berti007: calls $0.10
*** FLOP *** [Jc Ah 3s]
zmss: bets $0.20
Hr.Berti007: calls $0.20
*** TURN *** [Jc Ah 3s] [9c]
zmss: checks 
Hr.Berti007: bets $0.05
zmss: calls $0.05
*** RIVER *** [Jc Ah 3s 9c] [2h]
zmss: checks 
Hr.Berti007: bets $0.39
zmss: folds 
Uncalled bet ($0.39) returned to Hr.Berti007
Hr.Berti007 collected $0.77 from pot
Hr.Berti007: doesn't show hand 
*** SUMMARY ***
Total pot $0.80 | Rake $0.03 
Board [Jc Ah 3s 9c 2h]
Seat 1: HubertusB (button) folded before Flop (didn't bet)
Seat 2: zmss (small blind) folded on the River
Seat 3: Hr.Berti007 (big blind) collected ($0.77)
Seat 4: Tiago pk168 folded before Flop (didn't bet)
Seat 5: Slavon4ik UA folded before Flop (didn't bet)
Seat 6: san4o74 folded before Flop (didn't bet)



PokerStars Zoom Hand #185132773230:  Hold'em No Limit ($0.02/$0.05) - 2018/04/12 22:49:50 CCT [2018/04/12 10:49:50 ET]
Table 'Donati' 6-max Seat #1 is the button
Seat 1: Nxt1pls ($2.89 in chips) 
Seat 2: Bleight23 ($10.94 in chips) 
Seat 3: gavin242 ($4.18 in chips) 
Seat 4: HubertusB ($4.77 in chips) 
Seat 5: Hr.Berti007 ($6.19 in chips) 
Seat 6: igor29arh ($5.91 in chips) 
Bleight23: posts small blind $0.02
gavin242: posts big blind $0.05
*** HOLE CARDS ***
Dealt to HubertusB [5d 8d]
HubertusB: folds 
Hr.Berti007: folds 
igor29arh: folds 
Nxt1pls: raises $0.06 to $0.11
Bleight23: folds 
gavin242: calls $0.06
*** FLOP *** [2h Jc 6c]
gavin242: checks 
Nxt1pls: bets $0.13
gavin242: folds 
Uncalled bet ($0.13) returned to Nxt1pls
Nxt1pls collected $0.23 from pot
Nxt1pls: doesn't show hand 
*** SUMMARY ***
Total pot $0.24 | Rake $0.01 
Board [2h Jc 6c]
Seat 1: Nxt1pls (button) collected ($0.23)
Seat 2: Bleight23 (small blind) folded before Flop
Seat 3: gavin242 (big blind) folded on the Flop
Seat 4: HubertusB folded before Flop (didn't bet)
Seat 5: Hr.Berti007 folded before Flop (didn't bet)
Seat 6: igor29arh folded before Flop (didn't bet)



PokerStars Zoom Hand #185132776474:  Hold'em No Limit ($0.02/$0.05) - 2018/04/12 22:49:56 CCT [2018/04/12 10:49:56 ET]
Table 'Donati' 6-max Seat #1 is the button
Seat 1: tiga92 ($5 in chips) 
Seat 2: Dokerokk23 ($5.09 in chips) 
Seat 3: emo114 ($5.35 in chips) 
Seat 4: krh1997 ($10.88 in chips) 
Seat 5: Manner]Pig ($5.15 in chips) 
Seat 6: HubertusB ($4.77 in chips) 
Dokerokk23: posts small blind $0.02
emo114: posts big blind $0.05
*** HOLE CARDS ***
Dealt to HubertusB [Qd Td]
krh1997: folds 
Manner]Pig: folds 
HubertusB: raises $0.05 to $0.10
tiga92: folds 
Dokerokk23: folds 
emo114: calls $0.05
*** FLOP *** [7d Kc 6s]
emo114: checks 
HubertusB: checks 
*** TURN *** [7d Kc 6s] [3d]
emo114: checks 
HubertusB: bets $0.15
emo114: folds 
Uncalled bet ($0.15) returned to HubertusB
HubertusB collected $0.21 from pot
HubertusB: doesn't show hand 
*** SUMMARY ***
Total pot $0.22 | Rake $0.01 
Board [7d Kc 6s 3d]
Seat 1: tiga92 (button) folded before Flop (didn't bet)
Seat 2: Dokerokk23 (small blind) folded before Flop
Seat 3: emo114 (big blind) folded on the Turn
Seat 4: krh1997 folded before Flop (didn't bet)
Seat 5: Manner]Pig folded before Flop (didn't bet)
Seat 6: HubertusB collected ($0.21)



PokerStars Zoom Hand #185132799085:  Hold'em No Limit ($0.02/$0.05) - 2018/04/12 22:50:38 CCT [2018/04/12 10:50:38 ET]
Table 'Donati' 6-max Seat #1 is the button
Seat 1: Webb2K7 ($5 in chips) 
Seat 2: Baumhausmann ($4.63 in chips) 
Seat 3: HubertusB ($4.88 in chips) 
Seat 4: Spartak985 ($5.70 in chips) 
Seat 5: wyty521 ($5.81 in chips) 
Seat 6: KarLiLE ($5.47 in chips) 
Baumhausmann: posts small blind $0.02
HubertusB: posts big blind $0.05
*** HOLE CARDS ***
Dealt to HubertusB [2c 5h]
Spartak985: folds 
wyty521: raises $0.10 to $0.15
KarLiLE: folds 
Webb2K7: folds 
Baumhausmann: folds 
HubertusB: folds 
Uncalled bet ($0.10) returned to wyty521
wyty521 collected $0.12 from pot
wyty521: doesn't show hand 
*** SUMMARY ***
Total pot $0.12 | Rake $0 
Seat 1: Webb2K7 (button) folded before Flop (didn't bet)
Seat 2: Baumhausmann (small blind) folded before Flop
Seat 3: HubertusB (big blind) folded before Flop
Seat 4: Spartak985 folded before Flop (didn't bet)
Seat 5: wyty521 collected ($0.12)
Seat 6: KarLiLE folded before Flop (didn't bet)



PokerStars Zoom Hand #185132806670:  Hold'em No Limit ($0.02/$0.05) - 2018/04/12 22:50:52 CCT [2018/04/12 10:50:52 ET]
Table 'Donati' 6-max Seat #1 is the button
Seat 1: olliole ($5 in chips) 
Seat 2: HubertusB ($4.83 in chips) 
Seat 3: Aleks071rus ($6.25 in chips) 
Seat 4: JekaBetterThenU ($6.12 in chips) 
Seat 5: JORDYLEON ($5.91 in chips) 
Seat 6: Dokerokk23 ($6.61 in chips) 
HubertusB: posts small blind $0.02
Aleks071rus: posts big blind $0.05
*** HOLE CARDS ***
Dealt to HubertusB [Jd Jc]
JekaBetterThenU: folds 
JORDYLEON: folds 
Dokerokk23: folds 
olliole: raises $0.06 to $0.11
HubertusB: raises $0.19 to $0.30
Aleks071rus: folds 
olliole: calls $0.19
*** FLOP *** [2c 6s 2h]
HubertusB: bets $0.26
olliole: calls $0.26
*** TURN *** [2c 6s 2h] [Kc]
HubertusB: checks 
olliole: checks 
*** RIVER *** [2c 6s 2h Kc] [7c]
HubertusB: bets $0.62
olliole: folds 
Uncalled bet ($0.62) returned to HubertusB
HubertusB collected $1.12 from pot
HubertusB: doesn't show hand 
*** SUMMARY ***
Total pot $1.17 | Rake $0.05 
Board [2c 6s 2h Kc 7c]
Seat 1: olliole (button) folded on the River
Seat 2: HubertusB (small blind) collected ($1.12)
Seat 3: Aleks071rus (big blind) folded before Flop
Seat 4: JekaBetterThenU folded before Flop (didn't bet)
Seat 5: JORDYLEON folded before Flop (didn't bet)
Seat 6: Dokerokk23 folded before Flop (didn't bet)



PokerStars Zoom Hand #185132856392:  Hold'em No Limit ($0.02/$0.05) - 2018/04/12 22:52:24 CCT [2018/04/12 10:52:24 ET]
Table 'Donati' 6-max Seat #1 is the button
Seat 1: pkr_str3368 ($6.55 in chips) 
Seat 2: HubertusB ($5.39 in chips) 
Seat 3: Cikoo 9 ($4.48 in chips) 
Seat 4: ryo_tsubo ($6.06 in chips) 
Seat 5: Bleight23 ($11.08 in chips) 
Seat 6: zouubdiao ($7.41 in chips) 
HubertusB: posts small blind $0.02
Cikoo 9: posts big blind $0.05
*** HOLE CARDS ***
Dealt to HubertusB [2c Ah]
ryo_tsubo: folds 
Bleight23: folds 
zouubdiao: folds 
pkr_str3368: folds 
HubertusB: folds 
Uncalled bet ($0.03) returned to Cikoo 9
Cikoo 9 collected $0.04 from pot
Cikoo 9: doesn't show hand 
*** SUMMARY ***
Total pot $0.04 | Rake $0 
Seat 1: pkr_str3368 (button) folded before Flop (didn't bet)
Seat 2: HubertusB (small blind) folded before Flop
Seat 3: Cikoo 9 (big blind) collected ($0.04)
Seat 4: ryo_tsubo folded before Flop (didn't bet)
Seat 5: Bleight23 folded before Flop (didn't bet)
Seat 6: zouubdiao folded before Flop (didn't bet)



PokerStars Zoom Hand #185132846069:  Hold'em No Limit ($0.02/$0.05) - 2018/04/12 22:52:05 CCT [2018/04/12 10:52:05 ET]
Table 'Donati' 6-max Seat #1 is the button
Seat 1: HubertusB ($5.39 in chips) 
Seat 2: Roman197430 ($5.09 in chips) 
Seat 3: JORDYLEON ($5.53 in chips) 
Seat 4: zmss ($6.05 in chips) 
Seat 5: sen@kin ($5 in chips) 
Seat 6: poshla_nazuy ($10.33 in chips) 
Roman197430: posts small blind $0.02
JORDYLEON: posts big blind $0.05
*** HOLE CARDS ***
Dealt to HubertusB [2c 5s]
zmss: folds 
sen@kin: folds 
poshla_nazuy: raises $0.07 to $0.12
HubertusB: folds 
Roman197430: folds 
JORDYLEON: folds 
Uncalled bet ($0.07) returned to poshla_nazuy
poshla_nazuy collected $0.12 from pot
poshla_nazuy: doesn't show hand 
*** SUMMARY ***
Total pot $0.12 | Rake $0 
Seat 1: HubertusB (button) folded before Flop (didn't bet)
Seat 2: Roman197430 (small blind) folded before Flop
Seat 3: JORDYLEON (big blind) folded before Flop
Seat 4: zmss folded before Flop (didn't bet)
Seat 5: sen@kin folded before Flop (didn't bet)
Seat 6: poshla_nazuy collected ($0.12)



PokerStars Zoom Hand #185132849327:  Hold'em No Limit ($0.02/$0.05) - 2018/04/12 22:52:11 CCT [2018/04/12 10:52:11 ET]
Table 'Donati' 6-max Seat #1 is the button
Seat 1: Baumhausmann ($5.71 in chips) 
Seat 2: fiat.678 ($4.66 in chips) 
Seat 3: BigMoney964 ($12.71 in chips) 
Seat 4: grigoryan2114 ($7.34 in chips) 
Seat 5: HubertusB ($5.39 in chips) 
Seat 6: yarikkkkk ($8.40 in chips) 
fiat.678: posts small blind $0.02
BigMoney964: posts big blind $0.05
*** HOLE CARDS ***
Dealt to HubertusB [2h 7c]
grigoryan2114: folds 
HubertusB: folds 
yarikkkkk: folds 
Baumhausmann: raises $0.10 to $0.15
fiat.678: folds 
BigMoney964: raises $0.35 to $0.50
Baumhausmann: folds 
Uncalled bet ($0.35) returned to BigMoney964
BigMoney964 collected $0.32 from pot
BigMoney964: doesn't show hand 
*** SUMMARY ***
Total pot $0.32 | Rake $0 
Seat 1: Baumhausmann (button) folded before Flop
Seat 2: fiat.678 (small blind) folded before Flop
Seat 3: BigMoney964 (big blind) collected ($0.32)
Seat 4: grigoryan2114 folded before Flop (didn't bet)
Seat 5: HubertusB folded before Flop (didn't bet)
Seat 6: yarikkkkk folded before Flop (didn't bet)



PokerStars Zoom Hand #185132852000:  Hold'em No Limit ($0.02/$0.05) - 2018/04/12 22:52:16 CCT [2018/04/12 10:52:16 ET]
Table 'Donati' 6-max Seat #1 is the button
Seat 1: Sshaggs ($2.80 in chips) 
Seat 2: ryo_tsubo ($6.08 in chips) 
Seat 3: Fliegenpilz3 ($9.67 in chips) 
Seat 4: HubertusB ($5.39 in chips) 
Seat 5: born8sleepy ($5 in chips) 
Seat 6: KarLiLE ($5.42 in chips) 
ryo_tsubo: posts small blind $0.02
Fliegenpilz3: posts big blind $0.05
*** HOLE CARDS ***
Dealt to HubertusB [Ah 3s]
HubertusB: folds 
born8sleepy: folds 
KarLiLE: folds 
Sshaggs: calls $0.05
ryo_tsubo: folds 
Fliegenpilz3: checks 
*** FLOP *** [Ts Js 2s]
Fliegenpilz3: checks 
Sshaggs: checks 
*** TURN *** [Ts Js 2s] [8c]
Fliegenpilz3: checks 
Sshaggs: checks 
*** RIVER *** [Ts Js 2s 8c] [Jd]
Fliegenpilz3: checks 
Sshaggs: bets $0.06
Fliegenpilz3: folds 
Uncalled bet ($0.06) returned to Sshaggs
Sshaggs collected $0.12 from pot
Sshaggs: doesn't show hand 
*** SUMMARY ***
Total pot $0.12 | Rake $0 
Board [Ts Js 2s 8c Jd]
Seat 1: Sshaggs (button) collected ($0.12)
Seat 2: ryo_tsubo (small blind) folded before Flop
Seat 3: Fliegenpilz3 (big blind) folded on the River
Seat 4: HubertusB folded before Flop (didn't bet)
Seat 5: born8sleepy folded before Flop (didn't bet)
Seat 6: KarLiLE folded before Flop (didn't bet)



PokerStars Zoom Hand #185132860619:  Hold'em No Limit ($0.02/$0.05) - 2018/04/12 22:52:32 CCT [2018/04/12 10:52:32 ET]
Table 'Donati' 6-max Seat #1 is the button
Seat 1: Russikk86 ($3.25 in chips) 
Seat 2: UruGabo ($17.12 in chips) 
Seat 3: HubertusB ($5.37 in chips) 
Seat 4: confirmedanc ($5.15 in chips) 
Seat 5: V1rtu()3 ($5 in chips) 
Seat 6: ziziyo115 ($5.22 in chips) 
UruGabo: posts small blind $0.02
HubertusB: posts big blind $0.05
*** HOLE CARDS ***
Dealt to HubertusB [Qh Ad]
confirmedanc: folds 
V1rtu()3: folds 
ziziyo115: folds 
Russikk86: raises $0.05 to $0.10
UruGabo: calls $0.08
HubertusB: raises $0.30 to $0.40
Russikk86: folds 
UruGabo: folds 
Uncalled bet ($0.30) returned to HubertusB
HubertusB collected $0.30 from pot
HubertusB: doesn't show hand 
*** SUMMARY ***
Total pot $0.30 | Rake $0 
Seat 1: Russikk86 (button) folded before Flop
Seat 2: UruGabo (small blind) folded before Flop
Seat 3: HubertusB (big blind) collected ($0.30)
Seat 4: confirmedanc folded before Flop (didn't bet)
Seat 5: V1rtu()3 folded before Flop (didn't bet)
Seat 6: ziziyo115 folded before Flop (didn't bet)



PokerStars Zoom Hand #185132876967:  Hold'em No Limit ($0.02/$0.05) - 2018/04/12 22:53:02 CCT [2018/04/12 10:53:02 ET]
Table 'Donati' 6-max Seat #1 is the button
Seat 1: BigMoney964 ($12.86 in chips) 
Seat 2: iololoshi ($1.06 in chips) 
Seat 3: kon_tss1 ($5.77 in chips) 
Seat 4: POMAHSuarez ($5 in chips) 
Seat 5: ken500uk ($7.71 in chips) 
Seat 6: HubertusB ($5.57 in chips) 
iololoshi: posts small blind $0.02
kon_tss1: posts big blind $0.05
*** HOLE CARDS ***
Dealt to HubertusB [7d Tc]
POMAHSuarez: folds 
ken500uk: folds 
HubertusB: folds 
BigMoney964: folds 
iololoshi: folds 
Uncalled bet ($0.03) returned to kon_tss1
kon_tss1 collected $0.04 from pot
kon_tss1: doesn't show hand 
*** SUMMARY ***
Total pot $0.04 | Rake $0 
Seat 1: BigMoney964 (button) folded before Flop (didn't bet)
Seat 2: iololoshi (small blind) folded before Flop
Seat 3: kon_tss1 (big blind) collected ($0.04)
Seat 4: POMAHSuarez folded before Flop (didn't bet)
Seat 5: ken500uk folded before Flop (didn't bet)
Seat 6: HubertusB folded before Flop (didn't bet)



PokerStars Zoom Hand #185132881240:  Hold'em No Limit ($0.02/$0.05) - 2018/04/12 22:53:10 CCT [2018/04/12 10:53:10 ET]
Table 'Donati' 6-max Seat #1 is the button
Seat 1: HubertusB ($5.57 in chips) 
Seat 2: igor29arh ($6.55 in chips) 
Seat 3: VOIT51 ($3 in chips) 
Seat 4: Sulim_Street ($4.98 in chips) 
Seat 5: Rassty1983 ($4.47 in chips) 
Seat 6: Knu2002 ($3.21 in chips) 
igor29arh: posts small blind $0.02
VOIT51: posts big blind $0.05
*** HOLE CARDS ***
Dealt to HubertusB [Td Qh]
Sulim_Street: folds 
Rassty1983: folds 
Knu2002: raises $0.05 to $0.10
HubertusB: calls $0.10
igor29arh: folds 
VOIT51: folds 
*** FLOP *** [Ts 5c Qs]
Knu2002: bets $0.15
HubertusB: raises $0.25 to $0.40
Knu2002: raises $0.95 to $1.35
HubertusB: raises $2.16 to $3.51
Knu2002: calls $1.76 and is all-in
Uncalled bet ($0.40) returned to HubertusB
*** TURN *** [Ts 5c Qs] [5d]
*** RIVER *** [Ts 5c Qs 5d] [Ah]
*** SHOW DOWN ***
Knu2002: shows [4s As] (two pair, Aces and Fives)
HubertusB: shows [Td Qh] (two pair, Queens and Tens)
Knu2002 collected $6.22 from pot
*** SUMMARY ***
Total pot $6.49 | Rake $0.27 
Board [Ts 5c Qs 5d Ah]
Seat 1: HubertusB (button) showed [Td Qh] and lost with two pair, Queens and Tens
Seat 2: igor29arh (small blind) folded before Flop
Seat 3: VOIT51 (big blind) folded before Flop
Seat 4: Sulim_Street folded before Flop (didn't bet)
Seat 5: Rassty1983 folded before Flop (didn't bet)
Seat 6: Knu2002 showed [4s As] and won ($6.22) with two pair, Aces and Fives



PokerStars Zoom Hand #185132917062:  Hold'em No Limit ($0.02/$0.05) - 2018/04/12 22:54:17 CCT [2018/04/12 10:54:17 ET]
Table 'Donati' 6-max Seat #1 is the button
Seat 1: Knu2002 ($6.22 in chips) 
Seat 2: winn3r99 ($8.34 in chips) 
Seat 3: AleyF ($9.08 in chips) 
Seat 4: HubertusB ($2.36 in chips) 
Seat 5: szczesniak87 ($8.47 in chips) 
Seat 6: pulsner78 ($13.93 in chips) 
winn3r99: posts small blind $0.02
AleyF: posts big blind $0.05
*** HOLE CARDS ***
Dealt to HubertusB [Jc Ah]
HubertusB: raises $0.10 to $0.15
szczesniak87: folds 
pulsner78: folds 
Knu2002 has timed out
Knu2002: folds 
winn3r99: folds 
AleyF: calls $0.10
*** FLOP *** [5c 8d 7c]
AleyF: checks 
HubertusB: checks 
*** TURN *** [5c 8d 7c] [4c]
AleyF: checks 
HubertusB: checks 
*** RIVER *** [5c 8d 7c 4c] [Jh]
AleyF: checks 
HubertusB: bets $0.15
AleyF: calls $0.15
*** SHOW DOWN ***
HubertusB: shows [Jc Ah] (a pair of Jacks)
AleyF: mucks hand 
HubertusB collected $0.59 from pot
*** SUMMARY ***
Total pot $0.62 | Rake $0.03 
Board [5c 8d 7c 4c Jh]
Seat 1: Knu2002 (button) folded before Flop (didn't bet)
Seat 2: winn3r99 (small blind) folded before Flop
Seat 3: AleyF (big blind) mucked [7s 9s]
Seat 4: HubertusB showed [Jc Ah] and won ($0.59) with a pair of Jacks
Seat 5: szczesniak87 folded before Flop (didn't bet)
Seat 6: pulsner78 folded before Flop (didn't bet)



PokerStars Zoom Hand #185132959575:  Hold'em No Limit ($0.02/$0.05) - 2018/04/12 22:55:41 CCT [2018/04/12 10:55:41 ET]
Table 'Donati' 6-max Seat #1 is the button
Seat 1: Vinegar2 ($6.31 in chips) 
Seat 2: LeXPSU ($13.27 in chips) 
Seat 3: n7ch13l ($5.56 in chips) 
Seat 4: Nxt1pls ($3.17 in chips) 
Seat 5: HubertusB ($2.65 in chips) 
Seat 6: san4o74 ($3.78 in chips) 
LeXPSU: posts small blind $0.02
n7ch13l: posts big blind $0.05
*** HOLE CARDS ***
Dealt to HubertusB [Qh 9s]
Nxt1pls: folds 
HubertusB: folds 
san4o74: folds 
Vinegar2: raises $0.05 to $0.10
LeXPSU: folds 
n7ch13l: folds 
Uncalled bet ($0.05) returned to Vinegar2
Vinegar2 collected $0.12 from pot
Vinegar2: doesn't show hand 
*** SUMMARY ***
Total pot $0.12 | Rake $0 
Seat 1: Vinegar2 (button) collected ($0.12)
Seat 2: LeXPSU (small blind) folded before Flop
Seat 3: n7ch13l (big blind) folded before Flop
Seat 4: Nxt1pls folded before Flop (didn't bet)
Seat 5: HubertusB folded before Flop (didn't bet)
Seat 6: san4o74 folded before Flop (didn't bet)



PokerStars Zoom Hand #185132956378:  Hold'em No Limit ($0.02/$0.05) - 2018/04/12 22:55:34 CCT [2018/04/12 10:55:34 ET]
Table 'Donati' 6-max Seat #1 is the button
Seat 1: Mazgod ($22.62 in chips) 
Seat 2: Krlle ($2.52 in chips) 
Seat 3: JekaBetterThenU ($6.07 in chips) 
Seat 4: MoraesK9 ($17.30 in chips) 
Seat 5: Spartak985 ($4.99 in chips) 
Seat 6: HubertusB ($2.65 in chips) 
Krlle: posts small blind $0.02
JekaBetterThenU: posts big blind $0.05
*** HOLE CARDS ***
Dealt to HubertusB [4s Jc]
MoraesK9: folds 
Spartak985: raises $0.10 to $0.15
HubertusB: folds 
Mazgod: folds 
Krlle: folds 
JekaBetterThenU: calls $0.10
*** FLOP *** [6h Jh 8s]
JekaBetterThenU: checks 
Spartak985: checks 
*** TURN *** [6h Jh 8s] [2d]
JekaBetterThenU: checks 
Spartak985: bets $0.31
JekaBetterThenU: folds 
Uncalled bet ($0.31) returned to Spartak985
Spartak985 collected $0.31 from pot
Spartak985: doesn't show hand 
*** SUMMARY ***
Total pot $0.32 | Rake $0.01 
Board [6h Jh 8s 2d]
Seat 1: Mazgod (button) folded before Flop (didn't bet)
Seat 2: Krlle (small blind) folded before Flop
Seat 3: JekaBetterThenU (big blind) folded on the Turn
Seat 4: MoraesK9 folded before Flop (didn't bet)
Seat 5: Spartak985 collected ($0.31)
Seat 6: HubertusB folded before Flop (didn't bet)



PokerStars Zoom Hand #185132961993:  Hold'em No Limit ($0.02/$0.05) - 2018/04/12 22:55:46 CCT [2018/04/12 10:55:46 ET]
Table 'Donati' 6-max Seat #1 is the button
Seat 1: Birbol ($5.60 in chips) 
Seat 2: 40beat ($5.58 in chips) 
Seat 3: HubertusB ($2.65 in chips) 
Seat 4: AasimA ($5.18 in chips) 
Seat 5: jackpot2104 ($5.14 in chips) 
Seat 6: Dariev ($6.53 in chips) 
40beat: posts small blind $0.02
HubertusB: posts big blind $0.05
*** HOLE CARDS ***
Dealt to HubertusB [9d 8c]
AasimA: folds 
jackpot2104: folds 
Dariev: folds 
Birbol: folds 
40beat: folds 
Uncalled bet ($0.03) returned to HubertusB
HubertusB collected $0.04 from pot
HubertusB: doesn't show hand 
*** SUMMARY ***
Total pot $0.04 | Rake $0 
Seat 1: Birbol (button) folded before Flop (didn't bet)
Seat 2: 40beat (small blind) folded before Flop
Seat 3: HubertusB (big blind) collected ($0.04)
Seat 4: AasimA folded before Flop (didn't bet)
Seat 5: jackpot2104 folded before Flop (didn't bet)
Seat 6: Dariev folded before Flop (didn't bet)



PokerStars Zoom Hand #185132967086:  Hold'em No Limit ($0.02/$0.05) - 2018/04/12 22:55:57 CCT [2018/04/12 10:55:57 ET]
Table 'Donati' 6-max Seat #1 is the button
Seat 1: pipecmolodec ($5 in chips) 
Seat 2: HubertusB ($2.67 in chips) 
Seat 3: Rusikbeowulf ($5.18 in chips) 
Seat 4: kamilson66 ($5.33 in chips) 
Seat 5: Dariev ($6.53 in chips) 
Seat 6: Draber06 ($5 in chips) 
HubertusB: posts small blind $0.02
Rusikbeowulf: posts big blind $0.05
*** HOLE CARDS ***
Dealt to HubertusB [9c Ac]
kamilson66: folds 
Dariev: folds 
Draber06: folds 
pipecmolodec: folds 
HubertusB: raises $0.08 to $0.13
Rusikbeowulf: folds 
Uncalled bet ($0.08) returned to HubertusB
HubertusB collected $0.10 from pot
HubertusB: doesn't show hand 
*** SUMMARY ***
Total pot $0.10 | Rake $0 
Seat 1: pipecmolodec (button) folded before Flop (didn't bet)
Seat 2: HubertusB (small blind) collected ($0.10)
Seat 3: Rusikbeowulf (big blind) folded before Flop
Seat 4: kamilson66 folded before Flop (didn't bet)
Seat 5: Dariev folded before Flop (didn't bet)
Seat 6: Draber06 folded before Flop (didn't bet)



PokerStars Zoom Hand #185132972996:  Hold'em No Limit ($0.02/$0.05) - 2018/04/12 22:56:10 CCT [2018/04/12 10:56:10 ET]
Table 'Donati' 6-max Seat #1 is the button
Seat 1: donn1987 ($4.86 in chips) 
Seat 2: tiga92 ($6.89 in chips) 
Seat 3: paulbare2654 ($0.99 in chips) 
Seat 4: sg.32rus ($8.44 in chips) 
Seat 5: HubertusB ($2.72 in chips) 
Seat 6: Yroslav Mudr ($17.56 in chips) 
tiga92: posts small blind $0.02
paulbare2654: posts big blind $0.05
*** HOLE CARDS ***
Dealt to HubertusB [Ks 5c]
sg.32rus: folds 
HubertusB: folds 
Yroslav Mudr: raises $0.05 to $0.10
donn1987: folds 
tiga92: folds 
paulbare2654: folds 
Uncalled bet ($0.05) returned to Yroslav Mudr
Yroslav Mudr collected $0.12 from pot
Yroslav Mudr: doesn't show hand 
*** SUMMARY ***
Total pot $0.12 | Rake $0 
Seat 1: donn1987 (button) folded before Flop (didn't bet)
Seat 2: tiga92 (small blind) folded before Flop
Seat 3: paulbare2654 (big blind) folded before Flop
Seat 4: sg.32rus folded before Flop (didn't bet)
Seat 5: HubertusB folded before Flop (didn't bet)
Seat 6: Yroslav Mudr collected ($0.12)



PokerStars Zoom Hand #185132975356:  Hold'em No Limit ($0.02/$0.05) - 2018/04/12 22:56:15 CCT [2018/04/12 10:56:15 ET]
Table 'Donati' 6-max Seat #1 is the button
Seat 1: HubertusB ($2.72 in chips) 
Seat 2: aurum4444 ($2.24 in chips) 
Seat 3: evGHENII85 ($5.30 in chips) 
Seat 4: Mars1502 ($5.07 in chips) 
Seat 5: Marian V. 31 ($5.85 in chips) 
Seat 6: Hr.Berti007 ($6.17 in chips) 
aurum4444: posts small blind $0.02
evGHENII85: posts big blind $0.05
*** HOLE CARDS ***
Dealt to HubertusB [4h Jc]
Mars1502: folds 
Marian V. 31: folds 
Hr.Berti007: folds 
HubertusB: folds 
aurum4444: calls $0.03
evGHENII85: checks 
*** FLOP *** [7s Ts 8h]
aurum4444: bets $0.05
evGHENII85: folds 
Uncalled bet ($0.05) returned to aurum4444
aurum4444 collected $0.10 from pot
aurum4444: doesn't show hand 
*** SUMMARY ***
Total pot $0.10 | Rake $0 
Board [7s Ts 8h]
Seat 1: HubertusB (button) folded before Flop (didn't bet)
Seat 2: aurum4444 (small blind) collected ($0.10)
Seat 3: evGHENII85 (big blind) folded on the Flop
Seat 4: Mars1502 folded before Flop (didn't bet)
Seat 5: Marian V. 31 folded before Flop (didn't bet)
Seat 6: Hr.Berti007 folded before Flop (didn't bet)



PokerStars Zoom Hand #185132978146:  Hold'em No Limit ($0.02/$0.05) - 2018/04/12 22:56:21 CCT [2018/04/12 10:56:21 ET]
Table 'Donati' 6-max Seat #1 is the button
Seat 1: Demon39888 ($6.78 in chips) 
Seat 2: jjtaro ($5 in chips) 
Seat 3: angry lynx ($2.43 in chips) 
Seat 4: HubertusB ($2.72 in chips) 
Seat 5: Regulev ($4.49 in chips) 
Seat 6: Marian V. 31 ($5.85 in chips) 
jjtaro: posts small blind $0.02
angry lynx: posts big blind $0.05
*** HOLE CARDS ***
Dealt to HubertusB [8d Tc]
HubertusB: folds 
Regulev: raises $0.05 to $0.10
Marian V. 31: folds 
Demon39888: folds 
jjtaro: folds 
angry lynx: folds 
Uncalled bet ($0.05) returned to Regulev
Regulev collected $0.12 from pot
Regulev: doesn't show hand 
*** SUMMARY ***
Total pot $0.12 | Rake $0 
Seat 1: Demon39888 (button) folded before Flop (didn't bet)
Seat 2: jjtaro (small blind) folded before Flop
Seat 3: angry lynx (big blind) folded before Flop
Seat 4: HubertusB folded before Flop (didn't bet)
Seat 5: Regulev collected ($0.12)
Seat 6: Marian V. 31 folded before Flop (didn't bet)



PokerStars Zoom Hand #185132980929:  Hold'em No Limit ($0.02/$0.05) - 2018/04/12 22:56:27 CCT [2018/04/12 10:56:27 ET]
Table 'Donati' 6-max Seat #1 is the button
Seat 1: born8sleepy ($5.11 in chips) 
Seat 2: MickHugZ ($5.11 in chips) 
Seat 3: HubertusB ($2.72 in chips) 
Seat 4: Greeeen03 ($3.91 in chips) 
Seat 5: SNEEKYpringle ($17.32 in chips) 
Seat 6: Catb0y ($4.23 in chips) 
MickHugZ: posts small blind $0.02
HubertusB: posts big blind $0.05
*** HOLE CARDS ***
Dealt to HubertusB [Qs Td]
Greeeen03: folds 
SNEEKYpringle: raises $0.10 to $0.15
Catb0y: folds 
born8sleepy: folds 
MickHugZ: folds 
HubertusB: folds 
Uncalled bet ($0.10) returned to SNEEKYpringle
SNEEKYpringle collected $0.12 from pot
SNEEKYpringle: doesn't show hand 
*** SUMMARY ***
Total pot $0.12 | Rake $0 
Seat 1: born8sleepy (button) folded before Flop (didn't bet)
Seat 2: MickHugZ (small blind) folded before Flop
Seat 3: HubertusB (big blind) folded before Flop
Seat 4: Greeeen03 folded before Flop (didn't bet)
Seat 5: SNEEKYpringle collected ($0.12)
Seat 6: Catb0y folded before Flop (didn't bet)



PokerStars Zoom Hand #185132984093:  Hold'em No Limit ($0.02/$0.05) - 2018/04/12 22:56:34 CCT [2018/04/12 10:56:34 ET]
Table 'Donati' 6-max Seat #1 is the button
Seat 1: Koen258 ($13.02 in chips) 
Seat 2: HubertusB ($2.67 in chips) 
Seat 3: LaPelao ($5.14 in chips) 
Seat 4: JekaBetterThenU ($5.80 in chips) 
Seat 5: Nxt1pls ($2.75 in chips) 
Seat 6: vieuren1986 ($10.82 in chips) 
HubertusB: posts small blind $0.02
LaPelao: posts big blind $0.05
*** HOLE CARDS ***
Dealt to HubertusB [Qc 9c]
JekaBetterThenU: folds 
Nxt1pls: folds 
vieuren1986: folds 
Koen258: raises $0.10 to $0.15
HubertusB: folds 
LaPelao: folds 
Uncalled bet ($0.10) returned to Koen258
Koen258 collected $0.12 from pot
Koen258: doesn't show hand 
*** SUMMARY ***
Total pot $0.12 | Rake $0 
Seat 1: Koen258 (button) collected ($0.12)
Seat 2: HubertusB (small blind) folded before Flop
Seat 3: LaPelao (big blind) folded before Flop
Seat 4: JekaBetterThenU folded before Flop (didn't bet)
Seat 5: Nxt1pls folded before Flop (didn't bet)
Seat 6: vieuren1986 folded before Flop (didn't bet)



PokerStars Zoom Hand #185132988748:  Hold'em No Limit ($0.02/$0.05) - 2018/04/12 22:56:44 CCT [2018/04/12 10:56:44 ET]
Table 'Donati' 6-max Seat #1 is the button
Seat 1: @nt@nin@ ($5.05 in chips) 
Seat 2: iololoshi ($2.52 in chips) 
Seat 3: Nxt1pls ($3.33 in chips) 
Seat 4: donn1987 ($4.81 in chips) 
Seat 5: pankratt ($5 in chips) 
Seat 6: HubertusB ($2.65 in chips) 
iololoshi: posts small blind $0.02
Nxt1pls: posts big blind $0.05
*** HOLE CARDS ***
Dealt to HubertusB [4s 7h]
donn1987: folds 
pankratt: folds 
HubertusB: folds 
@nt@nin@: folds 
iololoshi: raises $0.13 to $0.18
Nxt1pls: folds 
Uncalled bet ($0.13) returned to iololoshi
iololoshi collected $0.10 from pot
iololoshi: doesn't show hand 
*** SUMMARY ***
Total pot $0.10 | Rake $0 
Seat 1: @nt@nin@ (button) folded before Flop (didn't bet)
Seat 2: iololoshi (small blind) collected ($0.10)
Seat 3: Nxt1pls (big blind) folded before Flop
Seat 4: donn1987 folded before Flop (didn't bet)
Seat 5: pankratt folded before Flop (didn't bet)
Seat 6: HubertusB folded before Flop (didn't bet)



PokerStars Zoom Hand #185132996683:  Hold'em No Limit ($0.02/$0.05) - 2018/04/12 22:57:01 CCT [2018/04/12 10:57:01 ET]
Table 'Donati' 6-max Seat #1 is the button
Seat 1: EDY14101 ($0.42 in chips) 
Seat 2: zarutkon ($5 in chips) 
Seat 3: confirmedanc ($9.64 in chips) 
Seat 4: HubertusB ($2.65 in chips) 
Seat 5: JORDYLEON ($4.95 in chips) 
Seat 6: edger4013 ($7.78 in chips) 
zarutkon: posts small blind $0.02
confirmedanc: posts big blind $0.05
*** HOLE CARDS ***
Dealt to HubertusB [Qc Kc]
HubertusB: raises $0.08 to $0.13
JORDYLEON: raises $0.33 to $0.46
edger4013: folds 
EDY14101: folds 
zarutkon: folds 
confirmedanc: raises $9.18 to $9.64 and is all-in
HubertusB: folds 
JORDYLEON: folds 
Uncalled bet ($9.18) returned to confirmedanc
confirmedanc collected $1.07 from pot
confirmedanc: doesn't show hand 
*** SUMMARY ***
Total pot $1.07 | Rake $0 
Seat 1: EDY14101 (button) folded before Flop (didn't bet)
Seat 2: zarutkon (small blind) folded before Flop
Seat 3: confirmedanc (big blind) collected ($1.07)
Seat 4: HubertusB folded before Flop
Seat 5: JORDYLEON folded before Flop
Seat 6: edger4013 folded before Flop (didn't bet)



PokerStars Zoom Hand #185132994337:  Hold'em No Limit ($0.02/$0.05) - 2018/04/12 22:56:56 CCT [2018/04/12 10:56:56 ET]
Table 'Donati' 6-max Seat #1 is the button
Seat 1: Red_Dervish ($5.29 in chips) 
Seat 2: Catb0y ($4.18 in chips) 
Seat 3: z1954 ($11.37 in chips) 
Seat 4: ptdhcpsy ($13.99 in chips) 
Seat 5: HubertusB ($2.65 in chips) 
Seat 6: igor29arh ($10.01 in chips) 
Catb0y: posts small blind $0.02
z1954: posts big blind $0.05
*** HOLE CARDS ***
Dealt to HubertusB [Qh 2d]
ptdhcpsy: calls $0.05
HubertusB: folds 
igor29arh: folds 
Red_Dervish: folds 
Catb0y: folds 
z1954: checks 
*** FLOP *** [5s 3h Ah]
z1954: checks 
ptdhcpsy: bets $0.07
z1954: calls $0.07
*** TURN *** [5s 3h Ah] [6c]
z1954: checks 
ptdhcpsy: bets $0.15
z1954: calls $0.15
*** RIVER *** [5s 3h Ah 6c] [Qs]
z1954: bets $0.27
ptdhcpsy: folds 
Uncalled bet ($0.27) returned to z1954
z1954 collected $0.54 from pot
z1954: doesn't show hand 
*** SUMMARY ***
Total pot $0.56 | Rake $0.02 
Board [5s 3h Ah 6c Qs]
Seat 1: Red_Dervish (button) folded before Flop (didn't bet)
Seat 2: Catb0y (small blind) folded before Flop
Seat 3: z1954 (big blind) collected ($0.54)
Seat 4: ptdhcpsy folded on the River
Seat 5: HubertusB folded before Flop (didn't bet)
Seat 6: igor29arh folded before Flop (didn't bet)



PokerStars Zoom Hand #185132991484:  Hold'em No Limit ($0.02/$0.05) - 2018/04/12 22:56:50 CCT [2018/04/12 10:56:50 ET]
Table 'Donati' 6-max Seat #1 is the button
Seat 1: HubertusB ($2.65 in chips) 
Seat 2: n7ch13l ($5.91 in chips) 
Seat 3: edger4013 ($5 in chips) 
Seat 4: Rassty1983 ($3.67 in chips) 
Seat 5: Demon39888 ($6.04 in chips) 
Seat 6: H0bbsy555 ($6.48 in chips) 
n7ch13l: posts small blind $0.02
edger4013: posts big blind $0.05
*** HOLE CARDS ***
Dealt to HubertusB [3h 2h]
Rassty1983: folds 
Demon39888: folds 
H0bbsy555: folds 
HubertusB: folds 
n7ch13l: raises $0.10 to $0.15
edger4013: raises $0.30 to $0.45
n7ch13l: calls $0.30
*** FLOP *** [2d 9d 4c]
n7ch13l: checks 
edger4013: bets $0.43
n7ch13l: raises $0.95 to $1.38
edger4013: folds 
Uncalled bet ($0.95) returned to n7ch13l
n7ch13l collected $1.69 from pot
n7ch13l: doesn't show hand 
*** SUMMARY ***
Total pot $1.76 | Rake $0.07 
Board [2d 9d 4c]
Seat 1: HubertusB (button) folded before Flop (didn't bet)
Seat 2: n7ch13l (small blind) collected ($1.69)
Seat 3: edger4013 (big blind) folded on the Flop
Seat 4: Rassty1983 folded before Flop (didn't bet)
Seat 5: Demon39888 folded before Flop (didn't bet)
Seat 6: H0bbsy555 folded before Flop (didn't bet)



PokerStars Zoom Hand #185133008785:  Hold'em No Limit ($0.02/$0.05) - 2018/04/12 22:57:27 CCT [2018/04/12 10:57:27 ET]
Table 'Donati' 6-max Seat #1 is the button
Seat 1: vadim_audi ($5.07 in chips) 
Seat 2: HubertusB ($2.52 in chips) 
Seat 3: Demon39888 ($6.02 in chips) 
Seat 4: Draugsvoll ($6.96 in chips) 
Seat 5: galonpiva ($5 in chips) 
Seat 6: Cikoo 9 ($2.86 in chips) 
HubertusB: posts small blind $0.02
Demon39888: posts big blind $0.05
*** HOLE CARDS ***
Dealt to HubertusB [Js Ks]
Draugsvoll: folds 
galonpiva: folds 
Cikoo 9: folds 
vadim_audi: folds 
HubertusB: raises $0.10 to $0.15
Demon39888: raises $0.29 to $0.44
HubertusB: calls $0.29
*** FLOP *** [4s Qd 9s]
HubertusB: checks 
Demon39888: bets $0.37
HubertusB: raises $1.71 to $2.08 and is all-in
Demon39888: calls $1.71
*** TURN *** [4s Qd 9s] [Ad]
*** RIVER *** [4s Qd 9s Ad] [Jh]
*** SHOW DOWN ***
HubertusB: shows [Js Ks] (a pair of Jacks)
Demon39888: shows [Th Tc] (a pair of Tens)
HubertusB collected $4.83 from pot
*** SUMMARY ***
Total pot $5.04 | Rake $0.21 
Board [4s Qd 9s Ad Jh]
Seat 1: vadim_audi (button) folded before Flop (didn't bet)
Seat 2: HubertusB (small blind) showed [Js Ks] and won ($4.83) with a pair of Jacks
Seat 3: Demon39888 (big blind) showed [Th Tc] and lost with a pair of Tens
Seat 4: Draugsvoll folded before Flop (didn't bet)
Seat 5: galonpiva folded before Flop (didn't bet)
Seat 6: Cikoo 9 folded before Flop (didn't bet)



PokerStars Zoom Hand #185133038923:  Hold'em No Limit ($0.02/$0.05) - 2018/04/12 22:58:31 CCT [2018/04/12 10:58:31 ET]
Table 'Donati' 6-max Seat #1 is the button
Seat 1: kuzozo ($3.65 in chips) 
Seat 2: Bleight23 ($11.63 in chips) 
Seat 3: Chipologie ($5.34 in chips) 
Seat 4: Decoyy ($24.66 in chips) 
Seat 5: Gugulete08 ($12.96 in chips) 
Seat 6: HubertusB ($4.83 in chips) 
Bleight23: posts small blind $0.02
Chipologie: posts big blind $0.05
*** HOLE CARDS ***
Dealt to HubertusB [7d 2c]
Decoyy: folds 
Gugulete08: folds 
HubertusB: folds 
kuzozo: raises $0.12 to $0.17
Bleight23: folds 
Chipologie: folds 
Uncalled bet ($0.12) returned to kuzozo
kuzozo collected $0.12 from pot
kuzozo: doesn't show hand 
*** SUMMARY ***
Total pot $0.12 | Rake $0 
Seat 1: kuzozo (button) collected ($0.12)
Seat 2: Bleight23 (small blind) folded before Flop
Seat 3: Chipologie (big blind) folded before Flop
Seat 4: Decoyy folded before Flop (didn't bet)
Seat 5: Gugulete08 folded before Flop (didn't bet)
Seat 6: HubertusB folded before Flop (didn't bet)



PokerStars Zoom Hand #185133041776:  Hold'em No Limit ($0.02/$0.05) - 2018/04/12 22:58:37 CCT [2018/04/12 10:58:37 ET]
Table 'Donati' 6-max Seat #1 is the button
Seat 1: Jeff C Pipe ($5.19 in chips) 
Seat 2: UruGabo ($11.26 in chips) 
Seat 3: HubertusB ($4.83 in chips) 
Seat 4: AshesOni ($5 in chips) 
Seat 5: EdelsonPC ($5.28 in chips) 
Seat 6: Dokerokk23 ($5.65 in chips) 
UruGabo: posts small blind $0.02
HubertusB: posts big blind $0.05
*** HOLE CARDS ***
Dealt to HubertusB [3h Qd]
AshesOni: folds 
EdelsonPC: raises $0.10 to $0.15
Dokerokk23: raises $0.30 to $0.45
Jeff C Pipe: folds 
UruGabo: folds 
HubertusB: folds 
EdelsonPC: folds 
Uncalled bet ($0.30) returned to Dokerokk23
Dokerokk23 collected $0.37 from pot
Dokerokk23: doesn't show hand 
*** SUMMARY ***
Total pot $0.37 | Rake $0 
Seat 1: Jeff C Pipe (button) folded before Flop (didn't bet)
Seat 2: UruGabo (small blind) folded before Flop
Seat 3: HubertusB (big blind) folded before Flop
Seat 4: AshesOni folded before Flop (didn't bet)
Seat 5: EdelsonPC folded before Flop
Seat 6: Dokerokk23 collected ($0.37)



PokerStars Zoom Hand #185133045017:  Hold'em No Limit ($0.02/$0.05) - 2018/04/12 22:58:44 CCT [2018/04/12 10:58:44 ET]
Table 'Donati' 6-max Seat #1 is the button
Seat 1: HubertusB ($4.78 in chips) 
Seat 2: MoraesK9 ($5.07 in chips) 
Seat 3: PandaAs ($5 in chips) 
Seat 4: dimo131994 ($6.08 in chips) 
Seat 5: SamangskePoker ($5.07 in chips) 
Seat 6: pipecmolodec ($5 in chips) 
MoraesK9: posts small blind $0.02
PandaAs: posts big blind $0.05
*** HOLE CARDS ***
Dealt to HubertusB [Ad As]
dimo131994: folds 
SamangskePoker: folds 
pipecmolodec: folds 
HubertusB: raises $0.08 to $0.13
MoraesK9: raises $0.27 to $0.40
PandaAs: folds 
HubertusB: raises $0.50 to $0.90
MoraesK9: calls $0.50
*** FLOP *** [9c Kh Kd]
MoraesK9: checks 
HubertusB: checks 
*** TURN *** [9c Kh Kd] [8h]
MoraesK9: checks 
HubertusB: bets $0.75
MoraesK9: folds 
Uncalled bet ($0.75) returned to HubertusB
HubertusB collected $1.77 from pot
HubertusB: doesn't show hand 
*** SUMMARY ***
Total pot $1.85 | Rake $0.08 
Board [9c Kh Kd 8h]
Seat 1: HubertusB (button) collected ($1.77)
Seat 2: MoraesK9 (small blind) folded on the Turn
Seat 3: PandaAs (big blind) folded before Flop
Seat 4: dimo131994 folded before Flop (didn't bet)
Seat 5: SamangskePoker folded before Flop (didn't bet)
Seat 6: pipecmolodec folded before Flop (didn't bet)



PokerStars Zoom Hand #185133080638:  Hold'em No Limit ($0.02/$0.05) - 2018/04/12 23:00:00 CCT [2018/04/12 11:00:00 ET]
Table 'Donati' 6-max Seat #1 is the button
Seat 1: danimer89 ($14.86 in chips) 
Seat 2: douriosipos ($0.52 in chips) 
Seat 3: Svetlaya737 ($4.42 in chips) 
Seat 4: Caramba191 ($6.63 in chips) 
Seat 5: Sulim_Street ($7.89 in chips) 
Seat 6: HubertusB ($5.65 in chips) 
douriosipos: posts small blind $0.02
Svetlaya737: posts big blind $0.05
*** HOLE CARDS ***
Dealt to HubertusB [9h Qs]
Caramba191: folds 
Sulim_Street: folds 
HubertusB: folds 
danimer89: raises $0.10 to $0.15
douriosipos: calls $0.13
Svetlaya737: folds 
*** FLOP *** [Ad 8s 2d]
douriosipos: checks 
danimer89: bets $0.34
douriosipos: folds 
Uncalled bet ($0.34) returned to danimer89
danimer89 collected $0.34 from pot
danimer89: doesn't show hand 
*** SUMMARY ***
Total pot $0.35 | Rake $0.01 
Board [Ad 8s 2d]
Seat 1: danimer89 (button) collected ($0.34)
Seat 2: douriosipos (small blind) folded on the Flop
Seat 3: Svetlaya737 (big blind) folded before Flop
Seat 4: Caramba191 folded before Flop (didn't bet)
Seat 5: Sulim_Street folded before Flop (didn't bet)
Seat 6: HubertusB folded before Flop (didn't bet)



PokerStars Zoom Hand #185133083941:  Hold'em No Limit ($0.02/$0.05) - 2018/04/12 23:00:07 CCT [2018/04/12 11:00:07 ET]
Table 'Donati' 6-max Seat #1 is the button
Seat 1: LeXPSU ($19.54 in chips) 
Seat 2: vieuren1986 ($9.71 in chips) 
Seat 3: 66egorik ($4.24 in chips) 
Seat 4: tiga92 ($5.59 in chips) 
Seat 5: HubertusB ($5.65 in chips) 
Seat 6: Red_Dervish ($5 in chips) 
vieuren1986: posts small blind $0.02
66egorik: posts big blind $0.05
*** HOLE CARDS ***
Dealt to HubertusB [7c 9c]
tiga92: folds 
HubertusB: raises $0.07 to $0.12
Red_Dervish: folds 
LeXPSU: folds 
vieuren1986: folds 
66egorik: calls $0.07
*** FLOP *** [5h 9d 5s]
66egorik: checks 
HubertusB: bets $0.10
66egorik: calls $0.10
*** TURN *** [5h 9d 5s] [Ah]
66egorik: checks 
HubertusB: checks 
*** RIVER *** [5h 9d 5s Ah] [3c]
66egorik: checks 
HubertusB: bets $0.15
66egorik: calls $0.15
*** SHOW DOWN ***
HubertusB: shows [7c 9c] (two pair, Nines and Fives)
66egorik: mucks hand 
HubertusB collected $0.73 from pot
*** SUMMARY ***
Total pot $0.76 | Rake $0.03 
Board [5h 9d 5s Ah 3c]
Seat 1: LeXPSU (button) folded before Flop (didn't bet)
Seat 2: vieuren1986 (small blind) folded before Flop
Seat 3: 66egorik (big blind) mucked [6d 6s]
Seat 4: tiga92 folded before Flop (didn't bet)
Seat 5: HubertusB showed [7c 9c] and won ($0.73) with two pair, Nines and Fives
Seat 6: Red_Dervish folded before Flop (didn't bet)



PokerStars Zoom Hand #185133118384:  Hold'em No Limit ($0.02/$0.05) - 2018/04/12 23:01:16 CCT [2018/04/12 11:01:16 ET]
Table 'Donati' 6-max Seat #1 is the button
Seat 1: Mewars ($2.38 in chips) 
Seat 2: poshla_nazuy ($8.52 in chips) 
Seat 3: Vanozik19 ($5 in chips) 
Seat 4: HubertusB ($6.01 in chips) 
Seat 5: magnit89 ($5.61 in chips) 
Seat 6: eagle2030 ($6.66 in chips) 
poshla_nazuy: posts small blind $0.02
Vanozik19: posts big blind $0.05
*** HOLE CARDS ***
Dealt to HubertusB [9c 9d]
HubertusB: raises $0.08 to $0.13
magnit89: folds 
eagle2030: folds 
Mewars: folds 
poshla_nazuy: folds 
Vanozik19: folds 
Uncalled bet ($0.08) returned to HubertusB
HubertusB collected $0.12 from pot
HubertusB: doesn't show hand 
*** SUMMARY ***
Total pot $0.12 | Rake $0 
Seat 1: Mewars (button) folded before Flop (didn't bet)
Seat 2: poshla_nazuy (small blind) folded before Flop
Seat 3: Vanozik19 (big blind) folded before Flop
Seat 4: HubertusB collected ($0.12)
Seat 5: magnit89 folded before Flop (didn't bet)
Seat 6: eagle2030 folded before Flop (didn't bet)



PokerStars Zoom Hand #185133128857:  Hold'em No Limit ($0.02/$0.05) - 2018/04/12 23:01:36 CCT [2018/04/12 11:01:36 ET]
Table 'Donati' 6-max Seat #1 is the button
Seat 1: Sr pepe2310 ($5 in chips) 
Seat 2: HubertusB ($6.08 in chips) 
Seat 3: Sulim_Street ($4.65 in chips) 
Seat 4: emo114 ($14.55 in chips) 
Seat 5: lacdor ($4.70 in chips) 
Seat 6: rossiton ($6.03 in chips) 
HubertusB: posts small blind $0.02
Sulim_Street: posts big blind $0.05
*** HOLE CARDS ***
Dealt to HubertusB [6s 6d]
emo114: raises $0.10 to $0.15
lacdor: folds 
rossiton: folds 
Sr pepe2310: folds 
HubertusB: folds 
Sulim_Street: folds 
Uncalled bet ($0.10) returned to emo114
emo114 collected $0.12 from pot
emo114: doesn't show hand 
*** SUMMARY ***
Total pot $0.12 | Rake $0 
Seat 1: Sr pepe2310 (button) folded before Flop (didn't bet)
Seat 2: HubertusB (small blind) folded before Flop
Seat 3: Sulim_Street (big blind) folded before Flop
Seat 4: emo114 collected ($0.12)
Seat 5: lacdor folded before Flop (didn't bet)
Seat 6: rossiton folded before Flop (didn't bet)



PokerStars Zoom Hand #185133113793:  Hold'em No Limit ($0.02/$0.05) - 2018/04/12 23:01:07 CCT [2018/04/12 11:01:07 ET]
Table 'Donati' 6-max Seat #1 is the button
Seat 1: SNEEKYpringle ($18.16 in chips) 
Seat 2: vermeson ($2.93 in chips) 
Seat 3: Númenor1994 ($5.10 in chips) 
Seat 4: HubertusB ($6.01 in chips) 
Seat 5: TKoniWolf ($6.48 in chips) 
Seat 6: Kyhmynen ($16.65 in chips) 
vermeson: posts small blind $0.02
Númenor1994: posts big blind $0.05
*** HOLE CARDS ***
Dealt to HubertusB [5h 7s]
HubertusB: folds 
TKoniWolf: folds 
Kyhmynen: raises $0.07 to $0.12
SNEEKYpringle: raises $0.12 to $0.24
vermeson: folds 
Númenor1994: folds 
Kyhmynen: calls $0.12
*** FLOP *** [Kd 8h 8c]
Kyhmynen: checks 
SNEEKYpringle: bets $0.15
Kyhmynen: calls $0.15
*** TURN *** [Kd 8h 8c] [Kc]
Kyhmynen: checks 
SNEEKYpringle: bets $0.25
Kyhmynen: calls $0.25
*** RIVER *** [Kd 8h 8c Kc] [2d]
Kyhmynen: checks 
SNEEKYpringle: bets $1.05
Kyhmynen: folds 
Uncalled bet ($1.05) returned to SNEEKYpringle
SNEEKYpringle collected $1.29 from pot
SNEEKYpringle: doesn't show hand 
*** SUMMARY ***
Total pot $1.35 | Rake $0.06 
Board [Kd 8h 8c Kc 2d]
Seat 1: SNEEKYpringle (button) collected ($1.29)
Seat 2: vermeson (small blind) folded before Flop
Seat 3: Númenor1994 (big blind) folded before Flop
Seat 4: HubertusB folded before Flop (didn't bet)
Seat 5: TKoniWolf folded before Flop (didn't bet)
Seat 6: Kyhmynen folded on the River



PokerStars Zoom Hand #185133138885:  Hold'em No Limit ($0.02/$0.05) - 2018/04/12 23:01:55 CCT [2018/04/12 11:01:55 ET]
Table 'Donati' 6-max Seat #1 is the button
Seat 1: SereGka228 ($5.34 in chips) 
Seat 2: Alexmosk3 ($11 in chips) 
Seat 3: HubertusB ($6.06 in chips) 
Seat 4: MoraesK9 ($6.12 in chips) 
Seat 5: eliasfleitas ($4.63 in chips) 
Seat 6: AshesOni ($5.28 in chips) 
Alexmosk3: posts small blind $0.02
HubertusB: posts big blind $0.05
*** HOLE CARDS ***
Dealt to HubertusB [Jh 8c]
MoraesK9: folds 
eliasfleitas: folds 
AshesOni: folds 
SereGka228: raises $0.07 to $0.12
Alexmosk3: folds 
HubertusB: folds 
Uncalled bet ($0.07) returned to SereGka228
SereGka228 collected $0.12 from pot
SereGka228: doesn't show hand 
*** SUMMARY ***
Total pot $0.12 | Rake $0 
Seat 1: SereGka228 (button) collected ($0.12)
Seat 2: Alexmosk3 (small blind) folded before Flop
Seat 3: HubertusB (big blind) folded before Flop
Seat 4: MoraesK9 folded before Flop (didn't bet)
Seat 5: eliasfleitas folded before Flop (didn't bet)
Seat 6: AshesOni folded before Flop (didn't bet)



PokerStars Zoom Hand #185133144808:  Hold'em No Limit ($0.02/$0.05) - 2018/04/12 23:02:06 CCT [2018/04/12 11:02:06 ET]
Table 'Donati' 6-max Seat #1 is the button
Seat 1: HubertusB ($6.01 in chips) 
Seat 2: Ixer1 ($4.85 in chips) 
Seat 3: poshla_nazuy ($8.55 in chips) 
Seat 4: emo114 ($5.56 in chips) 
Seat 5: englanda ($27.79 in chips) 
Seat 6: PSqsd ($5.35 in chips) 
Ixer1: posts small blind $0.02
poshla_nazuy: posts big blind $0.05
*** HOLE CARDS ***
Dealt to HubertusB [4d 5c]
emo114: folds 
englanda: raises $0.10 to $0.15
PSqsd: folds 
HubertusB: folds 
Ixer1: folds 
poshla_nazuy: folds 
Uncalled bet ($0.10) returned to englanda
englanda collected $0.12 from pot
englanda: doesn't show hand 
*** SUMMARY ***
Total pot $0.12 | Rake $0 
Seat 1: HubertusB (button) folded before Flop (didn't bet)
Seat 2: Ixer1 (small blind) folded before Flop
Seat 3: poshla_nazuy (big blind) folded before Flop
Seat 4: emo114 folded before Flop (didn't bet)
Seat 5: englanda collected ($0.12)
Seat 6: PSqsd folded before Flop (didn't bet)



PokerStars Zoom Hand #185133147390:  Hold'em No Limit ($0.02/$0.05) - 2018/04/12 23:02:11 CCT [2018/04/12 11:02:11 ET]
Table 'Donati' 6-max Seat #1 is the button
Seat 1: tofsty ($11.82 in chips) 
Seat 2: cyyywil ($3.02 in chips) 
Seat 3: THANGVN ($6.35 in chips) 
Seat 4: lucaskissler ($5 in chips) 
Seat 5: HubertusB ($6.01 in chips) 
Seat 6: Slavon4ik UA ($5.88 in chips) 
cyyywil: posts small blind $0.02
THANGVN: posts big blind $0.05
*** HOLE CARDS ***
Dealt to HubertusB [7s 9h]
lucaskissler: folds 
HubertusB: folds 
Slavon4ik UA: raises $0.10 to $0.15
tofsty: folds 
cyyywil: folds 
THANGVN: folds 
Uncalled bet ($0.10) returned to Slavon4ik UA
Slavon4ik UA collected $0.12 from pot
Slavon4ik UA: doesn't show hand 
*** SUMMARY ***
Total pot $0.12 | Rake $0 
Seat 1: tofsty (button) folded before Flop (didn't bet)
Seat 2: cyyywil (small blind) folded before Flop
Seat 3: THANGVN (big blind) folded before Flop
Seat 4: lucaskissler folded before Flop (didn't bet)
Seat 5: HubertusB folded before Flop (didn't bet)
Seat 6: Slavon4ik UA collected ($0.12)



PokerStars Zoom Hand #185133153170:  Hold'em No Limit ($0.02/$0.05) - 2018/04/12 23:02:22 CCT [2018/04/12 11:02:22 ET]
Table 'Donati' 6-max Seat #1 is the button
Seat 1: pipecmolodec ($5 in chips) 
Seat 2: HubertusB ($5.96 in chips) 
Seat 3: Slavon4ik UA ($5.07 in chips) 
Seat 4: Ichxar ($5 in chips) 
Seat 5: Fliegenpilz3 ($5.07 in chips) 
Seat 6: evGHENII85 ($5 in chips) 
HubertusB: posts small blind $0.02
Slavon4ik UA: posts big blind $0.05
*** HOLE CARDS ***
Dealt to HubertusB [7d 9s]
Ichxar: folds 
Fliegenpilz3: raises $0.09 to $0.14
evGHENII85: folds 
pipecmolodec: folds 
HubertusB: folds 
Slavon4ik UA: folds 
Uncalled bet ($0.09) returned to Fliegenpilz3
Fliegenpilz3 collected $0.12 from pot
Fliegenpilz3: doesn't show hand 
*** SUMMARY ***
Total pot $0.12 | Rake $0 
Seat 1: pipecmolodec (button) folded before Flop (didn't bet)
Seat 2: HubertusB (small blind) folded before Flop
Seat 3: Slavon4ik UA (big blind) folded before Flop
Seat 4: Ichxar folded before Flop (didn't bet)
Seat 5: Fliegenpilz3 collected ($0.12)
Seat 6: evGHENII85 folded before Flop (didn't bet)



PokerStars Zoom Hand #185133149918:  Hold'em No Limit ($0.02/$0.05) - 2018/04/12 23:02:16 CCT [2018/04/12 11:02:16 ET]
Table 'Donati' 6-max Seat #1 is the button
Seat 1: The Blue 64 ($3.73 in chips) 
Seat 2: EdelsonPC ($13.12 in chips) 
Seat 3: HubertusB ($6.01 in chips) 
Seat 4: Roman197430 ($5.09 in chips) 
Seat 5: DUDUKA81 ($5.33 in chips) 
Seat 6: 19690728 ($3.22 in chips) 
EdelsonPC: posts small blind $0.02
HubertusB: posts big blind $0.05
*** HOLE CARDS ***
Dealt to HubertusB [5c Ah]
Roman197430: folds 
DUDUKA81: raises $0.10 to $0.15
19690728: raises $0.10 to $0.25
The Blue 64: folds 
EdelsonPC: folds 
HubertusB: folds 
DUDUKA81: calls $0.10
*** FLOP *** [7s 2h 9c]
DUDUKA81: checks 
19690728: bets $0.28
DUDUKA81: folds 
Uncalled bet ($0.28) returned to 19690728
19690728 collected $0.55 from pot
19690728: doesn't show hand 
*** SUMMARY ***
Total pot $0.57 | Rake $0.02 
Board [7s 2h 9c]
Seat 1: The Blue 64 (button) folded before Flop (didn't bet)
Seat 2: EdelsonPC (small blind) folded before Flop
Seat 3: HubertusB (big blind) folded before Flop
Seat 4: Roman197430 folded before Flop (didn't bet)
Seat 5: DUDUKA81 folded on the Flop
Seat 6: 19690728 collected ($0.55)



PokerStars Zoom Hand #185133156470:  Hold'em No Limit ($0.02/$0.05) - 2018/04/12 23:02:28 CCT [2018/04/12 11:02:28 ET]
Table 'Donati' 6-max Seat #1 is the button
Seat 1: evGHENII85 ($5.97 in chips) 
Seat 2: bilson777 ($5.50 in chips) 
Seat 3: artem11126 ($5.58 in chips) 
Seat 4: Draber06 ($5.50 in chips) 
Seat 5: Sr pepe2310 ($4.93 in chips) 
Seat 6: HubertusB ($5.94 in chips) 
bilson777: posts small blind $0.02
artem11126: posts big blind $0.05
*** HOLE CARDS ***
Dealt to HubertusB [7h 9d]
Draber06: folds 
Sr pepe2310: folds 
HubertusB: folds 
evGHENII85: folds 
bilson777: raises $0.05 to $0.10
artem11126: folds 
Uncalled bet ($0.05) returned to bilson777
bilson777 collected $0.10 from pot
bilson777: doesn't show hand 
*** SUMMARY ***
Total pot $0.10 | Rake $0 
Seat 1: evGHENII85 (button) folded before Flop (didn't bet)
Seat 2: bilson777 (small blind) collected ($0.10)
Seat 3: artem11126 (big blind) folded before Flop
Seat 4: Draber06 folded before Flop (didn't bet)
Seat 5: Sr pepe2310 folded before Flop (didn't bet)
Seat 6: HubertusB folded before Flop (didn't bet)



PokerStars Zoom Hand #185133159139:  Hold'em No Limit ($0.02/$0.05) - 2018/04/12 23:02:33 CCT [2018/04/12 11:02:33 ET]
Table 'Donati' 6-max Seat #1 is the button
Seat 1: Bleight23 ($10.89 in chips) 
Seat 2: pkr_str3368 ($5.91 in chips) 
Seat 3: piownu ($5.84 in chips) 
Seat 4: Slavon4ik UA ($5.95 in chips) 
Seat 5: HubertusB ($5.94 in chips) 
Seat 6: AleyF ($9.90 in chips) 
pkr_str3368: posts small blind $0.02
piownu: posts big blind $0.05
*** HOLE CARDS ***
Dealt to HubertusB [Ad Ts]
Slavon4ik UA: folds 
HubertusB: raises $0.05 to $0.10
AleyF: folds 
Bleight23: raises $0.27 to $0.37
pkr_str3368: folds 
piownu: folds 
HubertusB: folds 
Uncalled bet ($0.27) returned to Bleight23
Bleight23 collected $0.27 from pot
Bleight23: doesn't show hand 
*** SUMMARY ***
Total pot $0.27 | Rake $0 
Seat 1: Bleight23 (button) collected ($0.27)
Seat 2: pkr_str3368 (small blind) folded before Flop
Seat 3: piownu (big blind) folded before Flop
Seat 4: Slavon4ik UA folded before Flop (didn't bet)
Seat 5: HubertusB folded before Flop
Seat 6: AleyF folded before Flop (didn't bet)



PokerStars Zoom Hand #185133167859:  Hold'em No Limit ($0.02/$0.05) - 2018/04/12 23:02:49 CCT [2018/04/12 11:02:49 ET]
Table 'Donati' 6-max Seat #1 is the button
Seat 1: HubertusB ($5.84 in chips) 
Seat 2: UruGabo ($16.91 in chips) 
Seat 3: jieeeeeee ($5.03 in chips) 
Seat 4: whoisdurrrrr ($5 in chips) 
Seat 5: s.boroda4 ($6.22 in chips) 
Seat 6: JORDYLEON ($5 in chips) 
UruGabo: posts small blind $0.02
jieeeeeee: posts big blind $0.05
*** HOLE CARDS ***
Dealt to HubertusB [Qs 5s]
whoisdurrrrr: folds 
s.boroda4: folds 
JORDYLEON: folds 
HubertusB: raises $0.05 to $0.10
UruGabo: folds 
jieeeeeee: folds 
Uncalled bet ($0.05) returned to HubertusB
HubertusB collected $0.12 from pot
HubertusB: doesn't show hand 
*** SUMMARY ***
Total pot $0.12 | Rake $0 
Seat 1: HubertusB (button) collected ($0.12)
Seat 2: UruGabo (small blind) folded before Flop
Seat 3: jieeeeeee (big blind) folded before Flop
Seat 4: whoisdurrrrr folded before Flop (didn't bet)
Seat 5: s.boroda4 folded before Flop (didn't bet)
Seat 6: JORDYLEON folded before Flop (didn't bet)



PokerStars Zoom Hand #185133175948:  Hold'em No Limit ($0.02/$0.05) - 2018/04/12 23:03:04 CCT [2018/04/12 11:03:04 ET]
Table 'Donati' 6-max Seat #1 is the button
Seat 1: tiga92 ($5.55 in chips) 
Seat 2: `Wid0ka$` ($5.07 in chips) 
Seat 3: n7ch13l ($5.52 in chips) 
Seat 4: HubertusB ($5.91 in chips) 
Seat 5: Dariev ($12.25 in chips) 
Seat 6: Marian V. 31 ($5.35 in chips) 
`Wid0ka$`: posts small blind $0.02
n7ch13l: posts big blind $0.05
*** HOLE CARDS ***
Dealt to HubertusB [Ad 6d]
HubertusB: raises $0.05 to $0.10
Dariev: folds 
Marian V. 31: folds 
tiga92: folds 
`Wid0ka$`: calls $0.08
n7ch13l: folds 
*** FLOP *** [Qs 3c Kc]
`Wid0ka$`: checks 
HubertusB: bets $0.13
`Wid0ka$`: folds 
Uncalled bet ($0.13) returned to HubertusB
HubertusB collected $0.24 from pot
HubertusB: doesn't show hand 
*** SUMMARY ***
Total pot $0.25 | Rake $0.01 
Board [Qs 3c Kc]
Seat 1: tiga92 (button) folded before Flop (didn't bet)
Seat 2: `Wid0ka$` (small blind) folded on the Flop
Seat 3: n7ch13l (big blind) folded before Flop
Seat 4: HubertusB collected ($0.24)
Seat 5: Dariev folded before Flop (didn't bet)
Seat 6: Marian V. 31 folded before Flop (didn't bet)



PokerStars Zoom Hand #185133189245:  Hold'em No Limit ($0.02/$0.05) - 2018/04/12 23:03:28 CCT [2018/04/12 11:03:28 ET]
Table 'Donati' 6-max Seat #1 is the button
Seat 1: Immunion ($16.14 in chips) 
Seat 2: mastervanek ($5.04 in chips) 
Seat 3: Evetrin ($15.59 in chips) 
Seat 4: VaNrAzD ($8.59 in chips) 
Seat 5: unha2011 ($6.36 in chips) 
Seat 6: HubertusB ($6.05 in chips) 
mastervanek: posts small blind $0.02
Evetrin: posts big blind $0.05
*** HOLE CARDS ***
Dealt to HubertusB [3c 2s]
VaNrAzD: folds 
unha2011: folds 
HubertusB: folds 
Immunion: folds 
mastervanek: folds 
Uncalled bet ($0.03) returned to Evetrin
Evetrin collected $0.04 from pot
Evetrin: doesn't show hand 
*** SUMMARY ***
Total pot $0.04 | Rake $0 
Seat 1: Immunion (button) folded before Flop (didn't bet)
Seat 2: mastervanek (small blind) folded before Flop
Seat 3: Evetrin (big blind) collected ($0.04)
Seat 4: VaNrAzD folded before Flop (didn't bet)
Seat 5: unha2011 folded before Flop (didn't bet)
Seat 6: HubertusB folded before Flop (didn't bet)



PokerStars Zoom Hand #185133191979:  Hold'em No Limit ($0.02/$0.05) - 2018/04/12 23:03:33 CCT [2018/04/12 11:03:33 ET]
Table 'Donati' 6-max Seat #1 is the button
Seat 1: HubertusB ($6.05 in chips) 
Seat 2: Harry0509 ($6.58 in chips) 
Seat 3: Nxt1pls ($4.29 in chips) 
Seat 4: Fostal_by ($7.31 in chips) 
Seat 5: Manner]Pig ($5 in chips) 
Seat 6: erioncrazy ($5.47 in chips) 
Harry0509: posts small blind $0.02
Nxt1pls: posts big blind $0.05
*** HOLE CARDS ***
Dealt to HubertusB [3c Ad]
Fostal_by: folds 
Manner]Pig: raises $0.10 to $0.15
erioncrazy: folds 
HubertusB: folds 
Harry0509: folds 
Nxt1pls: folds 
Uncalled bet ($0.10) returned to Manner]Pig
Manner]Pig collected $0.12 from pot
Manner]Pig: doesn't show hand 
*** SUMMARY ***
Total pot $0.12 | Rake $0 
Seat 1: HubertusB (button) folded before Flop (didn't bet)
Seat 2: Harry0509 (small blind) folded before Flop
Seat 3: Nxt1pls (big blind) folded before Flop
Seat 4: Fostal_by folded before Flop (didn't bet)
Seat 5: Manner]Pig collected ($0.12)
Seat 6: erioncrazy folded before Flop (didn't bet)



PokerStars Zoom Hand #185133200298:  Hold'em No Limit ($0.02/$0.05) - 2018/04/12 23:03:48 CCT [2018/04/12 11:03:48 ET]
Table 'Donati' 6-max Seat #1 is the button
Seat 1: barbos2009 ($5.08 in chips) 
Seat 2: hcpalli ($5.39 in chips) 
Seat 3: HubertusB ($6.05 in chips) 
Seat 4: Draber06 ($6.73 in chips) 
Seat 5: Rassty1983 ($4.98 in chips) 
Seat 6: saklor56150 ($1.94 in chips) 
hcpalli: posts small blind $0.02
HubertusB: posts big blind $0.05
*** HOLE CARDS ***
Dealt to HubertusB [8h 7s]
Draber06: folds 
Rassty1983: folds 
saklor56150: calls $0.05
barbos2009: folds 
hcpalli: folds 
HubertusB: checks 
*** FLOP *** [6s Ac Th]
HubertusB: checks 
saklor56150: checks 
*** TURN *** [6s Ac Th] [Ah]
HubertusB: bets $0.05
saklor56150: calls $0.05
*** RIVER *** [6s Ac Th Ah] [4c]
HubertusB: checks 
saklor56150: checks 
*** SHOW DOWN ***
HubertusB: shows [8h 7s] (a pair of Aces)
saklor56150: shows [4d Jd] (two pair, Aces and Fours)
saklor56150 collected $0.21 from pot
*** SUMMARY ***
Total pot $0.22 | Rake $0.01 
Board [6s Ac Th Ah 4c]
Seat 1: barbos2009 (button) folded before Flop (didn't bet)
Seat 2: hcpalli (small blind) folded before Flop
Seat 3: HubertusB (big blind) showed [8h 7s] and lost with a pair of Aces
Seat 4: Draber06 folded before Flop (didn't bet)
Seat 5: Rassty1983 folded before Flop (didn't bet)
Seat 6: saklor56150 showed [4d Jd] and won ($0.21) with two pair, Aces and Fours



PokerStars Zoom Hand #185133220762:  Hold'em No Limit ($0.02/$0.05) - 2018/04/12 23:04:25 CCT [2018/04/12 11:04:25 ET]
Table 'Donati' 6-max Seat #1 is the button
Seat 1: FuscusX ($5.87 in chips) 
Seat 2: HubertusB ($5.95 in chips) 
Seat 3: Dima Jetta ($5 in chips) 
Seat 4: tiga92 ($8.27 in chips) 
Seat 5: patollinek ($4.84 in chips) 
Seat 6: Alexmosk3 ($5.15 in chips) 
HubertusB: posts small blind $0.02
Dima Jetta: posts big blind $0.05
*** HOLE CARDS ***
Dealt to HubertusB [Qh Jh]
tiga92: folds 
patollinek: folds 
Alexmosk3: folds 
FuscusX: raises $0.10 to $0.15
HubertusB: raises $0.25 to $0.40
Dima Jetta: folds 
FuscusX: calls $0.25
*** FLOP *** [Th Jd 7h]
HubertusB: checks 
FuscusX: checks 
*** TURN *** [Th Jd 7h] [Kc]
HubertusB: bets $0.34
FuscusX: raises $0.76 to $1.10
HubertusB: calls $0.76
*** RIVER *** [Th Jd 7h Kc] [9c]
HubertusB: checks 
FuscusX: checks 
*** SHOW DOWN ***
HubertusB: shows [Qh Jh] (a straight, Nine to King)
FuscusX: mucks hand 
HubertusB collected $2.92 from pot
*** SUMMARY ***
Total pot $3.05 | Rake $0.13 
Board [Th Jd 7h Kc 9c]
Seat 1: FuscusX (button) mucked [6c Ah]
Seat 2: HubertusB (small blind) showed [Qh Jh] and won ($2.92) with a straight, Nine to King
Seat 3: Dima Jetta (big blind) folded before Flop
Seat 4: tiga92 folded before Flop (didn't bet)
Seat 5: patollinek folded before Flop (didn't bet)
Seat 6: Alexmosk3 folded before Flop (didn't bet)



PokerStars Zoom Hand #185133258400:  Hold'em No Limit ($0.02/$0.05) - 2018/04/12 23:05:32 CCT [2018/04/12 11:05:32 ET]
Table 'Donati' 6-max Seat #1 is the button
Seat 1: Red_Dervish ($5.18 in chips) 
Seat 2: Bewinged ($6.38 in chips) 
Seat 3: Dima Jetta ($5.14 in chips) 
Seat 4: HubertusB ($7.37 in chips) 
Seat 5: `Wid0ka$` ($5 in chips) 
Seat 6: Al.marquina ($5.34 in chips) 
Bewinged: posts small blind $0.02
Dima Jetta: posts big blind $0.05
*** HOLE CARDS ***
Dealt to HubertusB [6d Jd]
HubertusB: folds 
`Wid0ka$`: folds 
Al.marquina: folds 
Red_Dervish: raises $0.07 to $0.12
Bewinged: folds 
Dima Jetta: folds 
Uncalled bet ($0.07) returned to Red_Dervish
Red_Dervish collected $0.12 from pot
Red_Dervish: doesn't show hand 
*** SUMMARY ***
Total pot $0.12 | Rake $0 
Seat 1: Red_Dervish (button) collected ($0.12)
Seat 2: Bewinged (small blind) folded before Flop
Seat 3: Dima Jetta (big blind) folded before Flop
Seat 4: HubertusB folded before Flop (didn't bet)
Seat 5: `Wid0ka$` folded before Flop (didn't bet)
Seat 6: Al.marquina folded before Flop (didn't bet)



PokerStars Zoom Hand #185133262313:  Hold'em No Limit ($0.02/$0.05) - 2018/04/12 23:05:39 CCT [2018/04/12 11:05:39 ET]
Table 'Donati' 6-max Seat #1 is the button
Seat 1: HubertusB ($7.37 in chips) 
Seat 2: Bubulo ($7.21 in chips) 
Seat 3: Ryan Fang ($7.74 in chips) 
Seat 4: kon_tss1 ($9.27 in chips) 
Seat 5: Vanozik19 ($14.23 in chips) 
Seat 6: eltorinio ($5.75 in chips) 
Bubulo: posts small blind $0.02
Ryan Fang: posts big blind $0.05
*** HOLE CARDS ***
Dealt to HubertusB [7c 4s]
kon_tss1: folds 
Vanozik19: folds 
eltorinio: folds 
HubertusB: folds 
Bubulo: folds 
Uncalled bet ($0.03) returned to Ryan Fang
Ryan Fang collected $0.04 from pot
Ryan Fang: doesn't show hand 
*** SUMMARY ***
Total pot $0.04 | Rake $0 
Seat 1: HubertusB (button) folded before Flop (didn't bet)
Seat 2: Bubulo (small blind) folded before Flop
Seat 3: Ryan Fang (big blind) collected ($0.04)
Seat 4: kon_tss1 folded before Flop (didn't bet)
Seat 5: Vanozik19 folded before Flop (didn't bet)
Seat 6: eltorinio folded before Flop (didn't bet)



PokerStars Zoom Hand #185133266234:  Hold'em No Limit ($0.02/$0.05) - 2018/04/12 23:05:46 CCT [2018/04/12 11:05:46 ET]
Table 'Donati' 6-max Seat #1 is the button
Seat 1: I'm Lokky ($5 in chips) 
Seat 2: evGHENII85 ($5.65 in chips) 
Seat 3: HubertusB ($7.37 in chips) 
Seat 4: `Wid0ka$` ($5.02 in chips) 
Seat 5: Chipologie ($7.14 in chips) 
Seat 6: Vanozik19 ($14.23 in chips) 
evGHENII85: posts small blind $0.02
HubertusB: posts big blind $0.05
*** HOLE CARDS ***
Dealt to HubertusB [Qh 4h]
`Wid0ka$`: folds 
Chipologie: folds 
Vanozik19: raises $0.07 to $0.12
I'm Lokky: folds 
evGHENII85: folds 
HubertusB: folds 
Uncalled bet ($0.07) returned to Vanozik19
Vanozik19 collected $0.12 from pot
Vanozik19: doesn't show hand 
*** SUMMARY ***
Total pot $0.12 | Rake $0 
Seat 1: I'm Lokky (button) folded before Flop (didn't bet)
Seat 2: evGHENII85 (small blind) folded before Flop
Seat 3: HubertusB (big blind) folded before Flop
Seat 4: `Wid0ka$` folded before Flop (didn't bet)
Seat 5: Chipologie folded before Flop (didn't bet)
Seat 6: Vanozik19 collected ($0.12)



PokerStars Zoom Hand #185133252717:  Hold'em No Limit ($0.02/$0.05) - 2018/04/12 23:05:22 CCT [2018/04/12 11:05:22 ET]
Table 'Donati' 6-max Seat #1 is the button
Seat 1: Academic120 ($8.73 in chips) 
Seat 2: Bleight23 ($11.31 in chips) 
Seat 3: yumeko0001 ($8.30 in chips) 
Seat 4: pipecmolodec ($5.11 in chips) 
Seat 5: HubertusB ($7.37 in chips) 
Seat 6: Manner]Pig ($5.72 in chips) 
Bleight23: posts small blind $0.02
yumeko0001: posts big blind $0.05
*** HOLE CARDS ***
Dealt to HubertusB [4s 8c]
pipecmolodec: folds 
HubertusB: folds 
Manner]Pig: folds 
Academic120: folds 
Bleight23: raises $0.07 to $0.12
yumeko0001: calls $0.07
*** FLOP *** [3s Ts Tc]
Bleight23: bets $0.14
yumeko0001: raises $0.14 to $0.28
Bleight23: calls $0.14
*** TURN *** [3s Ts Tc] [Kd]
Bleight23: checks 
yumeko0001: checks 
*** RIVER *** [3s Ts Tc Kd] [Qc]
Bleight23: checks 
yumeko0001: checks 
*** SHOW DOWN ***
Bleight23: shows [Qs Js] (two pair, Queens and Tens)
yumeko0001: mucks hand 
Bleight23 collected $0.77 from pot
*** SUMMARY ***
Total pot $0.80 | Rake $0.03 
Board [3s Ts Tc Kd Qc]
Seat 1: Academic120 (button) folded before Flop (didn't bet)
Seat 2: Bleight23 (small blind) showed [Qs Js] and won ($0.77) with two pair, Queens and Tens
Seat 3: yumeko0001 (big blind) mucked [Ad 4h]
Seat 4: pipecmolodec folded before Flop (didn't bet)
Seat 5: HubertusB folded before Flop (didn't bet)
Seat 6: Manner]Pig folded before Flop (didn't bet)



PokerStars Zoom Hand #185133275836:  Hold'em No Limit ($0.02/$0.05) - 2018/04/12 23:06:03 CCT [2018/04/12 11:06:03 ET]
Table 'Donati' 6-max Seat #1 is the button
Seat 1: zmss ($5.02 in chips) 
Seat 2: n7ch13l ($9.67 in chips) 
Seat 3: vieuren1986 ($21.13 in chips) 
Seat 4: igor29arh ($9.18 in chips) 
Seat 5: fiat.678 ($4.84 in chips) 
Seat 6: HubertusB ($7.32 in chips) 
n7ch13l: posts small blind $0.02
vieuren1986: posts big blind $0.05
*** HOLE CARDS ***
Dealt to HubertusB [Kh Qc]
igor29arh: folds 
fiat.678: folds 
HubertusB: raises $0.10 to $0.15
zmss: calls $0.15
n7ch13l: folds 
vieuren1986: folds 
*** FLOP *** [5h Ac Qd]
HubertusB: checks 
zmss: checks 
*** TURN *** [5h Ac Qd] [Qs]
HubertusB: bets $0.15
zmss: folds 
Uncalled bet ($0.15) returned to HubertusB
HubertusB collected $0.35 from pot
HubertusB: doesn't show hand 
*** SUMMARY ***
Total pot $0.37 | Rake $0.02 
Board [5h Ac Qd Qs]
Seat 1: zmss (button) folded on the Turn
Seat 2: n7ch13l (small blind) folded before Flop
Seat 3: vieuren1986 (big blind) folded before Flop
Seat 4: igor29arh folded before Flop (didn't bet)
Seat 5: fiat.678 folded before Flop (didn't bet)
Seat 6: HubertusB collected ($0.35)



PokerStars Zoom Hand #185133296237:  Hold'em No Limit ($0.02/$0.05) - 2018/04/12 23:06:39 CCT [2018/04/12 11:06:39 ET]
Table 'Donati' 6-max Seat #1 is the button
Seat 1: SP206 ($2.62 in chips) 
Seat 2: HubertusB ($7.52 in chips) 
Seat 3: emo114 ($12.82 in chips) 
Seat 4: evGHENII85 ($5 in chips) 
Seat 5: Blind-Beggar ($5.28 in chips) 
Seat 6: suriel666 ($8.95 in chips) 
HubertusB: posts small blind $0.02
emo114: posts big blind $0.05
*** HOLE CARDS ***
Dealt to HubertusB [2d 4h]
evGHENII85: folds 
Blind-Beggar: folds 
suriel666: folds 
SP206: folds 
HubertusB: folds 
Uncalled bet ($0.03) returned to emo114
emo114 collected $0.04 from pot
emo114: doesn't show hand 
*** SUMMARY ***
Total pot $0.04 | Rake $0 
Seat 1: SP206 (button) folded before Flop (didn't bet)
Seat 2: HubertusB (small blind) folded before Flop
Seat 3: emo114 (big blind) collected ($0.04)
Seat 4: evGHENII85 folded before Flop (didn't bet)
Seat 5: Blind-Beggar folded before Flop (didn't bet)
Seat 6: suriel666 folded before Flop (didn't bet)



PokerStars Zoom Hand #185133299087:  Hold'em No Limit ($0.02/$0.05) - 2018/04/12 23:06:44 CCT [2018/04/12 11:06:44 ET]
Table 'Donati' 6-max Seat #1 is the button
Seat 1: erioncrazy ($5.28 in chips) 
Seat 2: Khrynov ($15.63 in chips) 
Seat 3: TitanX1 ($1.92 in chips) 
Seat 4: HubertusB ($7.50 in chips) 
Seat 5: H0bbsy555 ($6.49 in chips) 
Seat 6: igor29arh ($10.47 in chips) 
Khrynov: posts small blind $0.02
TitanX1: posts big blind $0.05
*** HOLE CARDS ***
Dealt to HubertusB [3c 2h]
HubertusB: folds 
H0bbsy555: folds 
igor29arh: folds 
erioncrazy: folds 
Khrynov: raises $0.10 to $0.15
TitanX1: calls $0.10
*** FLOP *** [Th Tc 2c]
Khrynov: bets $0.20
TitanX1: folds 
Uncalled bet ($0.20) returned to Khrynov
Khrynov collected $0.29 from pot
Khrynov: doesn't show hand 
*** SUMMARY ***
Total pot $0.30 | Rake $0.01 
Board [Th Tc 2c]
Seat 1: erioncrazy (button) folded before Flop (didn't bet)
Seat 2: Khrynov (small blind) collected ($0.29)
Seat 3: TitanX1 (big blind) folded on the Flop
Seat 4: HubertusB folded before Flop (didn't bet)
Seat 5: H0bbsy555 folded before Flop (didn't bet)
Seat 6: igor29arh folded before Flop (didn't bet)



PokerStars Zoom Hand #185133301821:  Hold'em No Limit ($0.02/$0.05) - 2018/04/12 23:06:49 CCT [2018/04/12 11:06:49 ET]
Table 'Donati' 6-max Seat #1 is the button
Seat 1: Yroslav Mudr ($15.59 in chips) 
Seat 2: magnit89 ($5.83 in chips) 
Seat 3: skajlacz ($4.56 in chips) 
Seat 4: rekoj504 ($5.09 in chips) 
Seat 5: HubertusB ($7.50 in chips) 
Seat 6: Manner]Pig ($5 in chips) 
magnit89: posts small blind $0.02
skajlacz: posts big blind $0.05
*** HOLE CARDS ***
Dealt to HubertusB [Jd 6d]
rekoj504: folds 
HubertusB: raises $0.05 to $0.10
Manner]Pig: folds 
Yroslav Mudr: folds 
magnit89: folds 
skajlacz: raises $0.22 to $0.32
HubertusB: folds 
Uncalled bet ($0.22) returned to skajlacz
skajlacz collected $0.22 from pot
skajlacz: doesn't show hand 
*** SUMMARY ***
Total pot $0.22 | Rake $0 
Seat 1: Yroslav Mudr (button) folded before Flop (didn't bet)
Seat 2: magnit89 (small blind) folded before Flop
Seat 3: skajlacz (big blind) collected ($0.22)
Seat 4: rekoj504 folded before Flop (didn't bet)
Seat 5: HubertusB folded before Flop
Seat 6: Manner]Pig folded before Flop (didn't bet)



PokerStars Zoom Hand #185133320442:  Hold'em No Limit ($0.02/$0.05) - 2018/04/12 23:07:22 CCT [2018/04/12 11:07:22 ET]
Table 'Donati' 6-max Seat #1 is the button
Seat 1: krh1997 ($4.93 in chips) 
Seat 2: HubertusB ($7.40 in chips) 
Seat 3: Gugulete08 ($17.80 in chips) 
Seat 4: kazunori_pk ($5 in chips) 
Seat 5: khalatov ($5 in chips) 
Seat 6: `Wid0ka$` ($5 in chips) 
HubertusB: posts small blind $0.02
Gugulete08: posts big blind $0.05
*** HOLE CARDS ***
Dealt to HubertusB [Qh 6s]
kazunori_pk: raises $0.10 to $0.15
khalatov: folds 
`Wid0ka$`: folds 
krh1997: raises $0.30 to $0.45
HubertusB: folds 
Gugulete08: folds 
kazunori_pk: folds 
Uncalled bet ($0.30) returned to krh1997
krh1997 collected $0.37 from pot
krh1997: doesn't show hand 
*** SUMMARY ***
Total pot $0.37 | Rake $0 
Seat 1: krh1997 (button) collected ($0.37)
Seat 2: HubertusB (small blind) folded before Flop
Seat 3: Gugulete08 (big blind) folded before Flop
Seat 4: kazunori_pk folded before Flop
Seat 5: khalatov folded before Flop (didn't bet)
Seat 6: `Wid0ka$` folded before Flop (didn't bet)



PokerStars Zoom Hand #185133323200:  Hold'em No Limit ($0.02/$0.05) - 2018/04/12 23:07:27 CCT [2018/04/12 11:07:27 ET]
Table 'Donati' 6-max Seat #1 is the button
Seat 1: Azat918 ($3.61 in chips) 
Seat 2: maxim vdk ($5 in chips) 
Seat 3: HubertusB ($7.38 in chips) 
Seat 4: Cikoo 9 ($1.72 in chips) 
Seat 5: igor29arh ($10.40 in chips) 
Seat 6: TKoniWolf ($6.86 in chips) 
maxim vdk: posts small blind $0.02
HubertusB: posts big blind $0.05
*** HOLE CARDS ***
Dealt to HubertusB [Ad 8s]
Cikoo 9: folds 
igor29arh: folds 
TKoniWolf: folds 
Azat918: folds 
maxim vdk: folds 
Uncalled bet ($0.03) returned to HubertusB
HubertusB collected $0.04 from pot
HubertusB: doesn't show hand 
*** SUMMARY ***
Total pot $0.04 | Rake $0 
Seat 1: Azat918 (button) folded before Flop (didn't bet)
Seat 2: maxim vdk (small blind) folded before Flop
Seat 3: HubertusB (big blind) collected ($0.04)
Seat 4: Cikoo 9 folded before Flop (didn't bet)
Seat 5: igor29arh folded before Flop (didn't bet)
Seat 6: TKoniWolf folded before Flop (didn't bet)



PokerStars Zoom Hand #185133317050:  Hold'em No Limit ($0.02/$0.05) - 2018/04/12 23:07:16 CCT [2018/04/12 11:07:16 ET]
Table 'Donati' 6-max Seat #1 is the button
Seat 1: ERXOMAI ($2.53 in chips) 
Seat 2: zmss ($5.22 in chips) 
Seat 3: Grishum ($8.91 in chips) 
Seat 4: HubertusB ($7.40 in chips) 
Seat 5: z0p12000 ($2.84 in chips) 
Seat 6: VaNrAzD ($10.43 in chips) 
zmss: posts small blind $0.02
Grishum: posts big blind $0.05
*** HOLE CARDS ***
Dealt to HubertusB [As 8d]
HubertusB: folds 
z0p12000: calls $0.05
VaNrAzD: raises $0.10 to $0.15
ERXOMAI: folds 
zmss: folds 
Grishum: folds 
z0p12000: raises $2.69 to $2.84 and is all-in
VaNrAzD: folds 
Uncalled bet ($2.69) returned to z0p12000
z0p12000 collected $0.37 from pot
z0p12000: doesn't show hand 
*** SUMMARY ***
Total pot $0.37 | Rake $0 
Seat 1: ERXOMAI (button) folded before Flop (didn't bet)
Seat 2: zmss (small blind) folded before Flop
Seat 3: Grishum (big blind) folded before Flop
Seat 4: HubertusB folded before Flop (didn't bet)
Seat 5: z0p12000 collected ($0.37)
Seat 6: VaNrAzD folded before Flop



PokerStars Zoom Hand #185133331076:  Hold'em No Limit ($0.02/$0.05) - 2018/04/12 23:07:41 CCT [2018/04/12 11:07:41 ET]
Table 'Donati' 6-max Seat #1 is the button
Seat 1: HubertusB ($7.40 in chips) 
Seat 2: ERXOMAI ($2.53 in chips) 
Seat 3: JunioJanMil ($6.98 in chips) 
Seat 4: confirmedanc ($5 in chips) 
Seat 5: TKoniWolf ($6.86 in chips) 
Seat 6: Nxt1pls ($2.58 in chips) 
ERXOMAI: posts small blind $0.02
JunioJanMil: posts big blind $0.05
*** HOLE CARDS ***
Dealt to HubertusB [2h Td]
confirmedanc: folds 
TKoniWolf: folds 
Nxt1pls: folds 
HubertusB: folds 
ERXOMAI: folds 
Uncalled bet ($0.03) returned to JunioJanMil
JunioJanMil collected $0.04 from pot
JunioJanMil: doesn't show hand 
*** SUMMARY ***
Total pot $0.04 | Rake $0 
Seat 1: HubertusB (button) folded before Flop (didn't bet)
Seat 2: ERXOMAI (small blind) folded before Flop
Seat 3: JunioJanMil (big blind) collected ($0.04)
Seat 4: confirmedanc folded before Flop (didn't bet)
Seat 5: TKoniWolf folded before Flop (didn't bet)
Seat 6: Nxt1pls folded before Flop (didn't bet)



PokerStars Zoom Hand #185133313664:  Hold'em No Limit ($0.02/$0.05) - 2018/04/12 23:07:10 CCT [2018/04/12 11:07:10 ET]
Table 'Donati' 6-max Seat #1 is the button
Seat 1: fill9999 ($3.64 in chips) 
Seat 2: abracs21 ($7.62 in chips) 
Seat 3: xafaki13 ($5.05 in chips) 
Seat 4: HubertusB ($7.40 in chips) 
Seat 5: 66Jez ($8.50 in chips) 
Seat 6: RichyRob ($10.09 in chips) 
abracs21: posts small blind $0.02
xafaki13: posts big blind $0.05
*** HOLE CARDS ***
Dealt to HubertusB [9c Ks]
HubertusB: folds 
66Jez: raises $0.10 to $0.15
RichyRob: folds 
fill9999: folds 
abracs21: folds 
xafaki13: calls $0.10
*** FLOP *** [4d 5h 7d]
xafaki13: checks 
66Jez: checks 
*** TURN *** [4d 5h 7d] [Kc]
xafaki13: checks 
66Jez: bets $0.10
xafaki13: folds 
Uncalled bet ($0.10) returned to 66Jez
66Jez collected $0.31 from pot
66Jez: doesn't show hand 
*** SUMMARY ***
Total pot $0.32 | Rake $0.01 
Board [4d 5h 7d Kc]
Seat 1: fill9999 (button) folded before Flop (didn't bet)
Seat 2: abracs21 (small blind) folded before Flop
Seat 3: xafaki13 (big blind) folded on the Turn
Seat 4: HubertusB folded before Flop (didn't bet)
Seat 5: 66Jez collected ($0.31)
Seat 6: RichyRob folded before Flop (didn't bet)



PokerStars Zoom Hand #185133333848:  Hold'em No Limit ($0.02/$0.05) - 2018/04/12 23:07:46 CCT [2018/04/12 11:07:46 ET]
Table 'Donati' 6-max Seat #1 is the button
Seat 1: Månssooon ($6.04 in chips) 
Seat 2: pipecmolodec ($5 in chips) 
Seat 3: eliasfleitas ($4.80 in chips) 
Seat 4: Demon39888 ($5 in chips) 
Seat 5: MoraesK9 ($18.57 in chips) 
Seat 6: HubertusB ($7.40 in chips) 
pipecmolodec: posts small blind $0.02
eliasfleitas: posts big blind $0.05
*** HOLE CARDS ***
Dealt to HubertusB [5c 4s]
Demon39888: folds 
MoraesK9: folds 
HubertusB: folds 
Månssooon: folds 
pipecmolodec: raises $0.05 to $0.10
eliasfleitas: calls $0.05
*** FLOP *** [9h Js 9c]
pipecmolodec: checks 
eliasfleitas: checks 
*** TURN *** [9h Js 9c] [Tc]
pipecmolodec: checks 
eliasfleitas: checks 
*** RIVER *** [9h Js 9c Tc] [Qs]
pipecmolodec: bets $0.06
eliasfleitas: folds 
Uncalled bet ($0.06) returned to pipecmolodec
pipecmolodec collected $0.19 from pot
pipecmolodec: doesn't show hand 
*** SUMMARY ***
Total pot $0.20 | Rake $0.01 
Board [9h Js 9c Tc Qs]
Seat 1: Månssooon (button) folded before Flop (didn't bet)
Seat 2: pipecmolodec (small blind) collected ($0.19)
Seat 3: eliasfleitas (big blind) folded on the River
Seat 4: Demon39888 folded before Flop (didn't bet)
Seat 5: MoraesK9 folded before Flop (didn't bet)
Seat 6: HubertusB folded before Flop (didn't bet)



PokerStars Zoom Hand #185133340540:  Hold'em No Limit ($0.02/$0.05) - 2018/04/12 23:07:58 CCT [2018/04/12 11:07:58 ET]
Table 'Donati' 6-max Seat #1 is the button
Seat 1: Manner]Pig ($5.65 in chips) 
Seat 2: AshesOni ($11.67 in chips) 
Seat 3: Fliegenpilz3 ($5.76 in chips) 
Seat 4: Yroslav Mudr ($16.29 in chips) 
Seat 5: HubertusB ($7.40 in chips) 
Seat 6: Bubulo ($7.99 in chips) 
AshesOni: posts small blind $0.02
Fliegenpilz3: posts big blind $0.05
*** HOLE CARDS ***
Dealt to HubertusB [Ac Jh]
Yroslav Mudr: folds 
HubertusB: raises $0.10 to $0.15
Bubulo: folds 
Manner]Pig: folds 
AshesOni: calls $0.13
Fliegenpilz3: folds 
*** FLOP *** [9h 9s Kh]
AshesOni: checks 
HubertusB: checks 
*** TURN *** [9h 9s Kh] [2h]
AshesOni: checks 
HubertusB: checks 
*** RIVER *** [9h 9s Kh 2h] [Td]
AshesOni: checks 
HubertusB: checks 
*** SHOW DOWN ***
AshesOni: shows [5h 5s] (two pair, Nines and Fives)
HubertusB: mucks hand 
AshesOni collected $0.34 from pot
*** SUMMARY ***
Total pot $0.35 | Rake $0.01 
Board [9h 9s Kh 2h Td]
Seat 1: Manner]Pig (button) folded before Flop (didn't bet)
Seat 2: AshesOni (small blind) showed [5h 5s] and won ($0.34) with two pair, Nines and Fives
Seat 3: Fliegenpilz3 (big blind) folded before Flop
Seat 4: Yroslav Mudr folded before Flop (didn't bet)
Seat 5: HubertusB mucked [Ac Jh]
Seat 6: Bubulo folded before Flop (didn't bet)



PokerStars Zoom Hand #185133360244:  Hold'em No Limit ($0.02/$0.05) - 2018/04/12 23:08:33 CCT [2018/04/12 11:08:33 ET]
Table 'Donati' 6-max Seat #1 is the button
Seat 1: pipecmolodec ($5.09 in chips) 
Seat 2: HubertusB ($7.25 in chips) 
Seat 3: Dimas169 ($5.14 in chips) 
Seat 4: lucaskissler ($5 in chips) 
Seat 5: Drudkh88 ($5 in chips) 
Seat 6: klin52rus ($5.21 in chips) 
HubertusB: posts small blind $0.02
Dimas169: posts big blind $0.05
*** HOLE CARDS ***
Dealt to HubertusB [4s 6s]
lucaskissler: folds 
Drudkh88: folds 
klin52rus: raises $0.10 to $0.15
pipecmolodec: folds 
HubertusB: folds 
Dimas169: folds 
Uncalled bet ($0.10) returned to klin52rus
klin52rus collected $0.12 from pot
klin52rus: doesn't show hand 
*** SUMMARY ***
Total pot $0.12 | Rake $0 
Seat 1: pipecmolodec (button) folded before Flop (didn't bet)
Seat 2: HubertusB (small blind) folded before Flop
Seat 3: Dimas169 (big blind) folded before Flop
Seat 4: lucaskissler folded before Flop (didn't bet)
Seat 5: Drudkh88 folded before Flop (didn't bet)
Seat 6: klin52rus collected ($0.12)



