PokerStars Zoom Hand #185131675111:  Hold'em No Limit ($0.02/$0.05) - 2018/04/12 22:15:24 CCT [2018/04/12 10:15:24 ET]
Table 'Donati' 6-max Seat #1 is the button
Seat 1: MurMurRu ($5 in chips) 
Seat 2: zzpotter ($24.94 in chips) 
Seat 3: HubertusB ($5 in chips) 
Seat 4: Rybka4.1 ($5 in chips) 
Seat 5: knjjwt ($5.37 in chips) 
Seat 6: UruGabo ($11.94 in chips) 
zzpotter: posts small blind $0.02
HubertusB: posts big blind $0.05
*** HOLE CARDS ***
Dealt to HubertusB [6h 7s]
Rybka4.1: folds 
knjjwt: folds 
UruGabo: folds 
MurMurRu: folds 
zzpotter: folds 
Uncalled bet ($0.03) returned to HubertusB
HubertusB collected $0.04 from pot
HubertusB: doesn't show hand 
*** SUMMARY ***
Total pot $0.04 | Rake $0 
Seat 1: MurMurRu (button) folded before Flop (didn't bet)
Seat 2: zzpotter (small blind) folded before Flop
Seat 3: HubertusB (big blind) collected ($0.04)
Seat 4: Rybka4.1 folded before Flop (didn't bet)
Seat 5: knjjwt folded before Flop (didn't bet)
Seat 6: UruGabo folded before Flop (didn't bet)



PokerStars Zoom Hand #185131681538:  Hold'em No Limit ($0.02/$0.05) - 2018/04/12 22:15:36 CCT [2018/04/12 10:15:36 ET]
Table 'Donati' 6-max Seat #1 is the button
Seat 1: AleyF ($5.33 in chips) 
Seat 2: HubertusB ($5.02 in chips) 
Seat 3: zatteritta ($5.11 in chips) 
Seat 4: PandaAs ($5.94 in chips) 
Seat 5: BrenyFolds ($3.57 in chips) 
Seat 6: nevoprosnew ($7.08 in chips) 
HubertusB: posts small blind $0.02
zatteritta: posts big blind $0.05
*** HOLE CARDS ***
Dealt to HubertusB [Qh 2d]
PandaAs: folds 
BrenyFolds: raises $0.10 to $0.15
nevoprosnew: calls $0.15
AleyF: folds 
HubertusB: folds 
zatteritta: folds 
*** FLOP *** [7s 6s Qs]
BrenyFolds: bets $0.15
nevoprosnew: folds 
Uncalled bet ($0.15) returned to BrenyFolds
BrenyFolds collected $0.35 from pot
BrenyFolds: doesn't show hand 
*** SUMMARY ***
Total pot $0.37 | Rake $0.02 
Board [7s 6s Qs]
Seat 1: AleyF (button) folded before Flop (didn't bet)
Seat 2: HubertusB (small blind) folded before Flop
Seat 3: zatteritta (big blind) folded before Flop
Seat 4: PandaAs folded before Flop (didn't bet)
Seat 5: BrenyFolds collected ($0.35)
Seat 6: nevoprosnew folded on the Flop



PokerStars Zoom Hand #185131686205:  Hold'em No Limit ($0.02/$0.05) - 2018/04/12 22:15:45 CCT [2018/04/12 10:15:45 ET]
Table 'Donati' 6-max Seat #1 is the button
Seat 1: HubertusB ($5 in chips) 
Seat 2: asterea_97 ($8.58 in chips) 
Seat 3: jjtaro ($6.73 in chips) 
Seat 4: ginom22 ($4.69 in chips) 
Seat 5: Mantaz ($8.51 in chips) 
Seat 6: vibe889 ($5.60 in chips) 
asterea_97: posts small blind $0.02
jjtaro: posts big blind $0.05
*** HOLE CARDS ***
Dealt to HubertusB [7c 3h]
ginom22: raises $0.10 to $0.15
Mantaz: folds 
vibe889: folds 
HubertusB: folds 
asterea_97: calls $0.13
jjtaro: folds 
*** FLOP *** [Ts 2s 3d]
asterea_97: checks 
ginom22: bets $0.23
asterea_97: folds 
Uncalled bet ($0.23) returned to ginom22
ginom22 collected $0.34 from pot
ginom22: doesn't show hand 
*** SUMMARY ***
Total pot $0.35 | Rake $0.01 
Board [Ts 2s 3d]
Seat 1: HubertusB (button) folded before Flop (didn't bet)
Seat 2: asterea_97 (small blind) folded on the Flop
Seat 3: jjtaro (big blind) folded before Flop
Seat 4: ginom22 collected ($0.34)
Seat 5: Mantaz folded before Flop (didn't bet)
Seat 6: vibe889 folded before Flop (didn't bet)



PokerStars Zoom Hand #185131688783:  Hold'em No Limit ($0.02/$0.05) - 2018/04/12 22:15:50 CCT [2018/04/12 10:15:50 ET]
Table 'Donati' 6-max Seat #1 is the button
Seat 1: nightwolkers ($5.75 in chips) 
Seat 2: LonelyWolf61 ($5.52 in chips) 
Seat 3: LeXPSU ($6.92 in chips) 
Seat 4: SplendidLina ($5.86 in chips) 
Seat 5: Liric2006 ($3.46 in chips) 
Seat 6: HubertusB ($5 in chips) 
LonelyWolf61: posts small blind $0.02
LeXPSU: posts big blind $0.05
*** HOLE CARDS ***
Dealt to HubertusB [3s Ad]
SplendidLina: folds 
Liric2006: folds 
HubertusB: folds 
nightwolkers: folds 
LonelyWolf61: raises $0.07 to $0.12
LeXPSU: calls $0.07
*** FLOP *** [4d 9c 5c]
LonelyWolf61: checks 
LeXPSU: checks 
*** TURN *** [4d 9c 5c] [2d]
LonelyWolf61: checks 
LeXPSU: checks 
*** RIVER *** [4d 9c 5c 2d] [3h]
LonelyWolf61: bets $0.10
LeXPSU: folds 
Uncalled bet ($0.10) returned to LonelyWolf61
LonelyWolf61 collected $0.23 from pot
LonelyWolf61: doesn't show hand 
*** SUMMARY ***
Total pot $0.24 | Rake $0.01 
Board [4d 9c 5c 2d 3h]
Seat 1: nightwolkers (button) folded before Flop (didn't bet)
Seat 2: LonelyWolf61 (small blind) collected ($0.23)
Seat 3: LeXPSU (big blind) folded on the River
Seat 4: SplendidLina folded before Flop (didn't bet)
Seat 5: Liric2006 folded before Flop (didn't bet)
Seat 6: HubertusB folded before Flop (didn't bet)



PokerStars Zoom Hand #185131691879:  Hold'em No Limit ($0.02/$0.05) - 2018/04/12 22:15:56 CCT [2018/04/12 10:15:56 ET]
Table 'Donati' 6-max Seat #1 is the button
Seat 1: Mr.BinAlik ($5.24 in chips) 
Seat 2: kurbaten ($5.34 in chips) 
Seat 3: salat1k777 ($4.91 in chips) 
Seat 4: Gugulete08 ($14.08 in chips) 
Seat 5: HubertusB ($5 in chips) 
Seat 6: Fostal_by ($5.07 in chips) 
kurbaten: posts small blind $0.02
salat1k777: posts big blind $0.05
*** HOLE CARDS ***
Dealt to HubertusB [2s Jd]
Gugulete08: folds 
HubertusB: folds 
Fostal_by: raises $0.07 to $0.12
Mr.BinAlik: folds 
kurbaten: raises $0.29 to $0.41
salat1k777: folds 
Fostal_by: calls $0.29
*** FLOP *** [4h Td 9s]
kurbaten: bets $0.42
Fostal_by: calls $0.42
*** TURN *** [4h Td 9s] [Ac]
kurbaten: bets $0.82
Fostal_by: raises $0.82 to $1.64
kurbaten: calls $0.82
*** RIVER *** [4h Td 9s Ac] [8d]
kurbaten: bets $2.87 and is all-in
Fostal_by: calls $2.60 and is all-in
Uncalled bet ($0.27) returned to kurbaten
*** SHOW DOWN ***
kurbaten: shows [Qc Qs] (a pair of Queens)
Fostal_by: shows [Th Tc] (three of a kind, Tens)
Fostal_by collected $9.77 from pot
*** SUMMARY ***
Total pot $10.19 | Rake $0.42 
Board [4h Td 9s Ac 8d]
Seat 1: Mr.BinAlik (button) folded before Flop (didn't bet)
Seat 2: kurbaten (small blind) showed [Qc Qs] and lost with a pair of Queens
Seat 3: salat1k777 (big blind) folded before Flop
Seat 4: Gugulete08 folded before Flop (didn't bet)
Seat 5: HubertusB folded before Flop (didn't bet)
Seat 6: Fostal_by showed [Th Tc] and won ($9.77) with three of a kind, Tens



PokerStars Zoom Hand #185131694005:  Hold'em No Limit ($0.02/$0.05) - 2018/04/12 22:16:00 CCT [2018/04/12 10:16:00 ET]
Table 'Donati' 6-max Seat #1 is the button
Seat 1: HubertusB ($5 in chips) 
Seat 2: steven_stans ($5 in chips) 
Seat 3: sshan ($5.33 in chips) 
Seat 4: nightwolkers ($5.75 in chips) 
Seat 5: peposkitsos ($5.12 in chips) 
Seat 6: edduarth ($5.05 in chips) 
steven_stans: posts small blind $0.02
sshan: posts big blind $0.05
*** HOLE CARDS ***
Dealt to HubertusB [5c 8h]
nightwolkers: folds 
peposkitsos: folds 
edduarth: folds 
HubertusB: folds 
steven_stans: calls $0.03
sshan: checks 
*** FLOP *** [4h 6d 2d]
steven_stans: checks 
sshan: checks 
*** TURN *** [4h 6d 2d] [5h]
steven_stans: bets $0.07
sshan: raises $0.07 to $0.14
steven_stans: raises $0.46 to $0.60
sshan: folds 
Uncalled bet ($0.46) returned to steven_stans
steven_stans collected $0.36 from pot
steven_stans: doesn't show hand 
*** SUMMARY ***
Total pot $0.38 | Rake $0.02 
Board [4h 6d 2d 5h]
Seat 1: HubertusB (button) folded before Flop (didn't bet)
Seat 2: steven_stans (small blind) collected ($0.36)
Seat 3: sshan (big blind) folded on the Turn
Seat 4: nightwolkers folded before Flop (didn't bet)
Seat 5: peposkitsos folded before Flop (didn't bet)
Seat 6: edduarth folded before Flop (didn't bet)



PokerStars Zoom Hand #185131697175:  Hold'em No Limit ($0.02/$0.05) - 2018/04/12 22:16:06 CCT [2018/04/12 10:16:06 ET]
Table 'Donati' 6-max Seat #1 is the button
Seat 1: pulsner78 ($18.03 in chips) 
Seat 2: nightwolkers ($8.52 in chips) 
Seat 3: HubertusB ($5 in chips) 
Seat 4: VapaZz ($21.26 in chips) 
Seat 5: MickHugZ ($5 in chips) 
Seat 6: Nico1149 ($6.66 in chips) 
nightwolkers: posts small blind $0.02
HubertusB: posts big blind $0.05
*** HOLE CARDS ***
Dealt to HubertusB [4c Kh]
VapaZz: folds 
MickHugZ: folds 
Nico1149: folds 
pulsner78: raises $0.07 to $0.12
nightwolkers: folds 
HubertusB: raises $0.23 to $0.35
pulsner78: calls $0.23
*** FLOP *** [Jh Ts Qc]
HubertusB: bets $0.35
pulsner78: calls $0.35
*** TURN *** [Jh Ts Qc] [Ah]
HubertusB: checks 
pulsner78: bets $0.45
HubertusB: calls $0.45
*** RIVER *** [Jh Ts Qc Ah] [5c]
HubertusB: checks 
pulsner78: bets $0.73
HubertusB: calls $0.73
*** SHOW DOWN ***
pulsner78: shows [Qs Kc] (a straight, Ten to Ace)
HubertusB: shows [4c Kh] (a straight, Ten to Ace)
HubertusB collected $1.81 from pot
pulsner78 collected $1.81 from pot
*** SUMMARY ***
Total pot $3.78 | Rake $0.16 
Board [Jh Ts Qc Ah 5c]
Seat 1: pulsner78 (button) showed [Qs Kc] and won ($1.81) with a straight, Ten to Ace
Seat 2: nightwolkers (small blind) folded before Flop
Seat 3: HubertusB (big blind) showed [4c Kh] and won ($1.81) with a straight, Ten to Ace
Seat 4: VapaZz folded before Flop (didn't bet)
Seat 5: MickHugZ folded before Flop (didn't bet)
Seat 6: Nico1149 folded before Flop (didn't bet)



PokerStars Zoom Hand #185131725780:  Hold'em No Limit ($0.02/$0.05) - 2018/04/12 22:17:01 CCT [2018/04/12 10:17:01 ET]
Table 'Donati' 6-max Seat #1 is the button
Seat 1: Immunion ($6.02 in chips) 
Seat 2: HubertusB ($4.93 in chips) 
Seat 3: MetaTrader4 ($6.70 in chips) 
Seat 4: positionlimp ($8.72 in chips) 
Seat 5: l1yJl9naBblJlET ($11.57 in chips) 
Seat 6: Girigal ($5.20 in chips) 
HubertusB: posts small blind $0.02
MetaTrader4: posts big blind $0.05
*** HOLE CARDS ***
Dealt to HubertusB [9d Ah]
positionlimp: folds 
l1yJl9naBblJlET: folds 
Girigal: folds 
Immunion: folds 
HubertusB: folds 
Uncalled bet ($0.03) returned to MetaTrader4
MetaTrader4 collected $0.04 from pot
MetaTrader4: doesn't show hand 
*** SUMMARY ***
Total pot $0.04 | Rake $0 
Seat 1: Immunion (button) folded before Flop (didn't bet)
Seat 2: HubertusB (small blind) folded before Flop
Seat 3: MetaTrader4 (big blind) collected ($0.04)
Seat 4: positionlimp folded before Flop (didn't bet)
Seat 5: l1yJl9naBblJlET folded before Flop (didn't bet)
Seat 6: Girigal folded before Flop (didn't bet)



PokerStars Zoom Hand #185131723207:  Hold'em No Limit ($0.02/$0.05) - 2018/04/12 22:16:56 CCT [2018/04/12 10:16:56 ET]
Table 'Donati' 6-max Seat #1 is the button
Seat 1: yumeko0001 ($7.38 in chips) 
Seat 2: tobbelitoz89 ($9.18 in chips) 
Seat 3: pjsgalvao ($5.80 in chips) 
Seat 4: isjaki ($6.65 in chips) 
Seat 5: Girigal ($5.20 in chips) 
Seat 6: HubertusB ($4.93 in chips) 
tobbelitoz89: posts small blind $0.02
pjsgalvao: posts big blind $0.05
*** HOLE CARDS ***
Dealt to HubertusB [5h 2s]
isjaki: folds 
Girigal: folds 
HubertusB: folds 
yumeko0001: folds 
tobbelitoz89: raises $0.07 to $0.12
pjsgalvao: folds 
Uncalled bet ($0.07) returned to tobbelitoz89
tobbelitoz89 collected $0.10 from pot
tobbelitoz89: doesn't show hand 
*** SUMMARY ***
Total pot $0.10 | Rake $0 
Seat 1: yumeko0001 (button) folded before Flop (didn't bet)
Seat 2: tobbelitoz89 (small blind) collected ($0.10)
Seat 3: pjsgalvao (big blind) folded before Flop
Seat 4: isjaki folded before Flop (didn't bet)
Seat 5: Girigal folded before Flop (didn't bet)
Seat 6: HubertusB folded before Flop (didn't bet)



PokerStars Zoom Hand #185131728418:  Hold'em No Limit ($0.02/$0.05) - 2018/04/12 22:17:06 CCT [2018/04/12 10:17:06 ET]
Table 'Donati' 6-max Seat #1 is the button
Seat 1: nextgen07 ($5.26 in chips) 
Seat 2: DolFRU ($29.81 in chips) 
Seat 3: Meowez33 ($5.02 in chips) 
Seat 4: Schakal224 ($4.74 in chips) 
Seat 5: HubertusB ($4.91 in chips) 
Seat 6: qq3350699419 ($8.57 in chips) 
DolFRU: posts small blind $0.02
Meowez33: posts big blind $0.05
*** HOLE CARDS ***
Dealt to HubertusB [Ad 4d]
Schakal224: folds 
HubertusB: raises $0.05 to $0.10
qq3350699419: calls $0.10
nextgen07: raises $0.40 to $0.50
DolFRU: folds 
Meowez33: folds 
HubertusB: folds 
qq3350699419: calls $0.40
*** FLOP *** [Qs 7s 9h]
qq3350699419: checks 
nextgen07: bets $0.67
qq3350699419: raises $2.46 to $3.13
nextgen07: folds 
Uncalled bet ($2.46) returned to qq3350699419
qq3350699419 collected $2.41 from pot
qq3350699419: doesn't show hand 
*** SUMMARY ***
Total pot $2.51 | Rake $0.10 
Board [Qs 7s 9h]
Seat 1: nextgen07 (button) folded on the Flop
Seat 2: DolFRU (small blind) folded before Flop
Seat 3: Meowez33 (big blind) folded before Flop
Seat 4: Schakal224 folded before Flop (didn't bet)
Seat 5: HubertusB folded before Flop
Seat 6: qq3350699419 collected ($2.41)



PokerStars Zoom Hand #185131748271:  Hold'em No Limit ($0.02/$0.05) - 2018/04/12 22:17:44 CCT [2018/04/12 10:17:44 ET]
Table 'Donati' 6-max Seat #1 is the button
Seat 1: SkMaskWay ($4.43 in chips) 
Seat 2: khalatov ($5.09 in chips) 
Seat 3: laki371137 ($7.96 in chips) 
Seat 4: vadim_audi ($5 in chips) 
Seat 5: rovshanbet19 ($7.31 in chips) 
Seat 6: HubertusB ($4.81 in chips) 
khalatov: posts small blind $0.02
laki371137: posts big blind $0.05
*** HOLE CARDS ***
Dealt to HubertusB [Ah 8h]
vadim_audi: folds 
rovshanbet19: raises $0.05 to $0.10
HubertusB: raises $0.20 to $0.30
SkMaskWay: folds 
khalatov: folds 
laki371137: folds 
rovshanbet19: folds 
Uncalled bet ($0.20) returned to HubertusB
HubertusB collected $0.27 from pot
HubertusB: doesn't show hand 
*** SUMMARY ***
Total pot $0.27 | Rake $0 
Seat 1: SkMaskWay (button) folded before Flop (didn't bet)
Seat 2: khalatov (small blind) folded before Flop
Seat 3: laki371137 (big blind) folded before Flop
Seat 4: vadim_audi folded before Flop (didn't bet)
Seat 5: rovshanbet19 folded before Flop
Seat 6: HubertusB collected ($0.27)



PokerStars Zoom Hand #185131758197:  Hold'em No Limit ($0.02/$0.05) - 2018/04/12 22:18:03 CCT [2018/04/12 10:18:03 ET]
Table 'Donati' 6-max Seat #1 is the button
Seat 1: BelSv ($17.27 in chips) 
Seat 2: BrenyFolds ($3.13 in chips) 
Seat 3: asleysantos ($4.95 in chips) 
Seat 4: HubertusB ($4.98 in chips) 
Seat 5: kraquosAA ($6.58 in chips) 
Seat 6: szczesniak87 ($7.74 in chips) 
BrenyFolds: posts small blind $0.02
asleysantos: posts big blind $0.05
*** HOLE CARDS ***
Dealt to HubertusB [Jh Th]
HubertusB: raises $0.05 to $0.10
kraquosAA: folds 
szczesniak87: folds 
BelSv: folds 
BrenyFolds: calls $0.08
asleysantos: calls $0.05
*** FLOP *** [Qc Qh 8d]
BrenyFolds: bets $0.20
asleysantos: calls $0.20
HubertusB: calls $0.20
*** TURN *** [Qc Qh 8d] [2d]
BrenyFolds: checks 
asleysantos: checks 
HubertusB: bets $0.60
BrenyFolds: folds 
asleysantos: folds 
Uncalled bet ($0.60) returned to HubertusB
HubertusB collected $0.86 from pot
HubertusB: doesn't show hand 
*** SUMMARY ***
Total pot $0.90 | Rake $0.04 
Board [Qc Qh 8d 2d]
Seat 1: BelSv (button) folded before Flop (didn't bet)
Seat 2: BrenyFolds (small blind) folded on the Turn
Seat 3: asleysantos (big blind) folded on the Turn
Seat 4: HubertusB collected ($0.86)
Seat 5: kraquosAA folded before Flop (didn't bet)
Seat 6: szczesniak87 folded before Flop (didn't bet)



PokerStars Zoom Hand #185131777649:  Hold'em No Limit ($0.02/$0.05) - 2018/04/12 22:18:40 CCT [2018/04/12 10:18:40 ET]
Table 'Donati' 6-max Seat #1 is the button
Seat 1: c3ntur10n ($1.41 in chips) 
Seat 2: german_got ($9.90 in chips) 
Seat 3: HubertusB ($5.54 in chips) 
Seat 4: Arsenum1 ($5.37 in chips) 
Seat 5: danimer89 ($6.52 in chips) 
Seat 6: karas554 ($1.81 in chips) 
german_got: posts small blind $0.02
HubertusB: posts big blind $0.05
*** HOLE CARDS ***
Dealt to HubertusB [Qd Ac]
Arsenum1: folds 
danimer89: folds 
karas554: folds 
c3ntur10n: folds 
german_got: folds 
Uncalled bet ($0.03) returned to HubertusB
HubertusB collected $0.04 from pot
HubertusB: doesn't show hand 
*** SUMMARY ***
Total pot $0.04 | Rake $0 
Seat 1: c3ntur10n (button) folded before Flop (didn't bet)
Seat 2: german_got (small blind) folded before Flop
Seat 3: HubertusB (big blind) collected ($0.04)
Seat 4: Arsenum1 folded before Flop (didn't bet)
Seat 5: danimer89 folded before Flop (didn't bet)
Seat 6: karas554 folded before Flop (didn't bet)



PokerStars Zoom Hand #185131788576:  Hold'em No Limit ($0.02/$0.05) - 2018/04/12 22:19:01 CCT [2018/04/12 10:19:01 ET]
Table 'Donati' 6-max Seat #1 is the button
Seat 1: 123hawkeye12 ($6.41 in chips) 
Seat 2: qk rodriguez ($5.02 in chips) 
Seat 3: DASDIX ($5 in chips) 
Seat 4: mars714 ($3.88 in chips) 
Seat 5: HubertusB ($5.54 in chips) 
Seat 6: nextgen07 ($5.08 in chips) 
qk rodriguez: posts small blind $0.02
DASDIX: posts big blind $0.05
*** HOLE CARDS ***
Dealt to HubertusB [Ks Tc]
mars714: folds 
HubertusB: raises $0.05 to $0.10
nextgen07: folds 
123hawkeye12: folds 
qk rodriguez: folds 
DASDIX: folds 
Uncalled bet ($0.05) returned to HubertusB
HubertusB collected $0.12 from pot
HubertusB: doesn't show hand 
*** SUMMARY ***
Total pot $0.12 | Rake $0 
Seat 1: 123hawkeye12 (button) folded before Flop (didn't bet)
Seat 2: qk rodriguez (small blind) folded before Flop
Seat 3: DASDIX (big blind) folded before Flop
Seat 4: mars714 folded before Flop (didn't bet)
Seat 5: HubertusB collected ($0.12)
Seat 6: nextgen07 folded before Flop (didn't bet)



PokerStars Zoom Hand #185131782340:  Hold'em No Limit ($0.02/$0.05) - 2018/04/12 22:18:49 CCT [2018/04/12 10:18:49 ET]
Table 'Donati' 6-max Seat #1 is the button
Seat 1: positionlimp ($12.81 in chips) 
Seat 2: HubertusB ($5.56 in chips) 
Seat 3: Dima Jetta ($5 in chips) 
Seat 4: UruGabo ($5.07 in chips) 
Seat 5: nightwolkers ($6.86 in chips) 
Seat 6: Rybka4.1 ($5.05 in chips) 
HubertusB: posts small blind $0.02
Dima Jetta: posts big blind $0.05
*** HOLE CARDS ***
Dealt to HubertusB [Ts Qc]
UruGabo: folds 
nightwolkers: folds 
Rybka4.1: raises $0.07 to $0.12
positionlimp: raises $0.33 to $0.45
HubertusB: folds 
Dima Jetta: folds 
Rybka4.1: folds 
Uncalled bet ($0.33) returned to positionlimp
positionlimp collected $0.31 from pot
positionlimp: doesn't show hand 
*** SUMMARY ***
Total pot $0.31 | Rake $0 
Seat 1: positionlimp (button) collected ($0.31)
Seat 2: HubertusB (small blind) folded before Flop
Seat 3: Dima Jetta (big blind) folded before Flop
Seat 4: UruGabo folded before Flop (didn't bet)
Seat 5: nightwolkers folded before Flop (didn't bet)
Seat 6: Rybka4.1 folded before Flop



PokerStars Zoom Hand #185131785426:  Hold'em No Limit ($0.02/$0.05) - 2018/04/12 22:18:55 CCT [2018/04/12 10:18:55 ET]
Table 'Donati' 6-max Seat #1 is the button
Seat 1: HubertusB ($5.54 in chips) 
Seat 2: MurMurRu ($5.57 in chips) 
Seat 3: anta60 ($5.22 in chips) 
Seat 4: UNO.228 ($7.48 in chips) 
Seat 5: AkoAySugarol ($5 in chips) 
Seat 6: vieuren1986 ($10.37 in chips) 
MurMurRu: posts small blind $0.02
anta60: posts big blind $0.05
*** HOLE CARDS ***
Dealt to HubertusB [Qh 2s]
UNO.228: folds 
AkoAySugarol: folds 
vieuren1986: folds 
HubertusB: folds 
MurMurRu: raises $0.10 to $0.15
anta60: raises $0.30 to $0.45
MurMurRu: folds 
Uncalled bet ($0.30) returned to anta60
anta60 collected $0.30 from pot
anta60: doesn't show hand 
*** SUMMARY ***
Total pot $0.30 | Rake $0 
Seat 1: HubertusB (button) folded before Flop (didn't bet)
Seat 2: MurMurRu (small blind) folded before Flop
Seat 3: anta60 (big blind) collected ($0.30)
Seat 4: UNO.228 folded before Flop (didn't bet)
Seat 5: AkoAySugarol folded before Flop (didn't bet)
Seat 6: vieuren1986 folded before Flop (didn't bet)



PokerStars Zoom Hand #185131794425:  Hold'em No Limit ($0.02/$0.05) - 2018/04/12 22:19:12 CCT [2018/04/12 10:19:12 ET]
Table 'Donati' 6-max Seat #1 is the button
Seat 1: yumeko0001 ($9.63 in chips) 
Seat 2: Jeff C Pipe ($5.38 in chips) 
Seat 3: DASDIX ($5 in chips) 
Seat 4: HubertusB ($5.61 in chips) 
Seat 5: Grishum ($5.71 in chips) 
Seat 6: galoanapolis ($5.12 in chips) 
Jeff C Pipe: posts small blind $0.02
DASDIX: posts big blind $0.05
*** HOLE CARDS ***
Dealt to HubertusB [Th Kd]
HubertusB: raises $0.10 to $0.15
Grishum: folds 
galoanapolis: raises $0.30 to $0.45
yumeko0001: folds 
Jeff C Pipe: folds 
DASDIX: folds 
HubertusB: folds 
Uncalled bet ($0.30) returned to galoanapolis
galoanapolis collected $0.37 from pot
galoanapolis: doesn't show hand 
*** SUMMARY ***
Total pot $0.37 | Rake $0 
Seat 1: yumeko0001 (button) folded before Flop (didn't bet)
Seat 2: Jeff C Pipe (small blind) folded before Flop
Seat 3: DASDIX (big blind) folded before Flop
Seat 4: HubertusB folded before Flop
Seat 5: Grishum folded before Flop (didn't bet)
Seat 6: galoanapolis collected ($0.37)



PokerStars Zoom Hand #185131807498:  Hold'em No Limit ($0.02/$0.05) - 2018/04/12 22:19:37 CCT [2018/04/12 10:19:37 ET]
Table 'Donati' 6-max Seat #1 is the button
Seat 1: yumeko0001 ($12.47 in chips) 
Seat 2: AverianovA ($5.39 in chips) 
Seat 3: qq3350699419 ($5 in chips) 
Seat 4: Kota0501 ($6.57 in chips) 
Seat 5: Xodrobalubas ($5.13 in chips) 
Seat 6: HubertusB ($5.46 in chips) 
AverianovA: posts small blind $0.02
qq3350699419: posts big blind $0.05
*** HOLE CARDS ***
Dealt to HubertusB [Kh Ah]
Kota0501: raises $0.10 to $0.15
Xodrobalubas: folds 
HubertusB: calls $0.15
yumeko0001: folds 
AverianovA: folds 
qq3350699419: folds 
*** FLOP *** [9c 8s Tc]
Kota0501: bets $0.23
HubertusB: folds 
Uncalled bet ($0.23) returned to Kota0501
Kota0501 collected $0.35 from pot
Kota0501: doesn't show hand 
*** SUMMARY ***
Total pot $0.37 | Rake $0.02 
Board [9c 8s Tc]
Seat 1: yumeko0001 (button) folded before Flop (didn't bet)
Seat 2: AverianovA (small blind) folded before Flop
Seat 3: qq3350699419 (big blind) folded before Flop
Seat 4: Kota0501 collected ($0.35)
Seat 5: Xodrobalubas folded before Flop (didn't bet)
Seat 6: HubertusB folded on the Flop



PokerStars Zoom Hand #185131836356:  Hold'em No Limit ($0.02/$0.05) - 2018/04/12 22:20:32 CCT [2018/04/12 10:20:32 ET]
Table 'Donati' 6-max Seat #1 is the button
Seat 1: rovshanbet19 ($2.94 in chips) 
Seat 2: HubertusB ($5.26 in chips) 
Seat 3: Lethiferous ($5 in chips) 
Seat 4: loustros ($7.98 in chips) 
Seat 5: MrInTerra ($7.85 in chips) 
Seat 6: Jeff C Pipe ($5.43 in chips) 
HubertusB: posts small blind $0.02
Lethiferous: posts big blind $0.05
*** HOLE CARDS ***
Dealt to HubertusB [8c Ac]
loustros: folds 
MrInTerra: folds 
Jeff C Pipe: folds 
rovshanbet19: folds 
HubertusB: raises $0.05 to $0.10
Lethiferous: calls $0.05
*** FLOP *** [Kc Js 6c]
HubertusB: bets $0.15
Lethiferous: calls $0.15
*** TURN *** [Kc Js 6c] [Ad]
HubertusB: bets $0.35
Lethiferous: folds 
Uncalled bet ($0.35) returned to HubertusB
HubertusB collected $0.48 from pot
HubertusB: doesn't show hand 
*** SUMMARY ***
Total pot $0.50 | Rake $0.02 
Board [Kc Js 6c Ad]
Seat 1: rovshanbet19 (button) folded before Flop (didn't bet)
Seat 2: HubertusB (small blind) collected ($0.48)
Seat 3: Lethiferous (big blind) folded on the Turn
Seat 4: loustros folded before Flop (didn't bet)
Seat 5: MrInTerra folded before Flop (didn't bet)
Seat 6: Jeff C Pipe folded before Flop (didn't bet)



PokerStars Zoom Hand #185131822800:  Hold'em No Limit ($0.02/$0.05) - 2018/04/12 22:20:06 CCT [2018/04/12 10:20:06 ET]
Table 'Donati' 6-max Seat #1 is the button
Seat 1: ibiza48 ($19.23 in chips) 
Seat 2: BelSv ($6.71 in chips) 
Seat 3: HubertusB ($5.31 in chips) 
Seat 4: Ixer1 ($2.67 in chips) 
Seat 5: GrafVolskiu ($5.50 in chips) 
Seat 6: Gregory.M23 ($5 in chips) 
BelSv: posts small blind $0.02
HubertusB: posts big blind $0.05
*** HOLE CARDS ***
Dealt to HubertusB [6h 7h]
Ixer1: folds 
GrafVolskiu: folds 
Gregory.M23: raises $0.07 to $0.12
ibiza48: raises $0.24 to $0.36
BelSv: folds 
HubertusB: folds 
Gregory.M23: calls $0.24
*** FLOP *** [Jd Qs 7s]
Gregory.M23: checks 
ibiza48: checks 
*** TURN *** [Jd Qs 7s] [4h]
Gregory.M23: checks 
ibiza48: checks 
*** RIVER *** [Jd Qs 7s 4h] [3d]
Gregory.M23: checks 
ibiza48: checks 
*** SHOW DOWN ***
Gregory.M23: shows [8c 7c] (a pair of Sevens)
ibiza48: mucks hand 
Gregory.M23 collected $0.76 from pot
*** SUMMARY ***
Total pot $0.79 | Rake $0.03 
Board [Jd Qs 7s 4h 3d]
Seat 1: ibiza48 (button) mucked [Ah Kd]
Seat 2: BelSv (small blind) folded before Flop
Seat 3: HubertusB (big blind) folded before Flop
Seat 4: Ixer1 folded before Flop (didn't bet)
Seat 5: GrafVolskiu folded before Flop (didn't bet)
Seat 6: Gregory.M23 showed [8c 7c] and won ($0.76) with a pair of Sevens



PokerStars Zoom Hand #185131853758:  Hold'em No Limit ($0.02/$0.05) - 2018/04/12 22:21:05 CCT [2018/04/12 10:21:05 ET]
Table 'Donati' 6-max Seat #1 is the button
Seat 1: HubertusB ($5.49 in chips) 
Seat 2: Girigal ($5.44 in chips) 
Seat 3: qk rodriguez ($5.05 in chips) 
Seat 4: AnkiKuya ($5.63 in chips) 
Seat 5: BaydinDm ($5.07 in chips) 
Seat 6: LukeDexter ($9.86 in chips) 
Girigal: posts small blind $0.02
qk rodriguez: posts big blind $0.05
*** HOLE CARDS ***
Dealt to HubertusB [6s 3d]
AnkiKuya: folds 
BaydinDm: raises $0.10 to $0.15
LukeDexter: folds 
HubertusB: folds 
Girigal: folds 
qk rodriguez: folds 
Uncalled bet ($0.10) returned to BaydinDm
BaydinDm collected $0.12 from pot
BaydinDm: doesn't show hand 
*** SUMMARY ***
Total pot $0.12 | Rake $0 
Seat 1: HubertusB (button) folded before Flop (didn't bet)
Seat 2: Girigal (small blind) folded before Flop
Seat 3: qk rodriguez (big blind) folded before Flop
Seat 4: AnkiKuya folded before Flop (didn't bet)
Seat 5: BaydinDm collected ($0.12)
Seat 6: LukeDexter folded before Flop (didn't bet)



PokerStars Zoom Hand #185131860060:  Hold'em No Limit ($0.02/$0.05) - 2018/04/12 22:21:17 CCT [2018/04/12 10:21:17 ET]
Table 'Donati' 6-max Seat #1 is the button
Seat 1: Kyhmynen ($5.86 in chips) 
Seat 2: hcpalli ($5.20 in chips) 
Seat 3: asterea_97 ($9.38 in chips) 
Seat 4: skajlacz ($5.36 in chips) 
Seat 5: confirmedanc ($5.24 in chips) 
Seat 6: HubertusB ($5.49 in chips) 
hcpalli: posts small blind $0.02
asterea_97: posts big blind $0.05
*** HOLE CARDS ***
Dealt to HubertusB [Jd 2d]
skajlacz: folds 
confirmedanc: folds 
HubertusB: raises $0.05 to $0.10
Kyhmynen: folds 
hcpalli: folds 
asterea_97: folds 
Uncalled bet ($0.05) returned to HubertusB
HubertusB collected $0.12 from pot
HubertusB: doesn't show hand 
*** SUMMARY ***
Total pot $0.12 | Rake $0 
Seat 1: Kyhmynen (button) folded before Flop (didn't bet)
Seat 2: hcpalli (small blind) folded before Flop
Seat 3: asterea_97 (big blind) folded before Flop
Seat 4: skajlacz folded before Flop (didn't bet)
Seat 5: confirmedanc folded before Flop (didn't bet)
Seat 6: HubertusB collected ($0.12)



PokerStars Zoom Hand #185131868488:  Hold'em No Limit ($0.02/$0.05) - 2018/04/12 22:21:33 CCT [2018/04/12 10:21:33 ET]
Table 'Donati' 6-max Seat #1 is the button
Seat 1: naimscorp ($7.02 in chips) 
Seat 2: HubertusB ($5.56 in chips) 
Seat 3: XBlackManXX ($4.04 in chips) 
Seat 4: SkMaskWay ($7.94 in chips) 
Seat 5: MrInTerra ($3.90 in chips) 
Seat 6: PandaAs ($5 in chips) 
HubertusB: posts small blind $0.02
XBlackManXX: posts big blind $0.05
*** HOLE CARDS ***
Dealt to HubertusB [Qs 3c]
SkMaskWay: folds 
MrInTerra: folds 
PandaAs: folds 
naimscorp: folds 
HubertusB: folds 
Uncalled bet ($0.03) returned to XBlackManXX
XBlackManXX collected $0.04 from pot
XBlackManXX: doesn't show hand 
*** SUMMARY ***
Total pot $0.04 | Rake $0 
Seat 1: naimscorp (button) folded before Flop (didn't bet)
Seat 2: HubertusB (small blind) folded before Flop
Seat 3: XBlackManXX (big blind) collected ($0.04)
Seat 4: SkMaskWay folded before Flop (didn't bet)
Seat 5: MrInTerra folded before Flop (didn't bet)
Seat 6: PandaAs folded before Flop (didn't bet)



PokerStars Zoom Hand #185131871626:  Hold'em No Limit ($0.02/$0.05) - 2018/04/12 22:21:39 CCT [2018/04/12 10:21:39 ET]
Table 'Donati' 6-max Seat #1 is the button
Seat 1: HubertusB ($5.54 in chips) 
Seat 2: qk rodriguez ($5.52 in chips) 
Seat 3: Mankon95 ($5.17 in chips) 
Seat 4: kon_tss1 ($5.27 in chips) 
Seat 5: igor29arh ($15.30 in chips) 
Seat 6: kzona99 ($2.38 in chips) 
qk rodriguez: posts small blind $0.02
Mankon95: posts big blind $0.05
*** HOLE CARDS ***
Dealt to HubertusB [4s Qh]
kon_tss1: raises $0.07 to $0.12
igor29arh: folds 
kzona99: folds 
HubertusB: folds 
qk rodriguez: folds 
Mankon95: folds 
Uncalled bet ($0.07) returned to kon_tss1
kon_tss1 collected $0.12 from pot
kon_tss1: doesn't show hand 
*** SUMMARY ***
Total pot $0.12 | Rake $0 
Seat 1: HubertusB (button) folded before Flop (didn't bet)
Seat 2: qk rodriguez (small blind) folded before Flop
Seat 3: Mankon95 (big blind) folded before Flop
Seat 4: kon_tss1 collected ($0.12)
Seat 5: igor29arh folded before Flop (didn't bet)
Seat 6: kzona99 folded before Flop (didn't bet)



PokerStars Zoom Hand #185131856404:  Hold'em No Limit ($0.02/$0.05) - 2018/04/12 22:21:10 CCT [2018/04/12 10:21:10 ET]
Table 'Donati' 6-max Seat #1 is the button
Seat 1: Cka3bI4 ($9.54 in chips) 
Seat 2: mkbftw ($5.02 in chips) 
Seat 3: xodyac ($5.51 in chips) 
Seat 4: High Calonic ($5 in chips) 
Seat 5: HubertusB ($5.49 in chips) 
Seat 6: fill9999 ($3.98 in chips) 
mkbftw: posts small blind $0.02
xodyac: posts big blind $0.05
*** HOLE CARDS ***
Dealt to HubertusB [2h 8h]
High Calonic: raises $0.05 to $0.10
HubertusB: folds 
fill9999: folds 
Cka3bI4: calls $0.10
mkbftw: folds 
xodyac: raises $0.32 to $0.42
High Calonic: calls $0.32
Cka3bI4: folds 
*** FLOP *** [3h Jd 7s]
xodyac: bets $0.74
High Calonic: calls $0.74
*** TURN *** [3h Jd 7s] [Kh]
xodyac: checks 
High Calonic: bets $0.70
xodyac: calls $0.70
*** RIVER *** [3h Jd 7s Kh] [6h]
xodyac: checks 
High Calonic: bets $3.14 and is all-in
xodyac: calls $3.14
*** SHOW DOWN ***
High Calonic: shows [7d 7c] (three of a kind, Sevens)
xodyac: shows [Ad Jh] (a pair of Jacks)
High Calonic collected $9.70 from pot
*** SUMMARY ***
Total pot $10.12 | Rake $0.42 
Board [3h Jd 7s Kh 6h]
Seat 1: Cka3bI4 (button) folded before Flop
Seat 2: mkbftw (small blind) folded before Flop
Seat 3: xodyac (big blind) showed [Ad Jh] and lost with a pair of Jacks
Seat 4: High Calonic showed [7d 7c] and won ($9.70) with three of a kind, Sevens
Seat 5: HubertusB folded before Flop (didn't bet)
Seat 6: fill9999 folded before Flop (didn't bet)



PokerStars Zoom Hand #185131875846:  Hold'em No Limit ($0.02/$0.05) - 2018/04/12 22:21:47 CCT [2018/04/12 10:21:47 ET]
Table 'Donati' 6-max Seat #1 is the button
Seat 1: V1rtu()3 ($13.05 in chips) 
Seat 2: asterea_97 ($9.40 in chips) 
Seat 3: HubertusB ($5.54 in chips) 
Seat 4: ginom22 ($4.26 in chips) 
Seat 5: Nxt1pls ($6.10 in chips) 
Seat 6: Draugsvoll ($8.58 in chips) 
asterea_97: posts small blind $0.02
HubertusB: posts big blind $0.05
*** HOLE CARDS ***
Dealt to HubertusB [Kc 2d]
ginom22: raises $0.10 to $0.15
Nxt1pls: folds 
Draugsvoll: folds 
V1rtu()3: folds 
asterea_97: calls $0.13
HubertusB: folds 
*** FLOP *** [Jd Qh Ah]
asterea_97: checks 
ginom22: bets $0.23
asterea_97: raises $0.42 to $0.65
ginom22: folds 
Uncalled bet ($0.42) returned to asterea_97
asterea_97 collected $0.78 from pot
asterea_97: doesn't show hand 
*** SUMMARY ***
Total pot $0.81 | Rake $0.03 
Board [Jd Qh Ah]
Seat 1: V1rtu()3 (button) folded before Flop (didn't bet)
Seat 2: asterea_97 (small blind) collected ($0.78)
Seat 3: HubertusB (big blind) folded before Flop
Seat 4: ginom22 folded on the Flop
Seat 5: Nxt1pls folded before Flop (didn't bet)
Seat 6: Draugsvoll folded before Flop (didn't bet)



PokerStars Zoom Hand #185131880040:  Hold'em No Limit ($0.02/$0.05) - 2018/04/12 22:21:55 CCT [2018/04/12 10:21:55 ET]
Table 'Donati' 6-max Seat #1 is the button
Seat 1: Mankon95 ($5.12 in chips) 
Seat 2: MurMurRu ($5.56 in chips) 
Seat 3: mps109 ($10.04 in chips) 
Seat 4: RusTaxi777 ($6.16 in chips) 
Seat 5: HubertusB ($5.49 in chips) 
Seat 6: yumeko0001 ($12.53 in chips) 
MurMurRu: posts small blind $0.02
mps109: posts big blind $0.05
*** HOLE CARDS ***
Dealt to HubertusB [6d 5d]
RusTaxi777: folds 
HubertusB: raises $0.05 to $0.10
yumeko0001: folds 
Mankon95: folds 
MurMurRu: folds 
mps109: calls $0.05
*** FLOP *** [8s Js Td]
mps109: checks 
HubertusB: bets $0.15
mps109: folds 
Uncalled bet ($0.15) returned to HubertusB
HubertusB collected $0.21 from pot
HubertusB: doesn't show hand 
*** SUMMARY ***
Total pot $0.22 | Rake $0.01 
Board [8s Js Td]
Seat 1: Mankon95 (button) folded before Flop (didn't bet)
Seat 2: MurMurRu (small blind) folded before Flop
Seat 3: mps109 (big blind) folded on the Flop
Seat 4: RusTaxi777 folded before Flop (didn't bet)
Seat 5: HubertusB collected ($0.21)
Seat 6: yumeko0001 folded before Flop (didn't bet)



PokerStars Zoom Hand #185131893755:  Hold'em No Limit ($0.02/$0.05) - 2018/04/12 22:22:21 CCT [2018/04/12 10:22:21 ET]
Table 'Donati' 6-max Seat #1 is the button
Seat 1: Dimas169 ($5.20 in chips) 
Seat 2: ibiza48 ($18.82 in chips) 
Seat 3: kzona99 ($2.28 in chips) 
Seat 4: HubertusB ($5.60 in chips) 
Seat 5: hcpalli ($5.13 in chips) 
Seat 6: devourer108 ($5.47 in chips) 
ibiza48: posts small blind $0.02
kzona99: posts big blind $0.05
*** HOLE CARDS ***
Dealt to HubertusB [9d 6h]
HubertusB: folds 
hcpalli: folds 
devourer108: folds 
Dimas169: raises $0.07 to $0.12
ibiza48: folds 
kzona99: folds 
Uncalled bet ($0.07) returned to Dimas169
Dimas169 collected $0.12 from pot
Dimas169: doesn't show hand 
*** SUMMARY ***
Total pot $0.12 | Rake $0 
Seat 1: Dimas169 (button) collected ($0.12)
Seat 2: ibiza48 (small blind) folded before Flop
Seat 3: kzona99 (big blind) folded before Flop
Seat 4: HubertusB folded before Flop (didn't bet)
Seat 5: hcpalli folded before Flop (didn't bet)
Seat 6: devourer108 folded before Flop (didn't bet)



PokerStars Zoom Hand #185131899451:  Hold'em No Limit ($0.02/$0.05) - 2018/04/12 22:22:32 CCT [2018/04/12 10:22:32 ET]
Table 'Donati' 6-max Seat #1 is the button
Seat 1: kemps03 ($5.64 in chips) 
Seat 2: DASDIX ($5.02 in chips) 
Seat 3: Ryan Fang ($5.07 in chips) 
Seat 4: HubertusB ($5.60 in chips) 
Seat 5: Dima Jetta ($5.19 in chips) 
Seat 6: AleyF ($6.14 in chips) 
DASDIX: posts small blind $0.02
Ryan Fang: posts big blind $0.05
*** HOLE CARDS ***
Dealt to HubertusB [Tc 2s]
HubertusB: folds 
Dima Jetta: folds 
AleyF: folds 
kemps03: raises $0.10 to $0.15
DASDIX: folds 
Ryan Fang: folds 
Uncalled bet ($0.10) returned to kemps03
kemps03 collected $0.12 from pot
kemps03: doesn't show hand 
*** SUMMARY ***
Total pot $0.12 | Rake $0 
Seat 1: kemps03 (button) collected ($0.12)
Seat 2: DASDIX (small blind) folded before Flop
Seat 3: Ryan Fang (big blind) folded before Flop
Seat 4: HubertusB folded before Flop (didn't bet)
Seat 5: Dima Jetta folded before Flop (didn't bet)
Seat 6: AleyF folded before Flop (didn't bet)



PokerStars Zoom Hand #185131896903:  Hold'em No Limit ($0.02/$0.05) - 2018/04/12 22:22:27 CCT [2018/04/12 10:22:27 ET]
Table 'Donati' 6-max Seat #1 is the button
Seat 1: MurMurRu ($9.69 in chips) 
Seat 2: Ovcharovas ($7.96 in chips) 
Seat 3: DolFRU ($35.32 in chips) 
Seat 4: VapaZz ($13.21 in chips) 
Seat 5: Catb0y ($4.85 in chips) 
Seat 6: HubertusB ($5.60 in chips) 
Ovcharovas: posts small blind $0.02
DolFRU: posts big blind $0.05
*** HOLE CARDS ***
Dealt to HubertusB [Qc 7s]
VapaZz: folds 
Catb0y: folds 
HubertusB: folds 
MurMurRu: folds 
Ovcharovas has timed out
Ovcharovas: folds 
Uncalled bet ($0.03) returned to DolFRU
DolFRU collected $0.04 from pot
DolFRU: doesn't show hand 
*** SUMMARY ***
Total pot $0.04 | Rake $0 
Seat 1: MurMurRu (button) folded before Flop (didn't bet)
Seat 2: Ovcharovas (small blind) folded before Flop
Seat 3: DolFRU (big blind) collected ($0.04)
Seat 4: VapaZz folded before Flop (didn't bet)
Seat 5: Catb0y folded before Flop (didn't bet)
Seat 6: HubertusB folded before Flop (didn't bet)



PokerStars Zoom Hand #185131911498:  Hold'em No Limit ($0.02/$0.05) - 2018/04/12 22:22:55 CCT [2018/04/12 10:22:55 ET]
Table 'Donati' 6-max Seat #1 is the button
Seat 1: Alexmosk3 ($5 in chips) 
Seat 2: positionlimp ($13.47 in chips) 
Seat 3: WingsForMyV ($5 in chips) 
Seat 4: goenne ($5 in chips) 
Seat 5: HubertusB ($5.55 in chips) 
Seat 6: Mazgod ($11.02 in chips) 
positionlimp: posts small blind $0.02
WingsForMyV: posts big blind $0.05
*** HOLE CARDS ***
Dealt to HubertusB [4c 3s]
goenne: folds 
HubertusB: folds 
Mazgod: folds 
Alexmosk3: raises $0.07 to $0.12
positionlimp: folds 
WingsForMyV: folds 
Uncalled bet ($0.07) returned to Alexmosk3
Alexmosk3 collected $0.12 from pot
Alexmosk3: doesn't show hand 
*** SUMMARY ***
Total pot $0.12 | Rake $0 
Seat 1: Alexmosk3 (button) collected ($0.12)
Seat 2: positionlimp (small blind) folded before Flop
Seat 3: WingsForMyV (big blind) folded before Flop
Seat 4: goenne folded before Flop (didn't bet)
Seat 5: HubertusB folded before Flop (didn't bet)
Seat 6: Mazgod folded before Flop (didn't bet)



PokerStars Zoom Hand #185131914660:  Hold'em No Limit ($0.02/$0.05) - 2018/04/12 22:23:01 CCT [2018/04/12 10:23:01 ET]
Table 'Donati' 6-max Seat #1 is the button
Seat 1: poshla_nazuy ($8.09 in chips) 
Seat 2: HubertusB ($5.55 in chips) 
Seat 3: NEALZ29 ($1.81 in chips) 
Seat 4: mklimek ($0.30 in chips) 
Seat 5: Acejinx ($5.27 in chips) 
Seat 6: barbos2009 ($4.28 in chips) 
HubertusB: posts small blind $0.02
NEALZ29: posts big blind $0.05
*** HOLE CARDS ***
Dealt to HubertusB [8h Kc]
mklimek: folds 
Acejinx: folds 
barbos2009: folds 
poshla_nazuy: raises $0.07 to $0.12
HubertusB: folds 
NEALZ29: folds 
Uncalled bet ($0.07) returned to poshla_nazuy
poshla_nazuy collected $0.12 from pot
poshla_nazuy: doesn't show hand 
*** SUMMARY ***
Total pot $0.12 | Rake $0 
Seat 1: poshla_nazuy (button) collected ($0.12)
Seat 2: HubertusB (small blind) folded before Flop
Seat 3: NEALZ29 (big blind) folded before Flop
Seat 4: mklimek folded before Flop (didn't bet)
Seat 5: Acejinx folded before Flop (didn't bet)
Seat 6: barbos2009 folded before Flop (didn't bet)



PokerStars Zoom Hand #185131902587:  Hold'em No Limit ($0.02/$0.05) - 2018/04/12 22:22:38 CCT [2018/04/12 10:22:38 ET]
Table 'Donati' 6-max Seat #1 is the button
Seat 1: BaydinDm ($4.40 in chips) 
Seat 2: ibiza48 ($6.50 in chips) 
Seat 3: HubertusB ($5.60 in chips) 
Seat 4: Mankon95 ($5.53 in chips) 
Seat 5: kon_tss1 ($5.27 in chips) 
Seat 6: UruGabo ($12.80 in chips) 
ibiza48: posts small blind $0.02
HubertusB: posts big blind $0.05
*** HOLE CARDS ***
Dealt to HubertusB [Ts 4h]
Mankon95: raises $0.07 to $0.12
kon_tss1: folds 
UruGabo: folds 
BaydinDm: raises $0.36 to $0.48
ibiza48: raises $0.66 to $1.14
HubertusB: folds 
Mankon95: folds 
BaydinDm: calls $0.66
*** FLOP *** [5c 3c Qc]
ibiza48: bets $0.52
BaydinDm: raises $2.74 to $3.26 and is all-in
ibiza48: calls $2.74
*** TURN *** [5c 3c Qc] [7s]
*** RIVER *** [5c 3c Qc 7s] [Tc]
*** SHOW DOWN ***
ibiza48: shows [As Ac] (a flush, Ace high)
BaydinDm: shows [Jd Qd] (a pair of Queens)
ibiza48 collected $8.60 from pot
*** SUMMARY ***
Total pot $8.97 | Rake $0.37 
Board [5c 3c Qc 7s Tc]
Seat 1: BaydinDm (button) showed [Jd Qd] and lost with a pair of Queens
Seat 2: ibiza48 (small blind) showed [As Ac] and won ($8.60) with a flush, Ace high
Seat 3: HubertusB (big blind) folded before Flop
Seat 4: Mankon95 folded before Flop
Seat 5: kon_tss1 folded before Flop (didn't bet)
Seat 6: UruGabo folded before Flop (didn't bet)



PokerStars Zoom Hand #185131928172:  Hold'em No Limit ($0.02/$0.05) - 2018/04/12 22:23:27 CCT [2018/04/12 10:23:27 ET]
Table 'Donati' 6-max Seat #1 is the button
Seat 1: Dokerokk23 ($6.24 in chips) 
Seat 2: SkMaskWay ($7.83 in chips) 
Seat 3: Bucm ($6.41 in chips) 
Seat 4: e13crucial ($5 in chips) 
Seat 5: n7ch13l ($5.03 in chips) 
Seat 6: HubertusB ($5.53 in chips) 
SkMaskWay: posts small blind $0.02
Bucm: posts big blind $0.05
*** HOLE CARDS ***
Dealt to HubertusB [As 7h]
e13crucial: folds 
n7ch13l: folds 
HubertusB: raises $0.05 to $0.10
Dokerokk23: folds 
SkMaskWay: folds 
Bucm: folds 
Uncalled bet ($0.05) returned to HubertusB
HubertusB collected $0.12 from pot
HubertusB: doesn't show hand 
*** SUMMARY ***
Total pot $0.12 | Rake $0 
Seat 1: Dokerokk23 (button) folded before Flop (didn't bet)
Seat 2: SkMaskWay (small blind) folded before Flop
Seat 3: Bucm (big blind) folded before Flop
Seat 4: e13crucial folded before Flop (didn't bet)
Seat 5: n7ch13l folded before Flop (didn't bet)
Seat 6: HubertusB collected ($0.12)



PokerStars Zoom Hand #185131933422:  Hold'em No Limit ($0.02/$0.05) - 2018/04/12 22:23:37 CCT [2018/04/12 10:23:37 ET]
Table 'Donati' 6-max Seat #1 is the button
Seat 1: Zio000 ($7.11 in chips) 
Seat 2: WingsForMyV ($5.16 in chips) 
Seat 3: Omicron333 ($11.96 in chips) 
Seat 4: HubertusB ($5.60 in chips) 
Seat 5: temujing_ ($5.23 in chips) 
Seat 6: LAST OSMANET ($5.18 in chips) 
WingsForMyV: posts small blind $0.02
Omicron333: posts big blind $0.05
*** HOLE CARDS ***
Dealt to HubertusB [4s Qd]
HubertusB: folds 
temujing_: folds 
LAST OSMANET: raises $0.10 to $0.15
Zio000: folds 
WingsForMyV: folds 
Omicron333: folds 
Uncalled bet ($0.10) returned to LAST OSMANET
LAST OSMANET collected $0.12 from pot
LAST OSMANET: doesn't show hand 
*** SUMMARY ***
Total pot $0.12 | Rake $0 
Seat 1: Zio000 (button) folded before Flop (didn't bet)
Seat 2: WingsForMyV (small blind) folded before Flop
Seat 3: Omicron333 (big blind) folded before Flop
Seat 4: HubertusB folded before Flop (didn't bet)
Seat 5: temujing_ folded before Flop (didn't bet)
Seat 6: LAST OSMANET collected ($0.12)



PokerStars Zoom Hand #185131935993:  Hold'em No Limit ($0.02/$0.05) - 2018/04/12 22:23:42 CCT [2018/04/12 10:23:42 ET]
Table 'Donati' 6-max Seat #1 is the button
Seat 1: mkbftw ($5 in chips) 
Seat 2: AleyF ($5.07 in chips) 
Seat 3: AnkiKuya ($5.20 in chips) 
Seat 4: ibiza48 ($18.25 in chips) 
Seat 5: HubertusB ($5.60 in chips) 
Seat 6: san4o74 ($4.12 in chips) 
AleyF: posts small blind $0.02
AnkiKuya: posts big blind $0.05
*** HOLE CARDS ***
Dealt to HubertusB [8h 4s]
ibiza48: raises $0.10 to $0.15
HubertusB: folds 
san4o74: folds 
mkbftw: folds 
AleyF: folds 
AnkiKuya: folds 
Uncalled bet ($0.10) returned to ibiza48
ibiza48 collected $0.12 from pot
ibiza48: doesn't show hand 
*** SUMMARY ***
Total pot $0.12 | Rake $0 
Seat 1: mkbftw (button) folded before Flop (didn't bet)
Seat 2: AleyF (small blind) folded before Flop
Seat 3: AnkiKuya (big blind) folded before Flop
Seat 4: ibiza48 collected ($0.12)
Seat 5: HubertusB folded before Flop (didn't bet)
Seat 6: san4o74 folded before Flop (didn't bet)



PokerStars Zoom Hand #185131920375:  Hold'em No Limit ($0.02/$0.05) - 2018/04/12 22:23:12 CCT [2018/04/12 10:23:12 ET]
Table 'Donati' 6-max Seat #1 is the button
Seat 1: HubertusB ($5.53 in chips) 
Seat 2: flatbelieve ($5 in chips) 
Seat 3: Catb0y ($4.83 in chips) 
Seat 4: ros-krivbass ($6.74 in chips) 
Seat 5: Alexmosk3 ($5.07 in chips) 
Seat 6: Draber06 ($5 in chips) 
flatbelieve: posts small blind $0.02
Catb0y: posts big blind $0.05
*** HOLE CARDS ***
Dealt to HubertusB [3h Tc]
ros-krivbass: folds 
Alexmosk3: raises $0.09 to $0.14
Draber06: calls $0.14
HubertusB: folds 
flatbelieve: folds 
Catb0y: folds 
*** FLOP *** [4c Qd 2d]
Alexmosk3: bets $0.27
Draber06: calls $0.27
*** TURN *** [4c Qd 2d] [2c]
Alexmosk3: checks 
Draber06: bets $0.68
Alexmosk3: folds 
Uncalled bet ($0.68) returned to Draber06
Draber06 collected $0.85 from pot
Draber06: doesn't show hand 
*** SUMMARY ***
Total pot $0.89 | Rake $0.04 
Board [4c Qd 2d 2c]
Seat 1: HubertusB (button) folded before Flop (didn't bet)
Seat 2: flatbelieve (small blind) folded before Flop
Seat 3: Catb0y (big blind) folded before Flop
Seat 4: ros-krivbass folded before Flop (didn't bet)
Seat 5: Alexmosk3 folded on the Turn
Seat 6: Draber06 collected ($0.85)



PokerStars Zoom Hand #185131939675:  Hold'em No Limit ($0.02/$0.05) - 2018/04/12 22:23:49 CCT [2018/04/12 10:23:49 ET]
Table 'Donati' 6-max Seat #1 is the button
Seat 1: Ovcharovas ($7.89 in chips) 
Seat 2: darkmoon311 ($10.23 in chips) 
Seat 3: HubertusB ($5.60 in chips) 
Seat 4: PusyManiak ($5 in chips) 
Seat 5: isjaki ($8.67 in chips) 
Seat 6: yarikkkkk ($5.94 in chips) 
darkmoon311: posts small blind $0.02
HubertusB: posts big blind $0.05
*** HOLE CARDS ***
Dealt to HubertusB [6h Th]
PusyManiak: folds 
isjaki: folds 
yarikkkkk: folds 
Ovcharovas: raises $0.10 to $0.15
darkmoon311: folds 
HubertusB: raises $0.30 to $0.45
Ovcharovas: calls $0.30
*** FLOP *** [7c Td 7h]
HubertusB: checks 
Ovcharovas: checks 
*** TURN *** [7c Td 7h] [8c]
HubertusB: checks 
Ovcharovas: bets $0.62
HubertusB: calls $0.62
*** RIVER *** [7c Td 7h 8c] [4d]
HubertusB: checks 
Ovcharovas: checks 
*** SHOW DOWN ***
HubertusB: shows [6h Th] (two pair, Tens and Sevens)
Ovcharovas: mucks hand 
HubertusB collected $2.07 from pot
*** SUMMARY ***
Total pot $2.16 | Rake $0.09 
Board [7c Td 7h 8c 4d]
Seat 1: Ovcharovas (button) mucked [Qd 8d]
Seat 2: darkmoon311 (small blind) folded before Flop
Seat 3: HubertusB (big blind) showed [6h Th] and won ($2.07) with two pair, Tens and Sevens
Seat 4: PusyManiak folded before Flop (didn't bet)
Seat 5: isjaki folded before Flop (didn't bet)
Seat 6: yarikkkkk folded before Flop (didn't bet)



PokerStars Zoom Hand #185131962773:  Hold'em No Limit ($0.02/$0.05) - 2018/04/12 22:24:33 CCT [2018/04/12 10:24:33 ET]
Table 'Donati' 6-max Seat #1 is the button
Seat 1: PSqsd ($5.46 in chips) 
Seat 2: HubertusB ($6.60 in chips) 
Seat 3: artem11126 ($5.07 in chips) 
Seat 4: Draber06 ($5 in chips) 
Seat 5: ziziyo115 ($5 in chips) 
Seat 6: qk rodriguez ($5.27 in chips) 
HubertusB: posts small blind $0.02
artem11126: posts big blind $0.05
*** HOLE CARDS ***
Dealt to HubertusB [3s 8c]
Draber06: folds 
ziziyo115: raises $0.07 to $0.12
qk rodriguez: folds 
PSqsd: raises $0.32 to $0.44
HubertusB: folds 
artem11126: folds 
ziziyo115: calls $0.32
*** FLOP *** [2d Td 5c]
ziziyo115: checks 
PSqsd: bets $0.68
ziziyo115: folds 
Uncalled bet ($0.68) returned to PSqsd
PSqsd collected $0.91 from pot
PSqsd: doesn't show hand 
*** SUMMARY ***
Total pot $0.95 | Rake $0.04 
Board [2d Td 5c]
Seat 1: PSqsd (button) collected ($0.91)
Seat 2: HubertusB (small blind) folded before Flop
Seat 3: artem11126 (big blind) folded before Flop
Seat 4: Draber06 folded before Flop (didn't bet)
Seat 5: ziziyo115 folded on the Flop
Seat 6: qk rodriguez folded before Flop (didn't bet)



PokerStars Zoom Hand #185131969514:  Hold'em No Limit ($0.02/$0.05) - 2018/04/12 22:24:46 CCT [2018/04/12 10:24:46 ET]
Table 'Donati' 6-max Seat #1 is the button
Seat 1: born8sleepy ($5 in chips) 
Seat 2: Kota0501 ($7.13 in chips) 
Seat 3: MrMefisto91 ($5.51 in chips) 
Seat 4: HubertusB ($6.58 in chips) 
Seat 5: ibiza48 ($17.68 in chips) 
Seat 6: Zio000 ($7.11 in chips) 
Kota0501: posts small blind $0.02
MrMefisto91: posts big blind $0.05
*** HOLE CARDS ***
Dealt to HubertusB [Td 4h]
HubertusB: folds 
ibiza48: raises $0.10 to $0.15
Zio000: raises $0.37 to $0.52
born8sleepy: folds 
Kota0501: folds 
MrMefisto91: folds 
ibiza48: folds 
Uncalled bet ($0.37) returned to Zio000
Zio000 collected $0.37 from pot
Zio000: doesn't show hand 
*** SUMMARY ***
Total pot $0.37 | Rake $0 
Seat 1: born8sleepy (button) folded before Flop (didn't bet)
Seat 2: Kota0501 (small blind) folded before Flop
Seat 3: MrMefisto91 (big blind) folded before Flop
Seat 4: HubertusB folded before Flop (didn't bet)
Seat 5: ibiza48 folded before Flop
Seat 6: Zio000 collected ($0.37)



PokerStars Zoom Hand #185131972640:  Hold'em No Limit ($0.02/$0.05) - 2018/04/12 22:24:52 CCT [2018/04/12 10:24:52 ET]
Table 'Donati' 6-max Seat #1 is the button
Seat 1: HubertusB ($6.58 in chips) 
Seat 2: galonpiva ($5 in chips) 
Seat 3: moise1977 ($4.64 in chips) 
Seat 4: gadskiy pap ($6.30 in chips) 
Seat 5: EniaXX ($3.88 in chips) 
Seat 6: AleyF ($5 in chips) 
galonpiva: posts small blind $0.02
moise1977: posts big blind $0.05
*** HOLE CARDS ***
Dealt to HubertusB [7s 9s]
gadskiy pap: folds 
EniaXX: calls $0.05
AleyF: raises $0.14 to $0.19
HubertusB: raises $0.41 to $0.60
galonpiva: folds 
moise1977: folds 
EniaXX: folds 
AleyF: calls $0.41
*** FLOP *** [Jd Ks Ts]
AleyF: checks 
HubertusB: bets $0.75
AleyF: folds 
Uncalled bet ($0.75) returned to HubertusB
HubertusB collected $1.27 from pot
HubertusB: doesn't show hand 
*** SUMMARY ***
Total pot $1.32 | Rake $0.05 
Board [Jd Ks Ts]
Seat 1: HubertusB (button) collected ($1.27)
Seat 2: galonpiva (small blind) folded before Flop
Seat 3: moise1977 (big blind) folded before Flop
Seat 4: gadskiy pap folded before Flop (didn't bet)
Seat 5: EniaXX folded before Flop
Seat 6: AleyF folded on the Flop



PokerStars Zoom Hand #185131996537:  Hold'em No Limit ($0.02/$0.05) - 2018/04/12 22:25:38 CCT [2018/04/12 10:25:38 ET]
Table 'Donati' 6-max Seat #1 is the button
Seat 1: Acejinx ($5 in chips) 
Seat 2: Martin.ar195 ($4.80 in chips) 
Seat 3: peposkitsos ($5.07 in chips) 
Seat 4: mkbftw ($5.60 in chips) 
Seat 5: Nxt1pls ($4.66 in chips) 
Seat 6: HubertusB ($7.25 in chips) 
Martin.ar195: posts small blind $0.02
peposkitsos: posts big blind $0.05
*** HOLE CARDS ***
Dealt to HubertusB [4s Tc]
mkbftw: folds 
Nxt1pls: raises $0.07 to $0.12
HubertusB: folds 
Acejinx: folds 
Martin.ar195: folds 
peposkitsos: folds 
Uncalled bet ($0.07) returned to Nxt1pls
Nxt1pls collected $0.12 from pot
Nxt1pls: doesn't show hand 
*** SUMMARY ***
Total pot $0.12 | Rake $0 
Seat 1: Acejinx (button) folded before Flop (didn't bet)
Seat 2: Martin.ar195 (small blind) folded before Flop
Seat 3: peposkitsos (big blind) folded before Flop
Seat 4: mkbftw folded before Flop (didn't bet)
Seat 5: Nxt1pls collected ($0.12)
Seat 6: HubertusB folded before Flop (didn't bet)



PokerStars Zoom Hand #185131999655:  Hold'em No Limit ($0.02/$0.05) - 2018/04/12 22:25:44 CCT [2018/04/12 10:25:44 ET]
Table 'Donati' 6-max Seat #1 is the button
Seat 1: AleyF ($5 in chips) 
Seat 2: SkMaskWay ($5.13 in chips) 
Seat 3: edduarth ($5.07 in chips) 
Seat 4: HubertusB ($7.25 in chips) 
Seat 5: Bleight23 ($7.92 in chips) 
Seat 6: jjtaro ($5.47 in chips) 
SkMaskWay: posts small blind $0.02
edduarth: posts big blind $0.05
*** HOLE CARDS ***
Dealt to HubertusB [8s 9h]
HubertusB: folds 
Bleight23: folds 
jjtaro: folds 
AleyF: folds 
SkMaskWay: folds 
Uncalled bet ($0.03) returned to edduarth
edduarth collected $0.04 from pot
edduarth: doesn't show hand 
*** SUMMARY ***
Total pot $0.04 | Rake $0 
Seat 1: AleyF (button) folded before Flop (didn't bet)
Seat 2: SkMaskWay (small blind) folded before Flop
Seat 3: edduarth (big blind) collected ($0.04)
Seat 4: HubertusB folded before Flop (didn't bet)
Seat 5: Bleight23 folded before Flop (didn't bet)
Seat 6: jjtaro folded before Flop (didn't bet)



PokerStars Zoom Hand #185132002304:  Hold'em No Limit ($0.02/$0.05) - 2018/04/12 22:25:49 CCT [2018/04/12 10:25:49 ET]
Table 'Donati' 6-max Seat #1 is the button
Seat 1: STAIRUS1989 ($6.70 in chips) 
Seat 2: qk rodriguez ($5.26 in chips) 
Seat 3: HubertusB ($7.25 in chips) 
Seat 4: yumeko0001 ($27.64 in chips) 
Seat 5: vasyazhir ($3.71 in chips) 
Seat 6: Caramba191 ($6 in chips) 
qk rodriguez: posts small blind $0.02
HubertusB: posts big blind $0.05
*** HOLE CARDS ***
Dealt to HubertusB [8c 4s]
yumeko0001: folds 
vasyazhir: folds 
Caramba191: folds 
STAIRUS1989: raises $0.07 to $0.12
qk rodriguez: folds 
HubertusB: folds 
Uncalled bet ($0.07) returned to STAIRUS1989
STAIRUS1989 collected $0.12 from pot
STAIRUS1989: doesn't show hand 
*** SUMMARY ***
Total pot $0.12 | Rake $0 
Seat 1: STAIRUS1989 (button) collected ($0.12)
Seat 2: qk rodriguez (small blind) folded before Flop
Seat 3: HubertusB (big blind) folded before Flop
Seat 4: yumeko0001 folded before Flop (didn't bet)
Seat 5: vasyazhir folded before Flop (didn't bet)
Seat 6: Caramba191 folded before Flop (didn't bet)



PokerStars Zoom Hand #185132006949:  Hold'em No Limit ($0.02/$0.05) - 2018/04/12 22:25:58 CCT [2018/04/12 10:25:58 ET]
Table 'Donati' 6-max Seat #1 is the button
Seat 1: Ichxar ($5 in chips) 
Seat 2: DASDIX ($6.25 in chips) 
Seat 3: BrenyFolds ($2.87 in chips) 
Seat 4: AnkiKuya ($5.22 in chips) 
Seat 5: HubertusB ($7.20 in chips) 
Seat 6: Lethiferous ($5.50 in chips) 
DASDIX: posts small blind $0.02
BrenyFolds: posts big blind $0.05
*** HOLE CARDS ***
Dealt to HubertusB [5s 7s]
AnkiKuya: folds 
HubertusB: raises $0.05 to $0.10
Lethiferous: folds 
Ichxar: calls $0.10
DASDIX: folds 
BrenyFolds: folds 
*** FLOP *** [5d Jh Jd]
HubertusB: checks 
Ichxar: bets $0.13
HubertusB: calls $0.13
*** TURN *** [5d Jh Jd] [Ts]
HubertusB: checks 
Ichxar: bets $0.30
HubertusB: calls $0.30
*** RIVER *** [5d Jh Jd Ts] [5h]
HubertusB: checks 
Ichxar: checks 
*** SHOW DOWN ***
HubertusB: shows [5s 7s] (a full house, Fives full of Jacks)
Ichxar: mucks hand 
HubertusB collected $1.08 from pot
*** SUMMARY ***
Total pot $1.13 | Rake $0.05 
Board [5d Jh Jd Ts 5h]
Seat 1: Ichxar (button) mucked [8c 8d]
Seat 2: DASDIX (small blind) folded before Flop
Seat 3: BrenyFolds (big blind) folded before Flop
Seat 4: AnkiKuya folded before Flop (didn't bet)
Seat 5: HubertusB showed [5s 7s] and won ($1.08) with a full house, Fives full of Jacks
Seat 6: Lethiferous folded before Flop (didn't bet)



PokerStars Zoom Hand #185132030962:  Hold'em No Limit ($0.02/$0.05) - 2018/04/12 22:26:44 CCT [2018/04/12 10:26:44 ET]
Table 'Donati' 6-max Seat #1 is the button
Seat 1: Neo254 ($4.93 in chips) 
Seat 2: HubertusB ($7.75 in chips) 
Seat 3: V1rtu()3 ($5.65 in chips) 
Seat 4: Bucm ($5.34 in chips) 
Seat 5: 9nblvck ($3.85 in chips) 
Seat 6: yotpoker ($9.47 in chips) 
HubertusB: posts small blind $0.02
V1rtu()3: posts big blind $0.05
*** HOLE CARDS ***
Dealt to HubertusB [2s 4c]
Bucm: folds 
9nblvck: folds 
yotpoker: folds 
Neo254: raises $0.10 to $0.15
HubertusB: folds 
V1rtu()3: folds 
Uncalled bet ($0.10) returned to Neo254
Neo254 collected $0.12 from pot
Neo254: doesn't show hand 
*** SUMMARY ***
Total pot $0.12 | Rake $0 
Seat 1: Neo254 (button) collected ($0.12)
Seat 2: HubertusB (small blind) folded before Flop
Seat 3: V1rtu()3 (big blind) folded before Flop
Seat 4: Bucm folded before Flop (didn't bet)
Seat 5: 9nblvck folded before Flop (didn't bet)
Seat 6: yotpoker folded before Flop (didn't bet)



PokerStars Zoom Hand #185132046238:  Hold'em No Limit ($0.02/$0.05) - 2018/04/12 22:27:13 CCT [2018/04/12 10:27:13 ET]
Table 'Donati' 6-max Seat #1 is the button
Seat 1: SkMaskWay ($9.25 in chips) 
Seat 2: =ssonia177= ($19.43 in chips) 
Seat 3: born8sleepy ($5.59 in chips) 
Seat 4: HubertusB ($7.73 in chips) 
Seat 5: Leonardoh2club ($3.29 in chips) 
Seat 6: Hr.Berti007 ($5.94 in chips) 
=ssonia177=: posts small blind $0.02
born8sleepy: posts big blind $0.05
*** HOLE CARDS ***
Dealt to HubertusB [Ah 9h]
HubertusB: raises $0.10 to $0.15
Leonardoh2club: folds 
Hr.Berti007: folds 
SkMaskWay: folds 
=ssonia177=: folds 
born8sleepy: folds 
Uncalled bet ($0.10) returned to HubertusB
HubertusB collected $0.12 from pot
HubertusB: doesn't show hand 
*** SUMMARY ***
Total pot $0.12 | Rake $0 
Seat 1: SkMaskWay (button) folded before Flop (didn't bet)
Seat 2: =ssonia177= (small blind) folded before Flop
Seat 3: born8sleepy (big blind) folded before Flop
Seat 4: HubertusB collected ($0.12)
Seat 5: Leonardoh2club folded before Flop (didn't bet)
Seat 6: Hr.Berti007 folded before Flop (didn't bet)



PokerStars Zoom Hand #185132052458:  Hold'em No Limit ($0.02/$0.05) - 2018/04/12 22:27:25 CCT [2018/04/12 10:27:25 ET]
Table 'Donati' 6-max Seat #1 is the button
Seat 1: vadim_audi ($5 in chips) 
Seat 2: Kicknpushem ($4.50 in chips) 
Seat 3: Cka3bI4 ($8.33 in chips) 
Seat 4: Alexmosk3 ($6.45 in chips) 
Seat 5: Kelt2 ($9.20 in chips) 
Seat 6: HubertusB ($7.80 in chips) 
Kicknpushem: posts small blind $0.02
Cka3bI4: posts big blind $0.05
*** HOLE CARDS ***
Dealt to HubertusB [4s Qc]
Alexmosk3: folds 
Kelt2: folds 
HubertusB: folds 
vadim_audi: folds 
Kicknpushem: raises $0.10 to $0.15
Cka3bI4: folds 
Uncalled bet ($0.10) returned to Kicknpushem
Kicknpushem collected $0.10 from pot
Kicknpushem: doesn't show hand 
*** SUMMARY ***
Total pot $0.10 | Rake $0 
Seat 1: vadim_audi (button) folded before Flop (didn't bet)
Seat 2: Kicknpushem (small blind) collected ($0.10)
Seat 3: Cka3bI4 (big blind) folded before Flop
Seat 4: Alexmosk3 folded before Flop (didn't bet)
Seat 5: Kelt2 folded before Flop (didn't bet)
Seat 6: HubertusB folded before Flop (didn't bet)



PokerStars Zoom Hand #185132035117:  Hold'em No Limit ($0.02/$0.05) - 2018/04/12 22:26:52 CCT [2018/04/12 10:26:52 ET]
Table 'Donati' 6-max Seat #1 is the button
Seat 1: HubertusB ($7.73 in chips) 
Seat 2: barbos2009 ($5.73 in chips) 
Seat 3: Dima Jetta ($5.10 in chips) 
Seat 4: Gregory.M23 ($5.17 in chips) 
Seat 5: kraquosAA ($6.34 in chips) 
Seat 6: DASDIX ($5 in chips) 
barbos2009: posts small blind $0.02
Dima Jetta: posts big blind $0.05
*** HOLE CARDS ***
Dealt to HubertusB [Ah Ts]
Gregory.M23: raises $0.10 to $0.15
kraquosAA: folds 
DASDIX: calls $0.15
HubertusB: folds 
barbos2009: folds 
Dima Jetta: folds 
*** FLOP *** [Kh 7h 8h]
Gregory.M23: checks 
DASDIX: checks 
*** TURN *** [Kh 7h 8h] [Td]
Gregory.M23: checks 
DASDIX: bets $0.18
Gregory.M23: folds 
Uncalled bet ($0.18) returned to DASDIX
DASDIX collected $0.35 from pot
DASDIX: doesn't show hand 
*** SUMMARY ***
Total pot $0.37 | Rake $0.02 
Board [Kh 7h 8h Td]
Seat 1: HubertusB (button) folded before Flop (didn't bet)
Seat 2: barbos2009 (small blind) folded before Flop
Seat 3: Dima Jetta (big blind) folded before Flop
Seat 4: Gregory.M23 folded on the Turn
Seat 5: kraquosAA folded before Flop (didn't bet)
Seat 6: DASDIX collected ($0.35)



PokerStars Zoom Hand #185132060441:  Hold'em No Limit ($0.02/$0.05) - 2018/04/12 22:27:40 CCT [2018/04/12 10:27:40 ET]
Table 'Donati' 6-max Seat #1 is the button
Seat 1: Bubulo ($5.09 in chips) 
Seat 2: Tosha550 ($9.36 in chips) 
Seat 3: HubertusB ($7.80 in chips) 
Seat 4: varunzinho ($5.97 in chips) 
Seat 5: Rusikbeowulf ($5.20 in chips) 
Seat 6: Kaosz19 ($2.60 in chips) 
Tosha550: posts small blind $0.02
HubertusB: posts big blind $0.05
*** HOLE CARDS ***
Dealt to HubertusB [Js 6c]
varunzinho: folds 
Rusikbeowulf: folds 
Kaosz19: folds 
Bubulo: folds 
Tosha550: folds 
Uncalled bet ($0.03) returned to HubertusB
HubertusB collected $0.04 from pot
HubertusB: doesn't show hand 
*** SUMMARY ***
Total pot $0.04 | Rake $0 
Seat 1: Bubulo (button) folded before Flop (didn't bet)
Seat 2: Tosha550 (small blind) folded before Flop
Seat 3: HubertusB (big blind) collected ($0.04)
Seat 4: varunzinho folded before Flop (didn't bet)
Seat 5: Rusikbeowulf folded before Flop (didn't bet)
Seat 6: Kaosz19 folded before Flop (didn't bet)



PokerStars Zoom Hand #185132056730:  Hold'em No Limit ($0.02/$0.05) - 2018/04/12 22:27:33 CCT [2018/04/12 10:27:33 ET]
Table 'Donati' 6-max Seat #1 is the button
Seat 1: born8sleepy ($5 in chips) 
Seat 2: DmiTTryy ($5.98 in chips) 
Seat 3: High Calonic ($8.52 in chips) 
Seat 4: AasimA ($5.25 in chips) 
Seat 5: HubertusB ($7.80 in chips) 
Seat 6: BrenyFolds ($2.73 in chips) 
DmiTTryy: posts small blind $0.02
High Calonic: posts big blind $0.05
*** HOLE CARDS ***
Dealt to HubertusB [2h 3s]
AasimA: raises $0.10 to $0.15
HubertusB: folds 
BrenyFolds: folds 
born8sleepy: calls $0.15
DmiTTryy: calls $0.13
High Calonic: folds 
*** FLOP *** [Qd 3d As]
DmiTTryy: checks 
AasimA: bets $0.20
born8sleepy: folds 
DmiTTryy: folds 
Uncalled bet ($0.20) returned to AasimA
AasimA collected $0.48 from pot
AasimA: doesn't show hand 
*** SUMMARY ***
Total pot $0.50 | Rake $0.02 
Board [Qd 3d As]
Seat 1: born8sleepy (button) folded on the Flop
Seat 2: DmiTTryy (small blind) folded on the Flop
Seat 3: High Calonic (big blind) folded before Flop
Seat 4: AasimA collected ($0.48)
Seat 5: HubertusB folded before Flop (didn't bet)
Seat 6: BrenyFolds folded before Flop (didn't bet)



PokerStars Zoom Hand #185132068425:  Hold'em No Limit ($0.02/$0.05) - 2018/04/12 22:27:55 CCT [2018/04/12 10:27:55 ET]
Table 'Donati' 6-max Seat #1 is the button
Seat 1: MurMurRu ($5.33 in chips) 
Seat 2: edduarth ($6.72 in chips) 
Seat 3: igor29arh ($15.84 in chips) 
Seat 4: HubertusB ($7.82 in chips) 
Seat 5: Dima Jetta ($5 in chips) 
Seat 6: Dokerokk23 ($5.38 in chips) 
edduarth: posts small blind $0.02
igor29arh: posts big blind $0.05
*** HOLE CARDS ***
Dealt to HubertusB [Jd Td]
HubertusB: raises $0.10 to $0.15
Dima Jetta: calls $0.15
Dokerokk23: calls $0.15
MurMurRu: calls $0.15
edduarth: raises $0.55 to $0.70
igor29arh: folds 
HubertusB: raises $1.25 to $1.95
Dima Jetta: folds 
Dokerokk23: folds 
MurMurRu: folds 
edduarth: raises $4.77 to $6.72 and is all-in
HubertusB: calls $4.77
*** FLOP *** [6d Qc 6c]
*** TURN *** [6d Qc 6c] [9h]
*** RIVER *** [6d Qc 6c 9h] [3s]
*** SHOW DOWN ***
edduarth: shows [Ah Ac] (two pair, Aces and Sixes)
HubertusB: shows [Jd Td] (a pair of Sixes)
edduarth collected $13.36 from pot
*** SUMMARY ***
Total pot $13.94 | Rake $0.58 
Board [6d Qc 6c 9h 3s]
Seat 1: MurMurRu (button) folded before Flop
Seat 2: edduarth (small blind) showed [Ah Ac] and won ($13.36) with two pair, Aces and Sixes
Seat 3: igor29arh (big blind) folded before Flop
Seat 4: HubertusB showed [Jd Td] and lost with a pair of Sixes
Seat 5: Dima Jetta folded before Flop
Seat 6: Dokerokk23 folded before Flop



PokerStars Zoom Hand #185132107409:  Hold'em No Limit ($0.02/$0.05) - 2018/04/12 22:29:09 CCT [2018/04/12 10:29:09 ET]
Table 'Donati' 6-max Seat #1 is the button
Seat 1: ibiza48 ($11.97 in chips) 
Seat 2: HubertusB ($1.10 in chips) 
Seat 3: n7ch13l ($11.03 in chips) 
Seat 4: JakSei ($4.93 in chips) 
Seat 5: LeXPSU ($8.30 in chips) 
Seat 6: AasimA ($5.23 in chips) 
HubertusB: posts small blind $0.02
n7ch13l: posts big blind $0.05
*** HOLE CARDS ***
Dealt to HubertusB [Ac 3c]
JakSei: folds 
LeXPSU: folds 
AasimA: folds 
ibiza48: folds 
HubertusB: raises $0.05 to $0.10
n7ch13l: calls $0.05
*** FLOP *** [8c 7c 7h]
HubertusB: bets $0.10
n7ch13l: calls $0.10
*** TURN *** [8c 7c 7h] [Kd]
HubertusB: checks 
n7ch13l: checks 
*** RIVER *** [8c 7c 7h Kd] [Jc]
HubertusB: bets $0.90 and is all-in
n7ch13l: folds 
Uncalled bet ($0.90) returned to HubertusB
HubertusB collected $0.38 from pot
HubertusB: doesn't show hand 
*** SUMMARY ***
Total pot $0.40 | Rake $0.02 
Board [8c 7c 7h Kd Jc]
Seat 1: ibiza48 (button) folded before Flop (didn't bet)
Seat 2: HubertusB (small blind) collected ($0.38)
Seat 3: n7ch13l (big blind) folded on the River
Seat 4: JakSei folded before Flop (didn't bet)
Seat 5: LeXPSU folded before Flop (didn't bet)
Seat 6: AasimA folded before Flop (didn't bet)



PokerStars Zoom Hand #185132129063:  Hold'em No Limit ($0.02/$0.05) - 2018/04/12 22:29:50 CCT [2018/04/12 10:29:50 ET]
Table 'Donati' 6-max Seat #1 is the button
Seat 1: HubertusB ($1.28 in chips) 
Seat 2: TKoniWolf ($6.65 in chips) 
Seat 3: jjtaro ($5.42 in chips) 
Seat 4: Decoyy ($9.62 in chips) 
Seat 5: Bucm ($5.03 in chips) 
Seat 6: AkoAySugarol ($5.16 in chips) 
TKoniWolf: posts small blind $0.02
jjtaro: posts big blind $0.05
*** HOLE CARDS ***
Dealt to HubertusB [3h 3c]
Decoyy: folds 
Bucm: folds 
AkoAySugarol: folds 
HubertusB: raises $0.05 to $0.10
TKoniWolf: folds 
jjtaro: folds 
Uncalled bet ($0.05) returned to HubertusB
HubertusB collected $0.12 from pot
HubertusB: doesn't show hand 
*** SUMMARY ***
Total pot $0.12 | Rake $0 
Seat 1: HubertusB (button) collected ($0.12)
Seat 2: TKoniWolf (small blind) folded before Flop
Seat 3: jjtaro (big blind) folded before Flop
Seat 4: Decoyy folded before Flop (didn't bet)
Seat 5: Bucm folded before Flop (didn't bet)
Seat 6: AkoAySugarol folded before Flop (didn't bet)



PokerStars Zoom Hand #185132135371:  Hold'em No Limit ($0.02/$0.05) - 2018/04/12 22:30:02 CCT [2018/04/12 10:30:02 ET]
Table 'Donati' 6-max Seat #1 is the button
Seat 1: Draber06 ($5.17 in chips) 
Seat 2: galonpiva ($5 in chips) 
Seat 3: sergrom ($4.54 in chips) 
Seat 4: HubertusB ($1.35 in chips) 
Seat 5: LonelyWolf61 ($5 in chips) 
Seat 6: Nikk01as ($1.68 in chips) 
galonpiva: posts small blind $0.02
sergrom: posts big blind $0.05
*** HOLE CARDS ***
Dealt to HubertusB [7d 2s]
HubertusB: folds 
LonelyWolf61: folds 
Nikk01as: folds 
Draber06: folds 
galonpiva: calls $0.03
sergrom: checks 
*** FLOP *** [Ks 3h Ah]
galonpiva: checks 
sergrom: bets $0.05
galonpiva: folds 
Uncalled bet ($0.05) returned to sergrom
sergrom collected $0.10 from pot
sergrom: doesn't show hand 
*** SUMMARY ***
Total pot $0.10 | Rake $0 
Board [Ks 3h Ah]
Seat 1: Draber06 (button) folded before Flop (didn't bet)
Seat 2: galonpiva (small blind) folded on the Flop
Seat 3: sergrom (big blind) collected ($0.10)
Seat 4: HubertusB folded before Flop (didn't bet)
Seat 5: LonelyWolf61 folded before Flop (didn't bet)
Seat 6: Nikk01as folded before Flop (didn't bet)



PokerStars Zoom Hand #185132138571:  Hold'em No Limit ($0.02/$0.05) - 2018/04/12 22:30:08 CCT [2018/04/12 10:30:08 ET]
Table 'Donati' 6-max Seat #1 is the button
Seat 1: Dima Jetta ($5 in chips) 
Seat 2: Nxt1pls ($3.03 in chips) 
Seat 3: yarikkkkk ($8.17 in chips) 
Seat 4: DmiTTryy ($5.78 in chips) 
Seat 5: HubertusB ($1.35 in chips) 
Seat 6: varunzinho ($5.87 in chips) 
Nxt1pls: posts small blind $0.02
yarikkkkk: posts big blind $0.05
*** HOLE CARDS ***
Dealt to HubertusB [As 7h]
DmiTTryy: folds 
HubertusB: raises $0.05 to $0.10
varunzinho: folds 
Dima Jetta: calls $0.10
Nxt1pls: folds 
yarikkkkk: folds 
*** FLOP *** [6d Td Jc]
HubertusB: bets $0.15
Dima Jetta: folds 
Uncalled bet ($0.15) returned to HubertusB
HubertusB collected $0.26 from pot
HubertusB: doesn't show hand 
*** SUMMARY ***
Total pot $0.27 | Rake $0.01 
Board [6d Td Jc]
Seat 1: Dima Jetta (button) folded on the Flop
Seat 2: Nxt1pls (small blind) folded before Flop
Seat 3: yarikkkkk (big blind) folded before Flop
Seat 4: DmiTTryy folded before Flop (didn't bet)
Seat 5: HubertusB collected ($0.26)
Seat 6: varunzinho folded before Flop (didn't bet)



PokerStars Zoom Hand #185132149824:  Hold'em No Limit ($0.02/$0.05) - 2018/04/12 22:30:29 CCT [2018/04/12 10:30:29 ET]
Table 'Donati' 6-max Seat #1 is the button
Seat 1: Leonardoh2club ($4.17 in chips) 
Seat 2: Lelek868 ($7.43 in chips) 
Seat 3: HubertusB ($1.51 in chips) 
Seat 4: Yrmin ($4.96 in chips) 
Seat 5: ZahaCretzu ($11.75 in chips) 
Seat 6: pjsgalvao ($5 in chips) 
Lelek868: posts small blind $0.02
HubertusB: posts big blind $0.05
*** HOLE CARDS ***
Dealt to HubertusB [Ts As]
Yrmin: folds 
ZahaCretzu: folds 
pjsgalvao: folds 
Leonardoh2club: folds 
Lelek868: folds 
Uncalled bet ($0.03) returned to HubertusB
HubertusB collected $0.04 from pot
HubertusB: doesn't show hand 
*** SUMMARY ***
Total pot $0.04 | Rake $0 
Seat 1: Leonardoh2club (button) folded before Flop (didn't bet)
Seat 2: Lelek868 (small blind) folded before Flop
Seat 3: HubertusB (big blind) collected ($0.04)
Seat 4: Yrmin folded before Flop (didn't bet)
Seat 5: ZahaCretzu folded before Flop (didn't bet)
Seat 6: pjsgalvao folded before Flop (didn't bet)



PokerStars Zoom Hand #185132156709:  Hold'em No Limit ($0.02/$0.05) - 2018/04/12 22:30:42 CCT [2018/04/12 10:30:42 ET]
Table 'Donati' 6-max Seat #1 is the button
Seat 1: Mutnii14 ($5.17 in chips) 
Seat 2: HubertusB ($1.53 in chips) 
Seat 3: Sulim_Street ($5 in chips) 
Seat 4: Mjdeboy55 ($9.56 in chips) 
Seat 5: YourSoWrong ($16.07 in chips) 
Seat 6: ziziyo115 ($5.07 in chips) 
HubertusB: posts small blind $0.02
Sulim_Street: posts big blind $0.05
*** HOLE CARDS ***
Dealt to HubertusB [5d Qh]
Mjdeboy55: folds 
YourSoWrong: folds 
ziziyo115: folds 
Mutnii14: raises $0.05 to $0.10
HubertusB: folds 
Sulim_Street: folds 
Uncalled bet ($0.05) returned to Mutnii14
Mutnii14 collected $0.12 from pot
Mutnii14: doesn't show hand 
*** SUMMARY ***
Total pot $0.12 | Rake $0 
Seat 1: Mutnii14 (button) collected ($0.12)
Seat 2: HubertusB (small blind) folded before Flop
Seat 3: Sulim_Street (big blind) folded before Flop
Seat 4: Mjdeboy55 folded before Flop (didn't bet)
Seat 5: YourSoWrong folded before Flop (didn't bet)
Seat 6: ziziyo115 folded before Flop (didn't bet)



PokerStars Zoom Hand #185132159837:  Hold'em No Limit ($0.02/$0.05) - 2018/04/12 22:30:48 CCT [2018/04/12 10:30:48 ET]
Table 'Donati' 6-max Seat #1 is the button
Seat 1: Acejinx ($5 in chips) 
Seat 2: peposkitsos ($6.51 in chips) 
Seat 3: simonsand999 ($4.58 in chips) 
Seat 4: anta60 ($8.36 in chips) 
Seat 5: ginom22 ($6.40 in chips) 
Seat 6: HubertusB ($1.51 in chips) 
peposkitsos: posts small blind $0.02
simonsand999: posts big blind $0.05
*** HOLE CARDS ***
Dealt to HubertusB [Td 8h]
anta60: folds 
ginom22: folds 
HubertusB: raises $0.05 to $0.10
Acejinx: folds 
peposkitsos: calls $0.08
simonsand999: folds 
*** FLOP *** [7c Qs 2c]
peposkitsos: checks 
HubertusB: bets $0.15
peposkitsos: calls $0.15
*** TURN *** [7c Qs 2c] [6c]
peposkitsos: checks 
HubertusB: bets $0.35
peposkitsos: calls $0.35
*** RIVER *** [7c Qs 2c 6c] [Th]
peposkitsos: checks 
HubertusB: checks 
*** SHOW DOWN ***
peposkitsos: shows [9c 9h] (a pair of Nines)
HubertusB: shows [Td 8h] (a pair of Tens)
HubertusB collected $1.20 from pot
*** SUMMARY ***
Total pot $1.25 | Rake $0.05 
Board [7c Qs 2c 6c Th]
Seat 1: Acejinx (button) folded before Flop (didn't bet)
Seat 2: peposkitsos (small blind) showed [9c 9h] and lost with a pair of Nines
Seat 3: simonsand999 (big blind) folded before Flop
Seat 4: anta60 folded before Flop (didn't bet)
Seat 5: ginom22 folded before Flop (didn't bet)
Seat 6: HubertusB showed [Td 8h] and won ($1.20) with a pair of Tens



PokerStars Zoom Hand #185132175575:  Hold'em No Limit ($0.02/$0.05) - 2018/04/12 22:31:18 CCT [2018/04/12 10:31:18 ET]
Table 'Donati' 6-max Seat #1 is the button
Seat 1: HubertusB ($2.11 in chips) 
Seat 2: douriosipos ($8.64 in chips) 
Seat 3: peposkitsos ($5.91 in chips) 
Seat 4: darkmoon311 ($6.11 in chips) 
Seat 5: Leonardoh2club ($3.87 in chips) 
Seat 6: Caramba191 ($4.49 in chips) 
douriosipos: posts small blind $0.02
peposkitsos: posts big blind $0.05
*** HOLE CARDS ***
Dealt to HubertusB [Td 4c]
darkmoon311: raises $0.10 to $0.15
Leonardoh2club: folds 
Caramba191: calls $0.15
HubertusB: folds 
douriosipos: calls $0.13
peposkitsos: folds 
*** FLOP *** [Ac 8d 9h]
douriosipos: checks 
darkmoon311: checks 
Caramba191: checks 
*** TURN *** [Ac 8d 9h] [Kh]
douriosipos: checks 
darkmoon311: checks 
Caramba191: bets $0.30
douriosipos: calls $0.30
darkmoon311: folds 
*** RIVER *** [Ac 8d 9h Kh] [Kd]
douriosipos: checks 
Caramba191: checks 
*** SHOW DOWN ***
douriosipos: shows [Qh 6h] (a pair of Kings)
Caramba191: shows [3h Ah] (two pair, Aces and Kings)
Caramba191 collected $1.05 from pot
*** SUMMARY ***
Total pot $1.10 | Rake $0.05 
Board [Ac 8d 9h Kh Kd]
Seat 1: HubertusB (button) folded before Flop (didn't bet)
Seat 2: douriosipos (small blind) showed [Qh 6h] and lost with a pair of Kings
Seat 3: peposkitsos (big blind) folded before Flop
Seat 4: darkmoon311 folded on the Turn
Seat 5: Leonardoh2club folded before Flop (didn't bet)
Seat 6: Caramba191 showed [3h Ah] and won ($1.05) with two pair, Aces and Kings



PokerStars Zoom Hand #185132178661:  Hold'em No Limit ($0.02/$0.05) - 2018/04/12 22:31:24 CCT [2018/04/12 10:31:24 ET]
Table 'Donati' 6-max Seat #1 is the button
Seat 1: dbsplease ($1.18 in chips) 
Seat 2: Mars1502 ($5 in chips) 
Seat 3: isjaki ($7.34 in chips) 
Seat 4: DmiTTryy ($5.79 in chips) 
Seat 5: HubertusB ($2.11 in chips) 
Seat 6: igor29arh ($5 in chips) 
Mars1502: posts small blind $0.02
isjaki: posts big blind $0.05
*** HOLE CARDS ***
Dealt to HubertusB [Kc As]
DmiTTryy: raises $0.10 to $0.15
HubertusB: raises $0.30 to $0.45
igor29arh: folds 
dbsplease: folds 
Mars1502: folds 
isjaki: folds 
DmiTTryy: calls $0.30
*** FLOP *** [Ac 7h Td]
DmiTTryy: checks 
HubertusB: bets $0.35
DmiTTryy: raises $0.35 to $0.70
HubertusB: raises $0.96 to $1.66 and is all-in
DmiTTryy: calls $0.96
*** TURN *** [Ac 7h Td] [9d]
*** RIVER *** [Ac 7h Td 9d] [Jh]
*** SHOW DOWN ***
DmiTTryy: shows [Ah Kh] (a pair of Aces)
HubertusB: shows [Kc As] (a pair of Aces)
DmiTTryy collected $2.06 from pot
HubertusB collected $2.05 from pot
*** SUMMARY ***
Total pot $4.29 | Rake $0.18 
Board [Ac 7h Td 9d Jh]
Seat 1: dbsplease (button) folded before Flop (didn't bet)
Seat 2: Mars1502 (small blind) folded before Flop
Seat 3: isjaki (big blind) folded before Flop
Seat 4: DmiTTryy showed [Ah Kh] and won ($2.06) with a pair of Aces
Seat 5: HubertusB showed [Kc As] and won ($2.05) with a pair of Aces
Seat 6: igor29arh folded before Flop (didn't bet)



PokerStars Zoom Hand #185132205680:  Hold'em No Limit ($0.02/$0.05) - 2018/04/12 22:32:15 CCT [2018/04/12 10:32:15 ET]
Table 'Donati' 6-max Seat #1 is the button
Seat 1: e13crucial ($5.24 in chips) 
Seat 2: darkmoon311 ($5.81 in chips) 
Seat 3: HubertusB ($2.05 in chips) 
Seat 4: MrMefisto91 ($5.27 in chips) 
Seat 5: MrOT1 ($5.17 in chips) 
Seat 6: killerita67 ($7.35 in chips) 
darkmoon311: posts small blind $0.02
HubertusB: posts big blind $0.05
*** HOLE CARDS ***
Dealt to HubertusB [8h Th]
MrMefisto91: folds 
MrOT1: raises $0.10 to $0.15
killerita67: folds 
e13crucial: folds 
darkmoon311: folds 
HubertusB: folds 
Uncalled bet ($0.10) returned to MrOT1
MrOT1 collected $0.12 from pot
MrOT1: doesn't show hand 
*** SUMMARY ***
Total pot $0.12 | Rake $0 
Seat 1: e13crucial (button) folded before Flop (didn't bet)
Seat 2: darkmoon311 (small blind) folded before Flop
Seat 3: HubertusB (big blind) folded before Flop
Seat 4: MrMefisto91 folded before Flop (didn't bet)
Seat 5: MrOT1 collected ($0.12)
Seat 6: killerita67 folded before Flop (didn't bet)



PokerStars Zoom Hand #185132214180:  Hold'em No Limit ($0.02/$0.05) - 2018/04/12 22:32:31 CCT [2018/04/12 10:32:31 ET]
Table 'Donati' 6-max Seat #1 is the button
Seat 1: peposkitsos ($6.44 in chips) 
Seat 2: Acejinx ($5 in chips) 
Seat 3: DUDUKA81 ($5.18 in chips) 
Seat 4: HubertusB ($2 in chips) 
Seat 5: gameflix ($4.24 in chips) 
Seat 6: Bucm ($5.38 in chips) 
Acejinx: posts small blind $0.02
DUDUKA81: posts big blind $0.05
*** HOLE CARDS ***
Dealt to HubertusB [9c 7h]
HubertusB: folds 
gameflix: folds 
Bucm: folds 
peposkitsos: folds 
Acejinx: folds 
Uncalled bet ($0.03) returned to DUDUKA81
DUDUKA81 collected $0.04 from pot
DUDUKA81: doesn't show hand 
*** SUMMARY ***
Total pot $0.04 | Rake $0 
Seat 1: peposkitsos (button) folded before Flop (didn't bet)
Seat 2: Acejinx (small blind) folded before Flop
Seat 3: DUDUKA81 (big blind) collected ($0.04)
Seat 4: HubertusB folded before Flop (didn't bet)
Seat 5: gameflix folded before Flop (didn't bet)
Seat 6: Bucm folded before Flop (didn't bet)



PokerStars Zoom Hand #185132211018:  Hold'em No Limit ($0.02/$0.05) - 2018/04/12 22:32:25 CCT [2018/04/12 10:32:25 ET]
Table 'Donati' 6-max Seat #1 is the button
Seat 1: Martin.ar195 ($4.88 in chips) 
Seat 2: FiliusSatani ($8.09 in chips) 
Seat 3: e13crucial ($5.24 in chips) 
Seat 4: HubertusB ($2 in chips) 
Seat 5: xodyac ($9.75 in chips) 
Seat 6: Leonardoh2club ($4.17 in chips) 
FiliusSatani: posts small blind $0.02
e13crucial: posts big blind $0.05
*** HOLE CARDS ***
Dealt to HubertusB [Ks 9c]
HubertusB: folds 
xodyac: folds 
Leonardoh2club: folds 
Martin.ar195: raises $0.07 to $0.12
FiliusSatani: folds 
e13crucial: folds 
Uncalled bet ($0.07) returned to Martin.ar195
Martin.ar195 collected $0.12 from pot
Martin.ar195: doesn't show hand 
*** SUMMARY ***
Total pot $0.12 | Rake $0 
Seat 1: Martin.ar195 (button) collected ($0.12)
Seat 2: FiliusSatani (small blind) folded before Flop
Seat 3: e13crucial (big blind) folded before Flop
Seat 4: HubertusB folded before Flop (didn't bet)
Seat 5: xodyac folded before Flop (didn't bet)
Seat 6: Leonardoh2club folded before Flop (didn't bet)



PokerStars Zoom Hand #185132202584:  Hold'em No Limit ($0.02/$0.05) - 2018/04/12 22:32:09 CCT [2018/04/12 10:32:09 ET]
Table 'Donati' 6-max Seat #1 is the button
Seat 1: nbcola_whG ($1.29 in chips) 
Seat 2: Nxt1pls ($3.55 in chips) 
Seat 3: indiadope ($2.51 in chips) 
Seat 4: ginom22 ($4.67 in chips) 
Seat 5: Sulim_Street ($4.95 in chips) 
Seat 6: HubertusB ($2.05 in chips) 
Nxt1pls: posts small blind $0.02
indiadope: posts big blind $0.05
*** HOLE CARDS ***
Dealt to HubertusB [Js 5d]
ginom22: raises $0.10 to $0.15
Sulim_Street: folds 
HubertusB: folds 
nbcola_whG: raises $0.10 to $0.25
Nxt1pls: folds 
indiadope: folds 
ginom22: calls $0.10
*** FLOP *** [7s 7d 8h]
ginom22: checks 
nbcola_whG: checks 
*** TURN *** [7s 7d 8h] [4c]
ginom22: checks 
nbcola_whG: checks 
*** RIVER *** [7s 7d 8h 4c] [5h]
ginom22: checks 
nbcola_whG: checks 
*** SHOW DOWN ***
ginom22: shows [Ts Ks] (a pair of Sevens)
nbcola_whG: mucks hand 
ginom22 collected $0.55 from pot
*** SUMMARY ***
Total pot $0.57 | Rake $0.02 
Board [7s 7d 8h 4c 5h]
Seat 1: nbcola_whG (button) mucked [Qc 2h]
Seat 2: Nxt1pls (small blind) folded before Flop
Seat 3: indiadope (big blind) folded before Flop
Seat 4: ginom22 showed [Ts Ks] and won ($0.55) with a pair of Sevens
Seat 5: Sulim_Street folded before Flop (didn't bet)
Seat 6: HubertusB folded before Flop (didn't bet)



PokerStars Zoom Hand #185132217349:  Hold'em No Limit ($0.02/$0.05) - 2018/04/12 22:32:37 CCT [2018/04/12 10:32:37 ET]
Table 'Donati' 6-max Seat #1 is the button
Seat 1: mkbftw ($5.69 in chips) 
Seat 2: HubertusB ($2 in chips) 
Seat 3: confirmedanc ($5.59 in chips) 
Seat 4: Dariev ($5.28 in chips) 
Seat 5: loustros ($5 in chips) 
Seat 6: hcpalli ($5.16 in chips) 
HubertusB: posts small blind $0.02
confirmedanc: posts big blind $0.05
*** HOLE CARDS ***
Dealt to HubertusB [Jd Qd]
Dariev: folds 
loustros: raises $0.12 to $0.17
hcpalli: folds 
mkbftw: folds 
HubertusB: calls $0.15
confirmedanc: folds 
*** FLOP *** [7s Qh 9s]
HubertusB: checks 
loustros: bets $0.19
HubertusB: calls $0.19
*** TURN *** [7s Qh 9s] [Js]
HubertusB: checks 
loustros: bets $0.77
HubertusB: raises $0.87 to $1.64 and is all-in
loustros: calls $0.87
*** RIVER *** [7s Qh 9s Js] [6d]
*** SHOW DOWN ***
HubertusB: shows [Jd Qd] (two pair, Queens and Jacks)
loustros: shows [8h Th] (a straight, Eight to Queen)
loustros collected $3.88 from pot
*** SUMMARY ***
Total pot $4.05 | Rake $0.17 
Board [7s Qh 9s Js 6d]
Seat 1: mkbftw (button) folded before Flop (didn't bet)
Seat 2: HubertusB (small blind) showed [Jd Qd] and lost with two pair, Queens and Jacks
Seat 3: confirmedanc (big blind) folded before Flop
Seat 4: Dariev folded before Flop (didn't bet)
Seat 5: loustros showed [8h Th] and won ($3.88) with a straight, Eight to Queen
Seat 6: hcpalli folded before Flop (didn't bet)



PokerStars Zoom Hand #185132242503:  Hold'em No Limit ($0.02/$0.05) - 2018/04/12 22:33:24 CCT [2018/04/12 10:33:24 ET]
Table 'Donati' 6-max Seat #1 is the button
Seat 1: HubertusB ($5 in chips) 
Seat 2: HenrySiu ($10.42 in chips) 
Seat 3: Mewars ($4.19 in chips) 
Seat 4: flatbelieve ($6.47 in chips) 
Seat 5: pjsgalvao ($6.14 in chips) 
Seat 6: High Calonic ($5 in chips) 
HenrySiu: posts small blind $0.02
Mewars: posts big blind $0.05
*** HOLE CARDS ***
Dealt to HubertusB [9h 5c]
flatbelieve: folds 
pjsgalvao: folds 
High Calonic: folds 
HubertusB: folds 
HenrySiu: folds 
Uncalled bet ($0.03) returned to Mewars
Mewars collected $0.04 from pot
Mewars: doesn't show hand 
*** SUMMARY ***
Total pot $0.04 | Rake $0 
Seat 1: HubertusB (button) folded before Flop (didn't bet)
Seat 2: HenrySiu (small blind) folded before Flop
Seat 3: Mewars (big blind) collected ($0.04)
Seat 4: flatbelieve folded before Flop (didn't bet)
Seat 5: pjsgalvao folded before Flop (didn't bet)
Seat 6: High Calonic folded before Flop (didn't bet)



PokerStars Zoom Hand #185132246721:  Hold'em No Limit ($0.02/$0.05) - 2018/04/12 22:33:32 CCT [2018/04/12 10:33:32 ET]
Table 'Donati' 6-max Seat #1 is the button
Seat 1: Zio000 ($5 in chips) 
Seat 2: Kelt2 ($6.20 in chips) 
Seat 3: Ryan Fang ($5.45 in chips) 
Seat 4: Techponchan ($6.91 in chips) 
Seat 5: ros-krivbass ($9.24 in chips) 
Seat 6: HubertusB ($5 in chips) 
Kelt2: posts small blind $0.02
Ryan Fang: posts big blind $0.05
*** HOLE CARDS ***
Dealt to HubertusB [9c Jd]
Techponchan: folds 
ros-krivbass: folds 
HubertusB: raises $0.05 to $0.10
Zio000: folds 
Kelt2: folds 
Ryan Fang: folds 
Uncalled bet ($0.05) returned to HubertusB
HubertusB collected $0.12 from pot
HubertusB: doesn't show hand 
*** SUMMARY ***
Total pot $0.12 | Rake $0 
Seat 1: Zio000 (button) folded before Flop (didn't bet)
Seat 2: Kelt2 (small blind) folded before Flop
Seat 3: Ryan Fang (big blind) folded before Flop
Seat 4: Techponchan folded before Flop (didn't bet)
Seat 5: ros-krivbass folded before Flop (didn't bet)
Seat 6: HubertusB collected ($0.12)



PokerStars Zoom Hand #185132255183:  Hold'em No Limit ($0.02/$0.05) - 2018/04/12 22:33:48 CCT [2018/04/12 10:33:48 ET]
Table 'Donati' 6-max Seat #1 is the button
Seat 1: HubertusB ($5.07 in chips) 
Seat 2: confirmedanc ($5 in chips) 
Seat 3: isjaki ($6.90 in chips) 
Seat 4: Mankon95 ($6.37 in chips) 
Seat 5: Magician1282 ($6.06 in chips) 
Seat 6: Ryan Fang ($5.68 in chips) 
confirmedanc: posts small blind $0.02
isjaki: posts big blind $0.05
*** HOLE CARDS ***
Dealt to HubertusB [Js 8h]
Mankon95: folds 
Magician1282: folds 
Ryan Fang: folds 
HubertusB: folds 
confirmedanc: folds 
Uncalled bet ($0.03) returned to isjaki
isjaki collected $0.04 from pot
isjaki: doesn't show hand 
*** SUMMARY ***
Total pot $0.04 | Rake $0 
Seat 1: HubertusB (button) folded before Flop (didn't bet)
Seat 2: confirmedanc (small blind) folded before Flop
Seat 3: isjaki (big blind) collected ($0.04)
Seat 4: Mankon95 folded before Flop (didn't bet)
Seat 5: Magician1282 folded before Flop (didn't bet)
Seat 6: Ryan Fang folded before Flop (didn't bet)



PokerStars Zoom Hand #185132258367:  Hold'em No Limit ($0.02/$0.05) - 2018/04/12 22:33:54 CCT [2018/04/12 10:33:54 ET]
Table 'Donati' 6-max Seat #1 is the button
Seat 1: jieeeeeee ($5.48 in chips) 
Seat 2: Kota0501 ($12.56 in chips) 
Seat 3: HubertusB ($5.07 in chips) 
Seat 4: Draber06 ($6.63 in chips) 
Seat 5: loustros ($7.19 in chips) 
Seat 6: ziziyo115 ($5.54 in chips) 
Kota0501: posts small blind $0.02
HubertusB: posts big blind $0.05
*** HOLE CARDS ***
Dealt to HubertusB [Tc 6h]
Draber06: folds 
loustros: raises $0.12 to $0.17
ziziyo115: folds 
jieeeeeee: folds 
Kota0501: folds 
HubertusB: folds 
Uncalled bet ($0.12) returned to loustros
loustros collected $0.12 from pot
loustros: doesn't show hand 
*** SUMMARY ***
Total pot $0.12 | Rake $0 
Seat 1: jieeeeeee (button) folded before Flop (didn't bet)
Seat 2: Kota0501 (small blind) folded before Flop
Seat 3: HubertusB (big blind) folded before Flop
Seat 4: Draber06 folded before Flop (didn't bet)
Seat 5: loustros collected ($0.12)
Seat 6: ziziyo115 folded before Flop (didn't bet)



PokerStars Zoom Hand #185132261635:  Hold'em No Limit ($0.02/$0.05) - 2018/04/12 22:34:00 CCT [2018/04/12 10:34:00 ET]
Table 'Donati' 6-max Seat #1 is the button
Seat 1: AkoAySugarol ($5 in chips) 
Seat 2: HubertusB ($5.02 in chips) 
Seat 3: ibiza48 ($11.90 in chips) 
Seat 4: Sulim_Street ($4.58 in chips) 
Seat 5: Decoyy ($10.07 in chips) 
Seat 6: MrInTerra ($6.86 in chips) 
HubertusB: posts small blind $0.02
ibiza48: posts big blind $0.05
*** HOLE CARDS ***
Dealt to HubertusB [4s Js]
Sulim_Street: folds 
Decoyy: folds 
MrInTerra: folds 
AkoAySugarol: folds 
HubertusB: raises $0.05 to $0.10
ibiza48: folds 
Uncalled bet ($0.05) returned to HubertusB
HubertusB collected $0.10 from pot
HubertusB: doesn't show hand 
*** SUMMARY ***
Total pot $0.10 | Rake $0 
Seat 1: AkoAySugarol (button) folded before Flop (didn't bet)
Seat 2: HubertusB (small blind) collected ($0.10)
Seat 3: ibiza48 (big blind) folded before Flop
Seat 4: Sulim_Street folded before Flop (didn't bet)
Seat 5: Decoyy folded before Flop (didn't bet)
Seat 6: MrInTerra folded before Flop (didn't bet)



PokerStars Zoom Hand #185132266816:  Hold'em No Limit ($0.02/$0.05) - 2018/04/12 22:34:10 CCT [2018/04/12 10:34:10 ET]
Table 'Donati' 6-max Seat #1 is the button
Seat 1: german_got ($5.93 in chips) 
Seat 2: ros-krivbass ($9.26 in chips) 
Seat 3: 9nblvck ($5.27 in chips) 
Seat 4: s.boroda4 ($5.46 in chips) 
Seat 5: HubertusB ($5.07 in chips) 
Seat 6: anta60 ($5.88 in chips) 
ros-krivbass: posts small blind $0.02
9nblvck: posts big blind $0.05
*** HOLE CARDS ***
Dealt to HubertusB [Ts 4h]
s.boroda4: folds 
HubertusB: folds 
anta60: folds 
german_got: folds 
ros-krivbass: folds 
Uncalled bet ($0.03) returned to 9nblvck
9nblvck collected $0.04 from pot
9nblvck: doesn't show hand 
*** SUMMARY ***
Total pot $0.04 | Rake $0 
Seat 1: german_got (button) folded before Flop (didn't bet)
Seat 2: ros-krivbass (small blind) folded before Flop
Seat 3: 9nblvck (big blind) collected ($0.04)
Seat 4: s.boroda4 folded before Flop (didn't bet)
Seat 5: HubertusB folded before Flop (didn't bet)
Seat 6: anta60 folded before Flop (didn't bet)



PokerStars Zoom Hand #185132273175:  Hold'em No Limit ($0.02/$0.05) - 2018/04/12 22:34:22 CCT [2018/04/12 10:34:22 ET]
Table 'Donati' 6-max Seat #1 is the button
Seat 1: s.boroda4 ($5.44 in chips) 
Seat 2: High Calonic ($5.66 in chips) 
Seat 3: kamilson66 ($5.49 in chips) 
Seat 4: JakSei ($6.78 in chips) 
Seat 5: HubertusB ($5.07 in chips) 
Seat 6: danjmekeru ($5.07 in chips) 
High Calonic: posts small blind $0.02
kamilson66: posts big blind $0.05
*** HOLE CARDS ***
Dealt to HubertusB [Jd 4h]
JakSei: folds 
HubertusB: folds 
danjmekeru: folds 
s.boroda4: raises $0.10 to $0.15
High Calonic: folds 
kamilson66: folds 
Uncalled bet ($0.10) returned to s.boroda4
s.boroda4 collected $0.12 from pot
s.boroda4: doesn't show hand 
*** SUMMARY ***
Total pot $0.12 | Rake $0 
Seat 1: s.boroda4 (button) collected ($0.12)
Seat 2: High Calonic (small blind) folded before Flop
Seat 3: kamilson66 (big blind) folded before Flop
Seat 4: JakSei folded before Flop (didn't bet)
Seat 5: HubertusB folded before Flop (didn't bet)
Seat 6: danjmekeru folded before Flop (didn't bet)



PokerStars Zoom Hand #185132269467:  Hold'em No Limit ($0.02/$0.05) - 2018/04/12 22:34:15 CCT [2018/04/12 10:34:15 ET]
Table 'Donati' 6-max Seat #1 is the button
Seat 1: MurMurRu ($10.19 in chips) 
Seat 2: danjmekeru ($5.09 in chips) 
Seat 3: Nxt1pls ($2.46 in chips) 
Seat 4: Bucm ($5 in chips) 
Seat 5: whitedust666 ($4.43 in chips) 
Seat 6: HubertusB ($5.07 in chips) 
danjmekeru: posts small blind $0.02
Nxt1pls: posts big blind $0.05
*** HOLE CARDS ***
Dealt to HubertusB [9s Ah]
Bucm: raises $0.07 to $0.12
whitedust666: folds 
HubertusB: folds 
MurMurRu: folds 
danjmekeru: folds 
Nxt1pls: calls $0.07
*** FLOP *** [3c 7h Js]
Nxt1pls: checks 
Bucm: bets $0.12
Nxt1pls: calls $0.12
*** TURN *** [3c 7h Js] [Jd]
Nxt1pls: bets $0.28
Bucm: folds 
Uncalled bet ($0.28) returned to Nxt1pls
Nxt1pls collected $0.48 from pot
Nxt1pls: doesn't show hand 
*** SUMMARY ***
Total pot $0.50 | Rake $0.02 
Board [3c 7h Js Jd]
Seat 1: MurMurRu (button) folded before Flop (didn't bet)
Seat 2: danjmekeru (small blind) folded before Flop
Seat 3: Nxt1pls (big blind) collected ($0.48)
Seat 4: Bucm folded on the Turn
Seat 5: whitedust666 folded before Flop (didn't bet)
Seat 6: HubertusB folded before Flop (didn't bet)



PokerStars Zoom Hand #185132276326:  Hold'em No Limit ($0.02/$0.05) - 2018/04/12 22:34:28 CCT [2018/04/12 10:34:28 ET]
Table 'Donati' 6-max Seat #1 is the button
Seat 1: WingsForMyV ($5.07 in chips) 
Seat 2: TKoniWolf ($5.07 in chips) 
Seat 3: HubertusB ($5.07 in chips) 
Seat 4: Salman980 ($4.55 in chips) 
Seat 5: isjaki ($5.17 in chips) 
Seat 6: Shatosik ($11.54 in chips) 
TKoniWolf: posts small blind $0.02
HubertusB: posts big blind $0.05
*** HOLE CARDS ***
Dealt to HubertusB [6s 7h]
Salman980: calls $0.05
isjaki: folds 
Shatosik: folds 
WingsForMyV: folds 
TKoniWolf: calls $0.03
HubertusB: checks 
*** FLOP *** [Js 2s 3h]
TKoniWolf: checks 
HubertusB: bets $0.15
Salman980: calls $0.15
TKoniWolf: folds 
*** TURN *** [Js 2s 3h] [5s]
HubertusB: checks 
Salman980: bets $0.22
HubertusB: folds 
Uncalled bet ($0.22) returned to Salman980
Salman980 collected $0.43 from pot
Salman980: doesn't show hand 
*** SUMMARY ***
Total pot $0.45 | Rake $0.02 
Board [Js 2s 3h 5s]
Seat 1: WingsForMyV (button) folded before Flop (didn't bet)
Seat 2: TKoniWolf (small blind) folded on the Flop
Seat 3: HubertusB (big blind) folded on the Turn
Seat 4: Salman980 collected ($0.43)
Seat 5: isjaki folded before Flop (didn't bet)
Seat 6: Shatosik folded before Flop (didn't bet)



PokerStars Zoom Hand #185132301780:  Hold'em No Limit ($0.02/$0.05) - 2018/04/12 22:35:16 CCT [2018/04/12 10:35:16 ET]
Table 'Donati' 6-max Seat #1 is the button
Seat 1: pinupjesus ($8.44 in chips) 
Seat 2: HubertusB ($4.87 in chips) 
Seat 3: AleyF ($12.16 in chips) 
Seat 4: yotpoker ($12.04 in chips) 
Seat 5: Ryan Fang ($6 in chips) 
Seat 6: WITKOW_AV ($5.47 in chips) 
HubertusB: posts small blind $0.02
AleyF: posts big blind $0.05
*** HOLE CARDS ***
Dealt to HubertusB [9d Ts]
yotpoker: folds 
Ryan Fang: folds 
WITKOW_AV: folds 
pinupjesus: raises $0.07 to $0.12
HubertusB: folds 
AleyF: folds 
Uncalled bet ($0.07) returned to pinupjesus
pinupjesus collected $0.12 from pot
pinupjesus: doesn't show hand 
*** SUMMARY ***
Total pot $0.12 | Rake $0 
Seat 1: pinupjesus (button) collected ($0.12)
Seat 2: HubertusB (small blind) folded before Flop
Seat 3: AleyF (big blind) folded before Flop
Seat 4: yotpoker folded before Flop (didn't bet)
Seat 5: Ryan Fang folded before Flop (didn't bet)
Seat 6: WITKOW_AV folded before Flop (didn't bet)



PokerStars Zoom Hand #185132304869:  Hold'em No Limit ($0.02/$0.05) - 2018/04/12 22:35:22 CCT [2018/04/12 10:35:22 ET]
Table 'Donati' 6-max Seat #1 is the button
Seat 1: Acejinx ($6.42 in chips) 
Seat 2: rekoj504 ($7.40 in chips) 
Seat 3: LeXPSU ($5 in chips) 
Seat 4: MrMefisto91 ($5 in chips) 
Seat 5: LeopoldoSaint ($6.15 in chips) 
Seat 6: HubertusB ($4.85 in chips) 
rekoj504: posts small blind $0.02
LeXPSU: posts big blind $0.05
*** HOLE CARDS ***
Dealt to HubertusB [8d As]
MrMefisto91: raises $0.10 to $0.15
LeopoldoSaint: folds 
HubertusB: folds 
Acejinx: folds 
rekoj504: folds 
LeXPSU: folds 
Uncalled bet ($0.10) returned to MrMefisto91
MrMefisto91 collected $0.12 from pot
MrMefisto91: doesn't show hand 
*** SUMMARY ***
Total pot $0.12 | Rake $0 
Seat 1: Acejinx (button) folded before Flop (didn't bet)
Seat 2: rekoj504 (small blind) folded before Flop
Seat 3: LeXPSU (big blind) folded before Flop
Seat 4: MrMefisto91 collected ($0.12)
Seat 5: LeopoldoSaint folded before Flop (didn't bet)
Seat 6: HubertusB folded before Flop (didn't bet)



PokerStars Zoom Hand #185132299076:  Hold'em No Limit ($0.02/$0.05) - 2018/04/12 22:35:11 CCT [2018/04/12 10:35:11 ET]
Table 'Donati' 6-max Seat #1 is the button
Seat 1: Tosha550 ($9.14 in chips) 
Seat 2: Neo254 ($4.95 in chips) 
Seat 3: falcao991 ($5.07 in chips) 
Seat 4: Girigal ($5 in chips) 
Seat 5: HubertusB ($4.87 in chips) 
Seat 6: Dreammoves ($18.72 in chips) 
Neo254: posts small blind $0.02
falcao991: posts big blind $0.05
*** HOLE CARDS ***
Dealt to HubertusB [8s 9h]
Girigal: raises $0.10 to $0.15
HubertusB: folds 
Dreammoves: folds 
Tosha550: folds 
Neo254: folds 
falcao991: calls $0.10
*** FLOP *** [Ts 4s Ks]
falcao991: checks 
Girigal: checks 
*** TURN *** [Ts 4s Ks] [2d]
falcao991: bets $0.20
Girigal: folds 
Uncalled bet ($0.20) returned to falcao991
falcao991 collected $0.31 from pot
falcao991: doesn't show hand 
*** SUMMARY ***
Total pot $0.32 | Rake $0.01 
Board [Ts 4s Ks 2d]
Seat 1: Tosha550 (button) folded before Flop (didn't bet)
Seat 2: Neo254 (small blind) folded before Flop
Seat 3: falcao991 (big blind) collected ($0.31)
Seat 4: Girigal folded on the Turn
Seat 5: HubertusB folded before Flop (didn't bet)
Seat 6: Dreammoves folded before Flop (didn't bet)



PokerStars Zoom Hand #185132295889:  Hold'em No Limit ($0.02/$0.05) - 2018/04/12 22:35:05 CCT [2018/04/12 10:35:05 ET]
Table 'Donati' 6-max Seat #1 is the button
Seat 1: HubertusB ($4.87 in chips) 
Seat 2: arsvegas777 ($2.63 in chips) 
Seat 3: rekoj504 ($7.45 in chips) 
Seat 4: Techponchan ($7.49 in chips) 
Seat 5: resanthi ($5.69 in chips) 
Seat 6: max Samara52 ($9.65 in chips) 
arsvegas777: posts small blind $0.02
rekoj504: posts big blind $0.05
*** HOLE CARDS ***
Dealt to HubertusB [9c 3h]
Techponchan: raises $0.10 to $0.15
resanthi: calls $0.15
max Samara52: folds 
HubertusB: folds 
arsvegas777: folds 
rekoj504: folds 
*** FLOP *** [8s Ah 3c]
Techponchan: bets $0.20
resanthi: calls $0.20
*** TURN *** [8s Ah 3c] [Td]
Techponchan: checks 
resanthi: checks 
*** RIVER *** [8s Ah 3c Td] [5c]
Techponchan: checks 
resanthi: bets $0.25
Techponchan: calls $0.25
*** SHOW DOWN ***
resanthi: shows [Ac 4c] (a pair of Aces)
Techponchan: shows [4s As] (a pair of Aces)
Techponchan collected $0.61 from pot
resanthi collected $0.61 from pot
*** SUMMARY ***
Total pot $1.27 | Rake $0.05 
Board [8s Ah 3c Td 5c]
Seat 1: HubertusB (button) folded before Flop (didn't bet)
Seat 2: arsvegas777 (small blind) folded before Flop
Seat 3: rekoj504 (big blind) folded before Flop
Seat 4: Techponchan showed [4s As] and won ($0.61) with a pair of Aces
Seat 5: resanthi showed [Ac 4c] and won ($0.61) with a pair of Aces
Seat 6: max Samara52 folded before Flop (didn't bet)



PokerStars Zoom Hand #185132308094:  Hold'em No Limit ($0.02/$0.05) - 2018/04/12 22:35:28 CCT [2018/04/12 10:35:28 ET]
Table 'Donati' 6-max Seat #1 is the button
Seat 1: ziziyo115 ($6.32 in chips) 
Seat 2: Fostal_by ($8.50 in chips) 
Seat 3: HubertusB ($4.85 in chips) 
Seat 4: poshla_nazuy ($10.70 in chips) 
Seat 5: petilino1234 ($1.68 in chips) 
Seat 6: Slavon4ik UA ($5 in chips) 
Fostal_by: posts small blind $0.02
HubertusB: posts big blind $0.05
*** HOLE CARDS ***
Dealt to HubertusB [6s 5c]
poshla_nazuy: folds 
petilino1234: calls $0.05
Slavon4ik UA: folds 
ziziyo115: folds 
Fostal_by: calls $0.03
HubertusB: checks 
*** FLOP *** [7h Th 3c]
Fostal_by: checks 
HubertusB: bets $0.15
petilino1234: calls $0.15
Fostal_by: calls $0.15
*** TURN *** [7h Th 3c] [Ah]
Fostal_by: bets $0.38
HubertusB: folds 
petilino1234: calls $0.38
*** RIVER *** [7h Th 3c Ah] [Qd]
Fostal_by: bets $0.70
petilino1234: folds 
Uncalled bet ($0.70) returned to Fostal_by
Fostal_by collected $1.30 from pot
Fostal_by: doesn't show hand 
*** SUMMARY ***
Total pot $1.36 | Rake $0.06 
Board [7h Th 3c Ah Qd]
Seat 1: ziziyo115 (button) folded before Flop (didn't bet)
Seat 2: Fostal_by (small blind) collected ($1.30)
Seat 3: HubertusB (big blind) folded on the Turn
Seat 4: poshla_nazuy folded before Flop (didn't bet)
Seat 5: petilino1234 folded on the River
Seat 6: Slavon4ik UA folded before Flop (didn't bet)



PokerStars Zoom Hand #185132326281:  Hold'em No Limit ($0.02/$0.05) - 2018/04/12 22:36:02 CCT [2018/04/12 10:36:02 ET]
Table 'Donati' 6-max Seat #1 is the button
Seat 1: yumeko0001 ($9.35 in chips) 
Seat 2: AnkiKuya ($5.98 in chips) 
Seat 3: temujing_ ($5.89 in chips) 
Seat 4: HubertusB ($4.65 in chips) 
Seat 5: kemps03 ($5.16 in chips) 
Seat 6: e13crucial ($6.24 in chips) 
AnkiKuya: posts small blind $0.02
temujing_: posts big blind $0.05
*** HOLE CARDS ***
Dealt to HubertusB [8d 4c]
HubertusB: folds 
kemps03: folds 
e13crucial: raises $0.10 to $0.15
yumeko0001: folds 
AnkiKuya: folds 
temujing_: folds 
Uncalled bet ($0.10) returned to e13crucial
e13crucial collected $0.12 from pot
e13crucial: doesn't show hand 
*** SUMMARY ***
Total pot $0.12 | Rake $0 
Seat 1: yumeko0001 (button) folded before Flop (didn't bet)
Seat 2: AnkiKuya (small blind) folded before Flop
Seat 3: temujing_ (big blind) folded before Flop
Seat 4: HubertusB folded before Flop (didn't bet)
Seat 5: kemps03 folded before Flop (didn't bet)
Seat 6: e13crucial collected ($0.12)



PokerStars Zoom Hand #185132332634:  Hold'em No Limit ($0.02/$0.05) - 2018/04/12 22:36:14 CCT [2018/04/12 10:36:14 ET]
Table 'Donati' 6-max Seat #1 is the button
Seat 1: MoraesK9 ($12.09 in chips) 
Seat 2: HubertusB ($4.65 in chips) 
Seat 3: arsvegas777 ($3.31 in chips) 
Seat 4: rusich-vil ($5.56 in chips) 
Seat 5: LonelyWolf61 ($5 in chips) 
Seat 6: webby37563 ($9.61 in chips) 
HubertusB: posts small blind $0.02
arsvegas777: posts big blind $0.05
*** HOLE CARDS ***
Dealt to HubertusB [Th 6d]
rusich-vil: folds 
LonelyWolf61: folds 
webby37563: folds 
MoraesK9: folds 
HubertusB: folds 
Uncalled bet ($0.03) returned to arsvegas777
arsvegas777 collected $0.04 from pot
arsvegas777: doesn't show hand 
*** SUMMARY ***
Total pot $0.04 | Rake $0 
Seat 1: MoraesK9 (button) folded before Flop (didn't bet)
Seat 2: HubertusB (small blind) folded before Flop
Seat 3: arsvegas777 (big blind) collected ($0.04)
Seat 4: rusich-vil folded before Flop (didn't bet)
Seat 5: LonelyWolf61 folded before Flop (didn't bet)
Seat 6: webby37563 folded before Flop (didn't bet)



PokerStars Zoom Hand #185132335874:  Hold'em No Limit ($0.02/$0.05) - 2018/04/12 22:36:20 CCT [2018/04/12 10:36:20 ET]
Table 'Donati' 6-max Seat #1 is the button
Seat 1: HubertusB ($4.63 in chips) 
Seat 2: tiga92 ($5.30 in chips) 
Seat 3: Tosha550 ($10.67 in chips) 
Seat 4: poshla_nazuy ($10.72 in chips) 
Seat 5: ginom22 ($5.80 in chips) 
Seat 6: ziziyo115 ($5.44 in chips) 
tiga92: posts small blind $0.02
Tosha550: posts big blind $0.05
*** HOLE CARDS ***
Dealt to HubertusB [Ad Tc]
poshla_nazuy: folds 
ginom22: folds 
ziziyo115: raises $0.07 to $0.12
HubertusB: raises $0.23 to $0.35
tiga92: folds 
Tosha550: folds 
ziziyo115: calls $0.23
*** FLOP *** [7c 8h 4h]
ziziyo115: checks 
HubertusB: bets $0.45
ziziyo115: folds 
Uncalled bet ($0.45) returned to HubertusB
HubertusB collected $0.74 from pot
HubertusB: doesn't show hand 
*** SUMMARY ***
Total pot $0.77 | Rake $0.03 
Board [7c 8h 4h]
Seat 1: HubertusB (button) collected ($0.74)
Seat 2: tiga92 (small blind) folded before Flop
Seat 3: Tosha550 (big blind) folded before Flop
Seat 4: poshla_nazuy folded before Flop (didn't bet)
Seat 5: ginom22 folded before Flop (didn't bet)
Seat 6: ziziyo115 folded on the Flop



PokerStars Zoom Hand #185132329500:  Hold'em No Limit ($0.02/$0.05) - 2018/04/12 22:36:08 CCT [2018/04/12 10:36:08 ET]
Table 'Donati' 6-max Seat #1 is the button
Seat 1: Rassty1983 ($4.14 in chips) 
Seat 2: danimer89 ($5.18 in chips) 
Seat 3: BigMoney964 ($5 in chips) 
Seat 4: HubertusB ($4.65 in chips) 
Seat 5: Mars1502 ($3.40 in chips) 
Seat 6: Aleks071rus ($12.38 in chips) 
danimer89: posts small blind $0.02
BigMoney964: posts big blind $0.05
*** HOLE CARDS ***
Dealt to HubertusB [Qh 5d]
HubertusB: folds 
Mars1502: folds 
Aleks071rus: folds 
Rassty1983: folds 
danimer89: raises $0.10 to $0.15
BigMoney964: calls $0.10
*** FLOP *** [2h Ad Kh]
danimer89: bets $0.17
BigMoney964: calls $0.17
*** TURN *** [2h Ad Kh] [3d]
danimer89: bets $0.95
BigMoney964: folds 
Uncalled bet ($0.95) returned to danimer89
danimer89 collected $0.61 from pot
danimer89: doesn't show hand 
*** SUMMARY ***
Total pot $0.64 | Rake $0.03 
Board [2h Ad Kh 3d]
Seat 1: Rassty1983 (button) folded before Flop (didn't bet)
Seat 2: danimer89 (small blind) collected ($0.61)
Seat 3: BigMoney964 (big blind) folded on the Turn
Seat 4: HubertusB folded before Flop (didn't bet)
Seat 5: Mars1502 folded before Flop (didn't bet)
Seat 6: Aleks071rus folded before Flop (didn't bet)



PokerStars Zoom Hand #185132352467:  Hold'em No Limit ($0.02/$0.05) - 2018/04/12 22:36:51 CCT [2018/04/12 10:36:51 ET]
Table 'Donati' 6-max Seat #1 is the button
Seat 1: galoanapolis ($4.07 in chips) 
Seat 2: LeXPSU ($21.44 in chips) 
Seat 3: Gregory.M23 ($9.89 in chips) 
Seat 4: Decoyy ($9.50 in chips) 
Seat 5: positionlimp ($15.74 in chips) 
Seat 6: HubertusB ($5.02 in chips) 
LeXPSU: posts small blind $0.02
Gregory.M23: posts big blind $0.05
*** HOLE CARDS ***
Dealt to HubertusB [Jh 2s]
Decoyy: folds 
positionlimp: folds 
HubertusB: folds 
galoanapolis: folds 
LeXPSU: folds 
Uncalled bet ($0.03) returned to Gregory.M23
Gregory.M23 collected $0.04 from pot
Gregory.M23: doesn't show hand 
*** SUMMARY ***
Total pot $0.04 | Rake $0 
Seat 1: galoanapolis (button) folded before Flop (didn't bet)
Seat 2: LeXPSU (small blind) folded before Flop
Seat 3: Gregory.M23 (big blind) collected ($0.04)
Seat 4: Decoyy folded before Flop (didn't bet)
Seat 5: positionlimp folded before Flop (didn't bet)
Seat 6: HubertusB folded before Flop (didn't bet)



PokerStars Zoom Hand #185132358872:  Hold'em No Limit ($0.02/$0.05) - 2018/04/12 22:37:03 CCT [2018/04/12 10:37:03 ET]
Table 'Donati' 6-max Seat #1 is the button
Seat 1: gameflix ($3.31 in chips) 
Seat 2: galonpiva ($5.52 in chips) 
Seat 3: jackpot2104 ($5.58 in chips) 
Seat 4: HubertusB ($5.02 in chips) 
Seat 5: Gregory.M23 ($10.16 in chips) 
Seat 6: LonelyWolf61 ($5 in chips) 
galonpiva: posts small blind $0.02
jackpot2104: posts big blind $0.05
*** HOLE CARDS ***
Dealt to HubertusB [3c Qc]
HubertusB: folds 
Gregory.M23: folds 
LonelyWolf61: folds 
gameflix: folds 
galonpiva: folds 
Uncalled bet ($0.03) returned to jackpot2104
jackpot2104 collected $0.04 from pot
jackpot2104: doesn't show hand 
*** SUMMARY ***
Total pot $0.04 | Rake $0 
Seat 1: gameflix (button) folded before Flop (didn't bet)
Seat 2: galonpiva (small blind) folded before Flop
Seat 3: jackpot2104 (big blind) collected ($0.04)
Seat 4: HubertusB folded before Flop (didn't bet)
Seat 5: Gregory.M23 folded before Flop (didn't bet)
Seat 6: LonelyWolf61 folded before Flop (didn't bet)



PokerStars Zoom Hand #185132355175:  Hold'em No Limit ($0.02/$0.05) - 2018/04/12 22:36:56 CCT [2018/04/12 10:36:56 ET]
Table 'Donati' 6-max Seat #1 is the button
Seat 1: german_got ($6.25 in chips) 
Seat 2: 5tesElement ($2.63 in chips) 
Seat 3: 66Jez ($11.40 in chips) 
Seat 4: Neo254 ($4.78 in chips) 
Seat 5: HubertusB ($5.02 in chips) 
Seat 6: Tom_Jerry373 ($2.50 in chips) 
5tesElement: posts small blind $0.02
66Jez: posts big blind $0.05
*** HOLE CARDS ***
Dealt to HubertusB [Ac 6s]
Neo254: folds 
HubertusB: folds 
Tom_Jerry373: folds 
german_got: calls $0.05
5tesElement: calls $0.03
66Jez: checks 
*** FLOP *** [7s Ks 4s]
5tesElement: checks 
66Jez: bets $0.15
german_got: folds 
5tesElement: folds 
Uncalled bet ($0.15) returned to 66Jez
66Jez collected $0.14 from pot
66Jez: doesn't show hand 
*** SUMMARY ***
Total pot $0.15 | Rake $0.01 
Board [7s Ks 4s]
Seat 1: german_got (button) folded on the Flop
Seat 2: 5tesElement (small blind) folded on the Flop
Seat 3: 66Jez (big blind) collected ($0.14)
Seat 4: Neo254 folded before Flop (didn't bet)
Seat 5: HubertusB folded before Flop (didn't bet)
Seat 6: Tom_Jerry373 folded before Flop (didn't bet)



PokerStars Zoom Hand #185132364835:  Hold'em No Limit ($0.02/$0.05) - 2018/04/12 22:37:14 CCT [2018/04/12 10:37:14 ET]
Table 'Donati' 6-max Seat #1 is the button
Seat 1: Nxt1pls ($2.15 in chips) 
Seat 2: TKoniWolf ($5.46 in chips) 
Seat 3: HubertusB ($5.02 in chips) 
Seat 4: z0p12000 ($2.30 in chips) 
Seat 5: Tosha550 ($7.89 in chips) 
Seat 6: C.Andreii ($3.02 in chips) 
TKoniWolf: posts small blind $0.02
HubertusB: posts big blind $0.05
*** HOLE CARDS ***
Dealt to HubertusB [Jd 4h]
z0p12000: folds 
Tosha550: raises $0.09 to $0.14
C.Andreii: folds 
Nxt1pls: folds 
TKoniWolf: folds 
HubertusB: folds 
Uncalled bet ($0.09) returned to Tosha550
Tosha550 collected $0.12 from pot
Tosha550: doesn't show hand 
*** SUMMARY ***
Total pot $0.12 | Rake $0 
Seat 1: Nxt1pls (button) folded before Flop (didn't bet)
Seat 2: TKoniWolf (small blind) folded before Flop
Seat 3: HubertusB (big blind) folded before Flop
Seat 4: z0p12000 folded before Flop (didn't bet)
Seat 5: Tosha550 collected ($0.12)
Seat 6: C.Andreii folded before Flop (didn't bet)



PokerStars Zoom Hand #185132361576:  Hold'em No Limit ($0.02/$0.05) - 2018/04/12 22:37:08 CCT [2018/04/12 10:37:08 ET]
Table 'Donati' 6-max Seat #1 is the button
Seat 1: Kyhmynen ($8.09 in chips) 
Seat 2: YAHOO1992 ($3.48 in chips) 
Seat 3: Webb2K7 ($5 in chips) 
Seat 4: naimscorp ($2.85 in chips) 
Seat 5: HubertusB ($5.02 in chips) 
Seat 6: ziziyo115 ($6.30 in chips) 
YAHOO1992: posts small blind $0.02
Webb2K7: posts big blind $0.05
*** HOLE CARDS ***
Dealt to HubertusB [8s 3d]
naimscorp: raises $0.11 to $0.16
HubertusB: folds 
ziziyo115: folds 
Kyhmynen: raises $0.39 to $0.55
YAHOO1992: folds 
Webb2K7: folds 
naimscorp: folds 
Uncalled bet ($0.39) returned to Kyhmynen
Kyhmynen collected $0.39 from pot
Kyhmynen: doesn't show hand 
*** SUMMARY ***
Total pot $0.39 | Rake $0 
Seat 1: Kyhmynen (button) collected ($0.39)
Seat 2: YAHOO1992 (small blind) folded before Flop
Seat 3: Webb2K7 (big blind) folded before Flop
Seat 4: naimscorp folded before Flop
Seat 5: HubertusB folded before Flop (didn't bet)
Seat 6: ziziyo115 folded before Flop (didn't bet)



PokerStars Zoom Hand #185132370779:  Hold'em No Limit ($0.02/$0.05) - 2018/04/12 22:37:25 CCT [2018/04/12 10:37:25 ET]
Table 'Donati' 6-max Seat #1 is the button
Seat 1: PandaAs ($5 in chips) 
Seat 2: HubertusB ($4.97 in chips) 
Seat 3: Acejinx ($7.49 in chips) 
Seat 4: pulsner78 ($9.30 in chips) 
Seat 5: JekaBetterThenU ($8.02 in chips) 
Seat 6: Rinatborisov ($2.78 in chips) 
HubertusB: posts small blind $0.02
Acejinx: posts big blind $0.05
*** HOLE CARDS ***
Dealt to HubertusB [Tc Ah]
pulsner78: folds 
JekaBetterThenU: raises $0.09 to $0.14
Rinatborisov: folds 
PandaAs: folds 
HubertusB: folds 
Acejinx: folds 
Uncalled bet ($0.09) returned to JekaBetterThenU
JekaBetterThenU collected $0.12 from pot
JekaBetterThenU: doesn't show hand 
*** SUMMARY ***
Total pot $0.12 | Rake $0 
Seat 1: PandaAs (button) folded before Flop (didn't bet)
Seat 2: HubertusB (small blind) folded before Flop
Seat 3: Acejinx (big blind) folded before Flop
Seat 4: pulsner78 folded before Flop (didn't bet)
Seat 5: JekaBetterThenU collected ($0.12)
Seat 6: Rinatborisov folded before Flop (didn't bet)



PokerStars Zoom Hand #185132380347:  Hold'em No Limit ($0.02/$0.05) - 2018/04/12 22:37:43 CCT [2018/04/12 10:37:43 ET]
Table 'Donati' 6-max Seat #1 is the button
Seat 1: poshla_nazuy ($10.43 in chips) 
Seat 2: iExploler ($6.84 in chips) 
Seat 3: Decoyy ($16.14 in chips) 
Seat 4: Bubulo ($5.91 in chips) 
Seat 5: HubertusB ($4.95 in chips) 
Seat 6: 0toyota0 ($5 in chips) 
iExploler: posts small blind $0.02
Decoyy: posts big blind $0.05
*** HOLE CARDS ***
Dealt to HubertusB [2d 2h]
Bubulo: folds 
HubertusB: raises $0.10 to $0.15
0toyota0: calls $0.15
poshla_nazuy: folds 
iExploler: folds 
Decoyy: raises $0.47 to $0.62
HubertusB: folds 
0toyota0: calls $0.47
*** FLOP *** [Jh 6d Qs]
Decoyy: checks 
0toyota0: checks 
*** TURN *** [Jh 6d Qs] [3s]
Decoyy: checks 
0toyota0: bets $0.75
Decoyy: raises $1.28 to $2.03
0toyota0: folds 
Uncalled bet ($1.28) returned to Decoyy
Decoyy collected $2.79 from pot
Decoyy: doesn't show hand 
*** SUMMARY ***
Total pot $2.91 | Rake $0.12 
Board [Jh 6d Qs 3s]
Seat 1: poshla_nazuy (button) folded before Flop (didn't bet)
Seat 2: iExploler (small blind) folded before Flop
Seat 3: Decoyy (big blind) collected ($2.79)
Seat 4: Bubulo folded before Flop (didn't bet)
Seat 5: HubertusB folded before Flop
Seat 6: 0toyota0 folded on the Turn



PokerStars Zoom Hand #185132423959:  Hold'em No Limit ($0.02/$0.05) - 2018/04/12 22:39:04 CCT [2018/04/12 10:39:04 ET]
Table 'Donati' 6-max Seat #1 is the button
Seat 1: HubertusB ($4.80 in chips) 
Seat 2: Klim514 ($4.27 in chips) 
Seat 3: Pipskiy ($5.32 in chips) 
Seat 4: z0p12000 ($2.92 in chips) 
Seat 5: abracs21 ($3.12 in chips) 
Seat 6: Decoyy ($9.54 in chips) 
Klim514: posts small blind $0.02
Pipskiy: posts big blind $0.05
*** HOLE CARDS ***
Dealt to HubertusB [Th 4d]
z0p12000: folds 
abracs21: folds 
Decoyy: folds 
HubertusB: folds 
Klim514: raises $0.10 to $0.15
Pipskiy: folds 
Uncalled bet ($0.10) returned to Klim514
Klim514 collected $0.10 from pot
Klim514: doesn't show hand 
*** SUMMARY ***
Total pot $0.10 | Rake $0 
Seat 1: HubertusB (button) folded before Flop (didn't bet)
Seat 2: Klim514 (small blind) collected ($0.10)
Seat 3: Pipskiy (big blind) folded before Flop
Seat 4: z0p12000 folded before Flop (didn't bet)
Seat 5: abracs21 folded before Flop (didn't bet)
Seat 6: Decoyy folded before Flop (didn't bet)



PokerStars Zoom Hand #185132426661:  Hold'em No Limit ($0.02/$0.05) - 2018/04/12 22:39:09 CCT [2018/04/12 10:39:09 ET]
Table 'Donati' 6-max Seat #1 is the button
Seat 1: matedogswe ($5 in chips) 
Seat 2: yumeko0001 ($8.71 in chips) 
Seat 3: magnit89 ($4.90 in chips) 
Seat 4: Fizzlike ($5 in chips) 
Seat 5: galoanapolis ($3.19 in chips) 
Seat 6: HubertusB ($4.80 in chips) 
yumeko0001: posts small blind $0.02
magnit89: posts big blind $0.05
*** HOLE CARDS ***
Dealt to HubertusB [Jd Jc]
Fizzlike: raises $0.10 to $0.15
galoanapolis: folds 
HubertusB: calls $0.15
matedogswe: folds 
yumeko0001: folds 
magnit89: folds 
*** FLOP *** [Kh 5h 8s]
Fizzlike: checks 
HubertusB: checks 
*** TURN *** [Kh 5h 8s] [Ts]
Fizzlike: bets $0.23
HubertusB: calls $0.23
*** RIVER *** [Kh 5h 8s Ts] [Kd]
Fizzlike: bets $0.60
HubertusB: calls $0.60
*** SHOW DOWN ***
Fizzlike: shows [Td Tc] (a full house, Tens full of Kings)
HubertusB: mucks hand 
Fizzlike collected $1.95 from pot
*** SUMMARY ***
Total pot $2.03 | Rake $0.08 
Board [Kh 5h 8s Ts Kd]
Seat 1: matedogswe (button) folded before Flop (didn't bet)
Seat 2: yumeko0001 (small blind) folded before Flop
Seat 3: magnit89 (big blind) folded before Flop
Seat 4: Fizzlike showed [Td Tc] and won ($1.95) with a full house, Tens full of Kings
Seat 5: galoanapolis folded before Flop (didn't bet)
Seat 6: HubertusB mucked [Jd Jc]



PokerStars Zoom Hand #185132454805:  Hold'em No Limit ($0.02/$0.05) - 2018/04/12 22:40:01 CCT [2018/04/12 10:40:01 ET]
Table 'Donati' 6-max Seat #1 is the button
Seat 1: Alexmosk3 ($5.56 in chips) 
Seat 2: HubertusB ($3.77 in chips) 
Seat 3: Mantaz ($10.27 in chips) 
Seat 4: Decoyy ($9.45 in chips) 
Seat 5: RenningStone ($5.39 in chips) 
Seat 6: LukeDexter ($5.13 in chips) 
HubertusB: posts small blind $0.02
Mantaz: posts big blind $0.05
*** HOLE CARDS ***
Dealt to HubertusB [2h 3s]
Decoyy: folds 
RenningStone: raises $0.10 to $0.15
LukeDexter: folds 
Alexmosk3: folds 
HubertusB: folds 
Mantaz: folds 
Uncalled bet ($0.10) returned to RenningStone
RenningStone collected $0.12 from pot
RenningStone: doesn't show hand 
*** SUMMARY ***
Total pot $0.12 | Rake $0 
Seat 1: Alexmosk3 (button) folded before Flop (didn't bet)
Seat 2: HubertusB (small blind) folded before Flop
Seat 3: Mantaz (big blind) folded before Flop
Seat 4: Decoyy folded before Flop (didn't bet)
Seat 5: RenningStone collected ($0.12)
Seat 6: LukeDexter folded before Flop (didn't bet)



PokerStars Zoom Hand #185132457535:  Hold'em No Limit ($0.02/$0.05) - 2018/04/12 22:40:06 CCT [2018/04/12 10:40:06 ET]
Table 'Donati' 6-max Seat #1 is the button
Seat 1: frankpx90 ($3.62 in chips) 
Seat 2: McPferd ($6.05 in chips) 
Seat 3: igor29arh ($5.29 in chips) 
Seat 4: HubertusB ($3.75 in chips) 
Seat 5: hcpalli ($13.09 in chips) 
Seat 6: Sulim_Street ($4.30 in chips) 
McPferd: posts small blind $0.02
igor29arh: posts big blind $0.05
*** HOLE CARDS ***
Dealt to HubertusB [Jc Qs]
HubertusB: raises $0.10 to $0.15
hcpalli: folds 
Sulim_Street: folds 
frankpx90: folds 
McPferd: folds 
igor29arh: folds 
Uncalled bet ($0.10) returned to HubertusB
HubertusB collected $0.12 from pot
HubertusB: doesn't show hand 
*** SUMMARY ***
Total pot $0.12 | Rake $0 
Seat 1: frankpx90 (button) folded before Flop (didn't bet)
Seat 2: McPferd (small blind) folded before Flop
Seat 3: igor29arh (big blind) folded before Flop
Seat 4: HubertusB collected ($0.12)
Seat 5: hcpalli folded before Flop (didn't bet)
Seat 6: Sulim_Street folded before Flop (didn't bet)



PokerStars Zoom Hand #185132448815:  Hold'em No Limit ($0.02/$0.05) - 2018/04/12 22:39:50 CCT [2018/04/12 10:39:50 ET]
Table 'Donati' 6-max Seat #1 is the button
Seat 1: Ixer1 ($7.96 in chips) 
Seat 2: igor29arh ($5 in chips) 
Seat 3: HubertusB ($3.82 in chips) 
Seat 4: Aleks071rus ($10.85 in chips) 
Seat 5: Rassty1983 ($3.55 in chips) 
Seat 6: EdelsonPC ($15.41 in chips) 
igor29arh: posts small blind $0.02
HubertusB: posts big blind $0.05
*** HOLE CARDS ***
Dealt to HubertusB [4s Td]
Aleks071rus: folds 
Rassty1983: folds 
EdelsonPC: raises $0.10 to $0.15
Ixer1: calls $0.15
igor29arh: folds 
HubertusB: folds 
*** FLOP *** [3d Ts 6h]
EdelsonPC: checks 
Ixer1: checks 
*** TURN *** [3d Ts 6h] [Kh]
EdelsonPC: bets $0.15
Ixer1: folds 
Uncalled bet ($0.15) returned to EdelsonPC
EdelsonPC collected $0.35 from pot
EdelsonPC: doesn't show hand 
*** SUMMARY ***
Total pot $0.37 | Rake $0.02 
Board [3d Ts 6h Kh]
Seat 1: Ixer1 (button) folded on the Turn
Seat 2: igor29arh (small blind) folded before Flop
Seat 3: HubertusB (big blind) folded before Flop
Seat 4: Aleks071rus folded before Flop (didn't bet)
Seat 5: Rassty1983 folded before Flop (didn't bet)
Seat 6: EdelsonPC collected ($0.35)



PokerStars Zoom Hand #185132464641:  Hold'em No Limit ($0.02/$0.05) - 2018/04/12 22:40:19 CCT [2018/04/12 10:40:19 ET]
Table 'Donati' 6-max Seat #1 is the button
Seat 1: HubertusB ($3.82 in chips) 
Seat 2: yarikkkkk ($12.86 in chips) 
Seat 3: Regulev ($6.19 in chips) 
Seat 4: Bleight23 ($9.23 in chips) 
Seat 5: Fostal_by ($8.83 in chips) 
Seat 6: krh1997 ($4.66 in chips) 
yarikkkkk: posts small blind $0.02
Regulev: posts big blind $0.05
*** HOLE CARDS ***
Dealt to HubertusB [8h 5h]
Bleight23: raises $0.11 to $0.16
Fostal_by: folds 
krh1997: folds 
HubertusB: folds 
yarikkkkk: folds 
Regulev: folds 
Uncalled bet ($0.11) returned to Bleight23
Bleight23 collected $0.12 from pot
Bleight23: doesn't show hand 
*** SUMMARY ***
Total pot $0.12 | Rake $0 
Seat 1: HubertusB (button) folded before Flop (didn't bet)
Seat 2: yarikkkkk (small blind) folded before Flop
Seat 3: Regulev (big blind) folded before Flop
Seat 4: Bleight23 collected ($0.12)
Seat 5: Fostal_by folded before Flop (didn't bet)
Seat 6: krh1997 folded before Flop (didn't bet)



PokerStars Zoom Hand #185132467821:  Hold'em No Limit ($0.02/$0.05) - 2018/04/12 22:40:25 CCT [2018/04/12 10:40:25 ET]
Table 'Donati' 6-max Seat #1 is the button
Seat 1: hman1975 ($4.95 in chips) 
Seat 2: confirmedanc ($5.02 in chips) 
Seat 3: Rassty1983 ($5.01 in chips) 
Seat 4: Girigal ($5.13 in chips) 
Seat 5: sen@kin ($5 in chips) 
Seat 6: HubertusB ($3.82 in chips) 
confirmedanc: posts small blind $0.02
Rassty1983: posts big blind $0.05
*** HOLE CARDS ***
Dealt to HubertusB [8h Qs]
Girigal: folds 
sen@kin: folds 
HubertusB: folds 
hman1975: raises $0.10 to $0.15
confirmedanc: folds 
Rassty1983: folds 
Uncalled bet ($0.10) returned to hman1975
hman1975 collected $0.12 from pot
hman1975: doesn't show hand 
*** SUMMARY ***
Total pot $0.12 | Rake $0 
Seat 1: hman1975 (button) collected ($0.12)
Seat 2: confirmedanc (small blind) folded before Flop
Seat 3: Rassty1983 (big blind) folded before Flop
Seat 4: Girigal folded before Flop (didn't bet)
Seat 5: sen@kin folded before Flop (didn't bet)
Seat 6: HubertusB folded before Flop (didn't bet)



PokerStars Zoom Hand #185132471071:  Hold'em No Limit ($0.02/$0.05) - 2018/04/12 22:40:31 CCT [2018/04/12 10:40:31 ET]
Table 'Donati' 6-max Seat #1 is the button
Seat 1: HubertusB ($3.82 in chips) 
Seat 2: STAIRUS1989 ($7.08 in chips) 
Seat 3: AnkiKuya ($5.46 in chips) 
Seat 4: xx8v8xx ($3.31 in chips) 
Seat 5: vlad oleynik ($5 in chips) 
Seat 6: Gregory.M23 ($7.99 in chips) 
STAIRUS1989: posts small blind $0.02
AnkiKuya: posts big blind $0.05
*** HOLE CARDS ***
Dealt to HubertusB [Jd 7h]
xx8v8xx: folds 
vlad oleynik: folds 
Gregory.M23: folds 
HubertusB: folds 
STAIRUS1989: raises $0.10 to $0.15
AnkiKuya: folds 
Uncalled bet ($0.10) returned to STAIRUS1989
STAIRUS1989 collected $0.10 from pot
STAIRUS1989: doesn't show hand 
*** SUMMARY ***
Total pot $0.10 | Rake $0 
Seat 1: HubertusB (button) folded before Flop (didn't bet)
Seat 2: STAIRUS1989 (small blind) collected ($0.10)
Seat 3: AnkiKuya (big blind) folded before Flop
Seat 4: xx8v8xx folded before Flop (didn't bet)
Seat 5: vlad oleynik folded before Flop (didn't bet)
Seat 6: Gregory.M23 folded before Flop (didn't bet)



