PokerStars Zoom Hand #186643155135:  Hold'em No Limit ($0.02/$0.05) - 2018/05/20 20:08:50 CCT [2018/05/20 8:08:50 ET]
Table 'Donati' 6-max Seat #1 is the button
Seat 1: Ryduk.A ($5.21 in chips) 
Seat 2: DavorDG5 ($2.82 in chips) 
Seat 3: HubertusB ($5 in chips) 
Seat 4: UltraRunnerr ($18.65 in chips) 
Seat 5: andrzej4fun ($6.29 in chips) 
Seat 6: zwetok ($7.48 in chips) 
DavorDG5: posts small blind $0.02
HubertusB: posts big blind $0.05
*** HOLE CARDS ***
Dealt to HubertusB [8c Ac]
UltraRunnerr: folds 
andrzej4fun: raises $0.12 to $0.17
zwetok: folds 
Ryduk.A: folds 
DavorDG5: folds 
HubertusB: folds 
Uncalled bet ($0.12) returned to andrzej4fun
andrzej4fun collected $0.12 from pot
andrzej4fun: doesn't show hand 
*** SUMMARY ***
Total pot $0.12 | Rake $0 
Seat 1: Ryduk.A (button) folded before Flop (didn't bet)
Seat 2: DavorDG5 (small blind) folded before Flop
Seat 3: HubertusB (big blind) folded before Flop
Seat 4: UltraRunnerr folded before Flop (didn't bet)
Seat 5: andrzej4fun collected ($0.12)
Seat 6: zwetok folded before Flop (didn't bet)



PokerStars Zoom Hand #186643159332:  Hold'em No Limit ($0.02/$0.05) - 2018/05/20 20:08:59 CCT [2018/05/20 8:08:59 ET]
Table 'Donati' 6-max Seat #1 is the button
Seat 1: maxgild85 ($5.34 in chips) 
Seat 2: HubertusB ($4.95 in chips) 
Seat 3: Chinga4kuk ($5 in chips) 
Seat 4: opopo0009 ($5 in chips) 
Seat 5: Faied123 ($7.25 in chips) 
Seat 6: ivT3vT ($2.69 in chips) 
HubertusB: posts small blind $0.02
Chinga4kuk: posts big blind $0.05
*** HOLE CARDS ***
Dealt to HubertusB [8s 7d]
opopo0009: folds 
Faied123: folds 
ivT3vT: raises $0.15 to $0.20
maxgild85: folds 
HubertusB: folds 
Chinga4kuk: folds 
Uncalled bet ($0.15) returned to ivT3vT
ivT3vT collected $0.12 from pot
ivT3vT: doesn't show hand 
*** SUMMARY ***
Total pot $0.12 | Rake $0 
Seat 1: maxgild85 (button) folded before Flop (didn't bet)
Seat 2: HubertusB (small blind) folded before Flop
Seat 3: Chinga4kuk (big blind) folded before Flop
Seat 4: opopo0009 folded before Flop (didn't bet)
Seat 5: Faied123 folded before Flop (didn't bet)
Seat 6: ivT3vT collected ($0.12)



PokerStars Zoom Hand #186643162172:  Hold'em No Limit ($0.02/$0.05) - 2018/05/20 20:09:05 CCT [2018/05/20 8:09:05 ET]
Table 'Donati' 6-max Seat #1 is the button
Seat 1: HubertusB ($4.93 in chips) 
Seat 2: Cocam6aBcem ($28.42 in chips) 
Seat 3: WeakmindedV1 ($5 in chips) 
Seat 4: MAGE%CARDS ($5.82 in chips) 
Seat 5: orangedeuce ($6 in chips) 
Seat 6: jeffpig16 ($5 in chips) 
Cocam6aBcem: posts small blind $0.02
WeakmindedV1: posts big blind $0.05
*** HOLE CARDS ***
Dealt to HubertusB [6h Th]
MAGE%CARDS: folds 
orangedeuce: raises $0.10 to $0.15
jeffpig16: folds 
HubertusB: folds 
Cocam6aBcem: folds 
WeakmindedV1: folds 
Uncalled bet ($0.10) returned to orangedeuce
orangedeuce collected $0.12 from pot
orangedeuce: doesn't show hand 
*** SUMMARY ***
Total pot $0.12 | Rake $0 
Seat 1: HubertusB (button) folded before Flop (didn't bet)
Seat 2: Cocam6aBcem (small blind) folded before Flop
Seat 3: WeakmindedV1 (big blind) folded before Flop
Seat 4: MAGE%CARDS folded before Flop (didn't bet)
Seat 5: orangedeuce collected ($0.12)
Seat 6: jeffpig16 folded before Flop (didn't bet)



PokerStars Zoom Hand #186643168725:  Hold'em No Limit ($0.02/$0.05) - 2018/05/20 20:09:19 CCT [2018/05/20 8:09:19 ET]
Table 'Donati' 6-max Seat #1 is the button
Seat 1: Siorassc ($8.68 in chips) 
Seat 2: tomo808 ($9.65 in chips) 
Seat 3: racerred54 ($4.95 in chips) 
Seat 4: eSSayL65 ($13.27 in chips) 
Seat 5: HubertusB ($4.91 in chips) 
Seat 6: WeakmindedV1 ($5 in chips) 
tomo808: posts small blind $0.02
racerred54: posts big blind $0.05
*** HOLE CARDS ***
Dealt to HubertusB [Ah Ks]
eSSayL65: folds 
HubertusB: raises $0.10 to $0.15
WeakmindedV1: folds 
Siorassc: folds 
tomo808: folds 
racerred54: folds 
Uncalled bet ($0.10) returned to HubertusB
HubertusB collected $0.12 from pot
HubertusB: doesn't show hand 
*** SUMMARY ***
Total pot $0.12 | Rake $0 
Seat 1: Siorassc (button) folded before Flop (didn't bet)
Seat 2: tomo808 (small blind) folded before Flop
Seat 3: racerred54 (big blind) folded before Flop
Seat 4: eSSayL65 folded before Flop (didn't bet)
Seat 5: HubertusB collected ($0.12)
Seat 6: WeakmindedV1 folded before Flop (didn't bet)



PokerStars Zoom Hand #186643165942:  Hold'em No Limit ($0.02/$0.05) - 2018/05/20 20:09:13 CCT [2018/05/20 8:09:13 ET]
Table 'Donati' 6-max Seat #1 is the button
Seat 1: Mr. Belvit ($5 in chips) 
Seat 2: HubertusB ($4.93 in chips) 
Seat 3: ThiagooPaiva ($5 in chips) 
Seat 4: esquime72 ($3.79 in chips) 
Seat 5: barbos2009 ($7.51 in chips) 
Seat 6: UltraRunnerr ($10.10 in chips) 
HubertusB: posts small blind $0.02
ThiagooPaiva: posts big blind $0.05
*** HOLE CARDS ***
Dealt to HubertusB [8c Ad]
esquime72: folds 
barbos2009: folds 
UltraRunnerr: raises $0.05 to $0.10
Mr. Belvit: folds 
HubertusB: folds 
ThiagooPaiva: calls $0.05
*** FLOP *** [Qs Kc Js]
ThiagooPaiva: checks 
UltraRunnerr: bets $0.12
ThiagooPaiva: calls $0.12
*** TURN *** [Qs Kc Js] [5s]
ThiagooPaiva: checks 
UltraRunnerr: bets $0.24
ThiagooPaiva: calls $0.24
*** RIVER *** [Qs Kc Js 5s] [6d]
ThiagooPaiva: checks 
UltraRunnerr: bets $0.95
ThiagooPaiva: folds 
Uncalled bet ($0.95) returned to UltraRunnerr
UltraRunnerr collected $0.90 from pot
UltraRunnerr: doesn't show hand 
*** SUMMARY ***
Total pot $0.94 | Rake $0.04 
Board [Qs Kc Js 5s 6d]
Seat 1: Mr. Belvit (button) folded before Flop (didn't bet)
Seat 2: HubertusB (small blind) folded before Flop
Seat 3: ThiagooPaiva (big blind) folded on the River
Seat 4: esquime72 folded before Flop (didn't bet)
Seat 5: barbos2009 folded before Flop (didn't bet)
Seat 6: UltraRunnerr collected ($0.90)



PokerStars Zoom Hand #186643181293:  Hold'em No Limit ($0.02/$0.05) - 2018/05/20 20:09:46 CCT [2018/05/20 8:09:46 ET]
Table 'Donati' 6-max Seat #1 is the button
Seat 1: HubertusB ($4.93 in chips) 
Seat 2: kagurasiori ($6.11 in chips) 
Seat 3: NaomiLou14 ($5.25 in chips) 
Seat 4: kranovoy22 ($6.69 in chips) 
Seat 5: kopilets ($4.82 in chips) 
Seat 6: kukkertje ($12.43 in chips) 
kagurasiori: posts small blind $0.02
NaomiLou14: posts big blind $0.05
*** HOLE CARDS ***
Dealt to HubertusB [2s Kc]
kranovoy22: folds 
kopilets: folds 
kukkertje: folds 
HubertusB: folds 
kagurasiori: raises $0.07 to $0.12
NaomiLou14: folds 
Uncalled bet ($0.07) returned to kagurasiori
kagurasiori collected $0.10 from pot
kagurasiori: doesn't show hand 
*** SUMMARY ***
Total pot $0.10 | Rake $0 
Seat 1: HubertusB (button) folded before Flop (didn't bet)
Seat 2: kagurasiori (small blind) collected ($0.10)
Seat 3: NaomiLou14 (big blind) folded before Flop
Seat 4: kranovoy22 folded before Flop (didn't bet)
Seat 5: kopilets folded before Flop (didn't bet)
Seat 6: kukkertje folded before Flop (didn't bet)



PokerStars Zoom Hand #186643174748:  Hold'em No Limit ($0.02/$0.05) - 2018/05/20 20:09:32 CCT [2018/05/20 8:09:32 ET]
Table 'Donati' 6-max Seat #1 is the button
Seat 1: TymBas ($5.56 in chips) 
Seat 2: djnemesis101 ($5.92 in chips) 
Seat 3: HubertusB ($4.98 in chips) 
Seat 4: ANN11061962 ($4.46 in chips) 
Seat 5: 1258964 ($10.99 in chips) 
Seat 6: mamel7777 ($9.33 in chips) 
djnemesis101: posts small blind $0.02
HubertusB: posts big blind $0.05
*** HOLE CARDS ***
Dealt to HubertusB [2c 5d]
ANN11061962: raises $0.09 to $0.14
1258964: calls $0.14
mamel7777: folds 
TymBas: folds 
djnemesis101: folds 
HubertusB: folds 
*** FLOP *** [Tc 6h Kd]
ANN11061962: checks 
1258964: bets $0.17
ANN11061962: calls $0.17
*** TURN *** [Tc 6h Kd] [8s]
ANN11061962: checks 
1258964: checks 
*** RIVER *** [Tc 6h Kd 8s] [6d]
ANN11061962: bets $0.16
1258964: folds 
Uncalled bet ($0.16) returned to ANN11061962
ANN11061962 collected $0.66 from pot
ANN11061962: doesn't show hand 
*** SUMMARY ***
Total pot $0.69 | Rake $0.03 
Board [Tc 6h Kd 8s 6d]
Seat 1: TymBas (button) folded before Flop (didn't bet)
Seat 2: djnemesis101 (small blind) folded before Flop
Seat 3: HubertusB (big blind) folded before Flop
Seat 4: ANN11061962 collected ($0.66)
Seat 5: 1258964 folded on the River
Seat 6: mamel7777 folded before Flop (didn't bet)



PokerStars Zoom Hand #186643186867:  Hold'em No Limit ($0.02/$0.05) - 2018/05/20 20:09:58 CCT [2018/05/20 8:09:58 ET]
Table 'Donati' 6-max Seat #1 is the button
Seat 1: C-class man ($5 in chips) 
Seat 2: HubertusB ($4.93 in chips) 
Seat 3: barbos2009 ($23.05 in chips) 
Seat 4: DUDUKA81 ($5.16 in chips) 
Seat 5: Clubberer80 ($5.42 in chips) 
Seat 6: Aristovoulos ($9.64 in chips) 
HubertusB: posts small blind $0.02
barbos2009: posts big blind $0.05
*** HOLE CARDS ***
Dealt to HubertusB [8d Td]
DUDUKA81: folds 
Clubberer80: folds 
Aristovoulos: folds 
C-class man: folds 
HubertusB: raises $0.10 to $0.15
barbos2009: folds 
Uncalled bet ($0.10) returned to HubertusB
HubertusB collected $0.10 from pot
HubertusB: doesn't show hand 
*** SUMMARY ***
Total pot $0.10 | Rake $0 
Seat 1: C-class man (button) folded before Flop (didn't bet)
Seat 2: HubertusB (small blind) collected ($0.10)
Seat 3: barbos2009 (big blind) folded before Flop
Seat 4: DUDUKA81 folded before Flop (didn't bet)
Seat 5: Clubberer80 folded before Flop (didn't bet)
Seat 6: Aristovoulos folded before Flop (didn't bet)



PokerStars Zoom Hand #186643183627:  Hold'em No Limit ($0.02/$0.05) - 2018/05/20 20:09:51 CCT [2018/05/20 8:09:51 ET]
Table 'Donati' 6-max Seat #1 is the button
Seat 1: Baysikk1 ($5.37 in chips) 
Seat 2: Krawicz ($5.44 in chips) 
Seat 3: QWER7786 ($12.29 in chips) 
Seat 4: Siorassc ($5 in chips) 
Seat 5: serge87100 ($5 in chips) 
Seat 6: HubertusB ($4.93 in chips) 
Krawicz: posts small blind $0.02
QWER7786: posts big blind $0.05
*** HOLE CARDS ***
Dealt to HubertusB [5c Jc]
Siorassc: folds 
serge87100: folds 
HubertusB: folds 
Baysikk1: calls $0.05
Krawicz: folds 
QWER7786: checks 
*** FLOP *** [6h 4c 5d]
QWER7786: checks 
Baysikk1: checks 
*** TURN *** [6h 4c 5d] [6c]
QWER7786: bets $0.09
Baysikk1: folds 
Uncalled bet ($0.09) returned to QWER7786
QWER7786 collected $0.12 from pot
QWER7786: doesn't show hand 
*** SUMMARY ***
Total pot $0.12 | Rake $0 
Board [6h 4c 5d 6c]
Seat 1: Baysikk1 (button) folded on the Turn
Seat 2: Krawicz (small blind) folded before Flop
Seat 3: QWER7786 (big blind) collected ($0.12)
Seat 4: Siorassc folded before Flop (didn't bet)
Seat 5: serge87100 folded before Flop (didn't bet)
Seat 6: HubertusB folded before Flop (didn't bet)



PokerStars Zoom Hand #186643178983:  Hold'em No Limit ($0.02/$0.05) - 2018/05/20 20:09:41 CCT [2018/05/20 8:09:41 ET]
Table 'Donati' 6-max Seat #1 is the button
Seat 1: Ryduk.A ($5.07 in chips) 
Seat 2: maxgild85 ($5.17 in chips) 
Seat 3: erhan001111 ($6.02 in chips) 
Seat 4: ChubakaIII ($6.37 in chips) 
Seat 5: chep73 ($4.83 in chips) 
Seat 6: HubertusB ($4.93 in chips) 
maxgild85: posts small blind $0.02
erhan001111: posts big blind $0.05
*** HOLE CARDS ***
Dealt to HubertusB [2c 4c]
ChubakaIII: folds 
chep73: raises $0.07 to $0.12
HubertusB: folds 
Ryduk.A: folds 
maxgild85: raises $0.28 to $0.40
erhan001111: calls $0.35
chep73: folds 
*** FLOP *** [9h Ad Qd]
maxgild85: bets $0.55
erhan001111: calls $0.55
*** TURN *** [9h Ad Qd] [Qs]
maxgild85: bets $1.46
erhan001111: calls $1.46
*** RIVER *** [9h Ad Qd Qs] [7h]
maxgild85: checks 
erhan001111: checks 
*** SHOW DOWN ***
maxgild85: shows [Kc Ac] (two pair, Aces and Queens)
erhan001111: mucks hand 
maxgild85 collected $4.74 from pot
*** SUMMARY ***
Total pot $4.94 | Rake $0.20 
Board [9h Ad Qd Qs 7h]
Seat 1: Ryduk.A (button) folded before Flop (didn't bet)
Seat 2: maxgild85 (small blind) showed [Kc Ac] and won ($4.74) with two pair, Aces and Queens
Seat 3: erhan001111 (big blind) mucked [Tc Jh]
Seat 4: ChubakaIII folded before Flop (didn't bet)
Seat 5: chep73 folded before Flop
Seat 6: HubertusB folded before Flop (didn't bet)



PokerStars Zoom Hand #186643194784:  Hold'em No Limit ($0.02/$0.05) - 2018/05/20 20:10:15 CCT [2018/05/20 8:10:15 ET]
Table 'Donati' 6-max Seat #1 is the button
Seat 1: ThomaSs223 ($6.04 in chips) 
Seat 2: tulamag ($5.20 in chips) 
Seat 3: HubertusB ($4.98 in chips) 
Seat 4: gievit ($20.28 in chips) 
Seat 5: key555866 ($16.91 in chips) 
Seat 6: martyfullll ($6.34 in chips) 
tulamag: posts small blind $0.02
HubertusB: posts big blind $0.05
*** HOLE CARDS ***
Dealt to HubertusB [8s 3h]
gievit: folds 
key555866: folds 
martyfullll: folds 
ThomaSs223: folds 
tulamag: folds 
Uncalled bet ($0.03) returned to HubertusB
HubertusB collected $0.04 from pot
HubertusB: doesn't show hand 
*** SUMMARY ***
Total pot $0.04 | Rake $0 
Seat 1: ThomaSs223 (button) folded before Flop (didn't bet)
Seat 2: tulamag (small blind) folded before Flop
Seat 3: HubertusB (big blind) collected ($0.04)
Seat 4: gievit folded before Flop (didn't bet)
Seat 5: key555866 folded before Flop (didn't bet)
Seat 6: martyfullll folded before Flop (didn't bet)



PokerStars Zoom Hand #186643192023:  Hold'em No Limit ($0.02/$0.05) - 2018/05/20 20:10:09 CCT [2018/05/20 8:10:09 ET]
Table 'Donati' 6-max Seat #1 is the button
Seat 1: dinfor ($5.37 in chips) 
Seat 2: orangedeuce ($6.21 in chips) 
Seat 3: sbct10 ($8.48 in chips) 
Seat 4: ThomaSs223 ($6.04 in chips) 
Seat 5: HubertusB ($4.98 in chips) 
Seat 6: Romzes V ($17.56 in chips) 
orangedeuce: posts small blind $0.02
sbct10: posts big blind $0.05
*** HOLE CARDS ***
Dealt to HubertusB [9h 7s]
ThomaSs223: folds 
HubertusB: folds 
Romzes V: raises $0.07 to $0.12
dinfor: folds 
orangedeuce: folds 
sbct10: folds 
Uncalled bet ($0.07) returned to Romzes V
Romzes V collected $0.12 from pot
Romzes V: doesn't show hand 
*** SUMMARY ***
Total pot $0.12 | Rake $0 
Seat 1: dinfor (button) folded before Flop (didn't bet)
Seat 2: orangedeuce (small blind) folded before Flop
Seat 3: sbct10 (big blind) folded before Flop
Seat 4: ThomaSs223 folded before Flop (didn't bet)
Seat 5: HubertusB folded before Flop (didn't bet)
Seat 6: Romzes V collected ($0.12)



PokerStars Zoom Hand #186643201526:  Hold'em No Limit ($0.02/$0.05) - 2018/05/20 20:10:29 CCT [2018/05/20 8:10:29 ET]
Table 'Donati' 6-max Seat #1 is the button
Seat 1: kukkertje ($14.59 in chips) 
Seat 2: Mattiasgirl ($6.82 in chips) 
Seat 3: istvyyd ($5.05 in chips) 
Seat 4: HubertusB ($5 in chips) 
Seat 5: LuckyBBastar ($14.35 in chips) 
Seat 6: 8outsLeft ($4.75 in chips) 
Mattiasgirl: posts small blind $0.02
istvyyd: posts big blind $0.05
*** HOLE CARDS ***
Dealt to HubertusB [Kc 9d]
HubertusB: folds 
LuckyBBastar: folds 
8outsLeft: folds 
kukkertje: folds 
Mattiasgirl: folds 
Uncalled bet ($0.03) returned to istvyyd
istvyyd collected $0.04 from pot
istvyyd: doesn't show hand 
*** SUMMARY ***
Total pot $0.04 | Rake $0 
Seat 1: kukkertje (button) folded before Flop (didn't bet)
Seat 2: Mattiasgirl (small blind) folded before Flop
Seat 3: istvyyd (big blind) collected ($0.04)
Seat 4: HubertusB folded before Flop (didn't bet)
Seat 5: LuckyBBastar folded before Flop (didn't bet)
Seat 6: 8outsLeft folded before Flop (didn't bet)



PokerStars Zoom Hand #186643199025:  Hold'em No Limit ($0.02/$0.05) - 2018/05/20 20:10:24 CCT [2018/05/20 8:10:24 ET]
Table 'Donati' 6-max Seat #1 is the button
Seat 1: HubertusB ($5 in chips) 
Seat 2: MrCunnyFunt7 ($5.86 in chips) 
Seat 3: Leopoldia ($2.57 in chips) 
Seat 4: Chinga4kuk ($5 in chips) 
Seat 5: diesel209950 ($4.14 in chips) 
Seat 6: maxgild85 ($5.25 in chips) 
MrCunnyFunt7: posts small blind $0.02
Leopoldia: posts big blind $0.05
*** HOLE CARDS ***
Dealt to HubertusB [3h Jc]
Chinga4kuk: folds 
diesel209950: folds 
maxgild85: raises $0.07 to $0.12
HubertusB: folds 
MrCunnyFunt7: raises $0.27 to $0.39
Leopoldia: folds 
maxgild85: folds 
Uncalled bet ($0.27) returned to MrCunnyFunt7
MrCunnyFunt7 collected $0.29 from pot
MrCunnyFunt7: doesn't show hand 
*** SUMMARY ***
Total pot $0.29 | Rake $0 
Seat 1: HubertusB (button) folded before Flop (didn't bet)
Seat 2: MrCunnyFunt7 (small blind) collected ($0.29)
Seat 3: Leopoldia (big blind) folded before Flop
Seat 4: Chinga4kuk folded before Flop (didn't bet)
Seat 5: diesel209950 folded before Flop (didn't bet)
Seat 6: maxgild85 folded before Flop



PokerStars Zoom Hand #186643204418:  Hold'em No Limit ($0.02/$0.05) - 2018/05/20 20:10:35 CCT [2018/05/20 8:10:35 ET]
Table 'Donati' 6-max Seat #1 is the button
Seat 1: Oscar__62176 ($8.42 in chips) 
Seat 2: MonsterBitt ($14.22 in chips) 
Seat 3: Spookie_1980 ($11.22 in chips) 
Seat 4: HubertusB ($5 in chips) 
Seat 5: aDYTKINa ($5.13 in chips) 
Seat 6: Cocam6aBcem ($28.72 in chips) 
MonsterBitt: posts small blind $0.02
Spookie_1980: posts big blind $0.05
*** HOLE CARDS ***
Dealt to HubertusB [Ac Kd]
HubertusB: raises $0.10 to $0.15
aDYTKINa: folds 
Cocam6aBcem: calls $0.15
Oscar__62176: folds 
MonsterBitt: folds 
Spookie_1980: folds 
*** FLOP *** [7c Tc Qc]
HubertusB: checks 
Cocam6aBcem: checks 
*** TURN *** [7c Tc Qc] [8d]
HubertusB: checks 
Cocam6aBcem: checks 
*** RIVER *** [7c Tc Qc 8d] [2c]
HubertusB: bets $0.24
Cocam6aBcem: folds 
Uncalled bet ($0.24) returned to HubertusB
HubertusB collected $0.35 from pot
HubertusB: doesn't show hand 
*** SUMMARY ***
Total pot $0.37 | Rake $0.02 
Board [7c Tc Qc 8d 2c]
Seat 1: Oscar__62176 (button) folded before Flop (didn't bet)
Seat 2: MonsterBitt (small blind) folded before Flop
Seat 3: Spookie_1980 (big blind) folded before Flop
Seat 4: HubertusB collected ($0.35)
Seat 5: aDYTKINa folded before Flop (didn't bet)
Seat 6: Cocam6aBcem folded on the River



PokerStars Zoom Hand #186643220340:  Hold'em No Limit ($0.02/$0.05) - 2018/05/20 20:11:09 CCT [2018/05/20 8:11:09 ET]
Table 'Donati' 6-max Seat #1 is the button
Seat 1: selko1 ($7.10 in chips) 
Seat 2: maxgild85 ($5.08 in chips) 
Seat 3: HubertusB ($5.20 in chips) 
Seat 4: Evgeny35724 ($2.12 in chips) 
Seat 5: erhan001111 ($3.09 in chips) 
Seat 6: pauwl12 ($5.02 in chips) 
maxgild85: posts small blind $0.02
HubertusB: posts big blind $0.05
*** HOLE CARDS ***
Dealt to HubertusB [Kd 4h]
Evgeny35724: folds 
erhan001111: folds 
pauwl12: raises $0.10 to $0.15
selko1: folds 
maxgild85: folds 
HubertusB: folds 
Uncalled bet ($0.10) returned to pauwl12
pauwl12 collected $0.12 from pot
pauwl12: doesn't show hand 
*** SUMMARY ***
Total pot $0.12 | Rake $0 
Seat 1: selko1 (button) folded before Flop (didn't bet)
Seat 2: maxgild85 (small blind) folded before Flop
Seat 3: HubertusB (big blind) folded before Flop
Seat 4: Evgeny35724 folded before Flop (didn't bet)
Seat 5: erhan001111 folded before Flop (didn't bet)
Seat 6: pauwl12 collected ($0.12)



PokerStars Zoom Hand #186643230118:  Hold'em No Limit ($0.02/$0.05) - 2018/05/20 20:11:30 CCT [2018/05/20 8:11:30 ET]
Table 'Donati' 6-max Seat #1 is the button
Seat 1: olivier070 ($5 in chips) 
Seat 2: Ryduk.A ($4.50 in chips) 
Seat 3: aDYTKINa ($5.06 in chips) 
Seat 4: UltraRunnerr ($10.42 in chips) 
Seat 5: HubertusB ($5.15 in chips) 
Seat 6: momiasuk ($9.60 in chips) 
Ryduk.A: posts small blind $0.02
aDYTKINa: posts big blind $0.05
*** HOLE CARDS ***
Dealt to HubertusB [3d 9d]
UltraRunnerr: folds 
HubertusB: folds 
momiasuk: raises $0.10 to $0.15
olivier070: calls $0.15
Ryduk.A: folds 
aDYTKINa: folds 
*** FLOP *** [9s Kc 4s]
momiasuk: bets $0.25
olivier070: folds 
Uncalled bet ($0.25) returned to momiasuk
momiasuk collected $0.35 from pot
momiasuk: doesn't show hand 
*** SUMMARY ***
Total pot $0.37 | Rake $0.02 
Board [9s Kc 4s]
Seat 1: olivier070 (button) folded on the Flop
Seat 2: Ryduk.A (small blind) folded before Flop
Seat 3: aDYTKINa (big blind) folded before Flop
Seat 4: UltraRunnerr folded before Flop (didn't bet)
Seat 5: HubertusB folded before Flop (didn't bet)
Seat 6: momiasuk collected ($0.35)



PokerStars Zoom Hand #186643227346:  Hold'em No Limit ($0.02/$0.05) - 2018/05/20 20:11:24 CCT [2018/05/20 8:11:24 ET]
Table 'Donati' 6-max Seat #1 is the button
Seat 1: djnemesis101 ($5.78 in chips) 
Seat 2: kayck07 ($10.33 in chips) 
Seat 3: nishiyann ($6.23 in chips) 
Seat 4: trol_panda ($5.52 in chips) 
Seat 5: hopsom ($7.15 in chips) 
Seat 6: HubertusB ($5.15 in chips) 
kayck07: posts small blind $0.02
nishiyann: posts big blind $0.05
*** HOLE CARDS ***
Dealt to HubertusB [Ts 5s]
trol_panda: folds 
hopsom: folds 
HubertusB: folds 
djnemesis101: raises $0.10 to $0.15
kayck07: folds 
nishiyann: folds 
Uncalled bet ($0.10) returned to djnemesis101
djnemesis101 collected $0.12 from pot
djnemesis101: doesn't show hand 
*** SUMMARY ***
Total pot $0.12 | Rake $0 
Seat 1: djnemesis101 (button) collected ($0.12)
Seat 2: kayck07 (small blind) folded before Flop
Seat 3: nishiyann (big blind) folded before Flop
Seat 4: trol_panda folded before Flop (didn't bet)
Seat 5: hopsom folded before Flop (didn't bet)
Seat 6: HubertusB folded before Flop (didn't bet)



PokerStars Zoom Hand #186643232434:  Hold'em No Limit ($0.02/$0.05) - 2018/05/20 20:11:35 CCT [2018/05/20 8:11:35 ET]
Table 'Donati' 6-max Seat #1 is the button
Seat 1: Krawicz ($5.42 in chips) 
Seat 2: HubertusB ($5.15 in chips) 
Seat 3: msskmss ($5 in chips) 
Seat 4: barbos2009 ($11.18 in chips) 
Seat 5: bamboocha88 ($5 in chips) 
Seat 6: AKKbank ($6.14 in chips) 
HubertusB: posts small blind $0.02
msskmss: posts big blind $0.05
*** HOLE CARDS ***
Dealt to HubertusB [3h 2d]
barbos2009: folds 
bamboocha88: folds 
AKKbank: raises $0.07 to $0.12
Krawicz: folds 
HubertusB: folds 
msskmss: folds 
Uncalled bet ($0.07) returned to AKKbank
AKKbank collected $0.12 from pot
AKKbank: doesn't show hand 
*** SUMMARY ***
Total pot $0.12 | Rake $0 
Seat 1: Krawicz (button) folded before Flop (didn't bet)
Seat 2: HubertusB (small blind) folded before Flop
Seat 3: msskmss (big blind) folded before Flop
Seat 4: barbos2009 folded before Flop (didn't bet)
Seat 5: bamboocha88 folded before Flop (didn't bet)
Seat 6: AKKbank collected ($0.12)



PokerStars Zoom Hand #186643234841:  Hold'em No Limit ($0.02/$0.05) - 2018/05/20 20:11:40 CCT [2018/05/20 8:11:40 ET]
Table 'Donati' 6-max Seat #1 is the button
Seat 1: Ryduk.A ($4.48 in chips) 
Seat 2: chep73 ($14.49 in chips) 
Seat 3: Boba1888 ($4.98 in chips) 
Seat 4: HubertusB ($5.13 in chips) 
Seat 5: rogepotch ($5.09 in chips) 
Seat 6: DavorDG5 ($1.90 in chips) 
chep73: posts small blind $0.02
Boba1888: posts big blind $0.05
*** HOLE CARDS ***
Dealt to HubertusB [Ac Jd]
HubertusB: raises $0.10 to $0.15
rogepotch: folds 
DavorDG5: folds 
Ryduk.A: folds 
chep73: folds 
Boba1888: folds 
Uncalled bet ($0.10) returned to HubertusB
HubertusB collected $0.12 from pot
HubertusB: doesn't show hand 
*** SUMMARY ***
Total pot $0.12 | Rake $0 
Seat 1: Ryduk.A (button) folded before Flop (didn't bet)
Seat 2: chep73 (small blind) folded before Flop
Seat 3: Boba1888 (big blind) folded before Flop
Seat 4: HubertusB collected ($0.12)
Seat 5: rogepotch folded before Flop (didn't bet)
Seat 6: DavorDG5 folded before Flop (didn't bet)



PokerStars Zoom Hand #186643245738:  Hold'em No Limit ($0.02/$0.05) - 2018/05/20 20:12:03 CCT [2018/05/20 8:12:03 ET]
Table 'Donati' 6-max Seat #1 is the button
Seat 1: HubertusB ($5.20 in chips) 
Seat 2: wandy72 ($2.30 in chips) 
Seat 3: chesm ($5.14 in chips) 
Seat 4: DonkKing433 ($5.35 in chips) 
Seat 5: Atomic3332 ($5.31 in chips) 
Seat 6: TehPokeHerer ($10.32 in chips) 
wandy72: posts small blind $0.02
chesm: posts big blind $0.05
*** HOLE CARDS ***
Dealt to HubertusB [Ks 3c]
DonkKing433: raises $0.10 to $0.15
Atomic3332: folds 
TehPokeHerer: folds 
HubertusB: folds 
wandy72: folds 
chesm: folds 
Uncalled bet ($0.10) returned to DonkKing433
DonkKing433 collected $0.12 from pot
DonkKing433: doesn't show hand 
*** SUMMARY ***
Total pot $0.12 | Rake $0 
Seat 1: HubertusB (button) folded before Flop (didn't bet)
Seat 2: wandy72 (small blind) folded before Flop
Seat 3: chesm (big blind) folded before Flop
Seat 4: DonkKing433 collected ($0.12)
Seat 5: Atomic3332 folded before Flop (didn't bet)
Seat 6: TehPokeHerer folded before Flop (didn't bet)



PokerStars Zoom Hand #186643248076:  Hold'em No Limit ($0.02/$0.05) - 2018/05/20 20:12:08 CCT [2018/05/20 8:12:08 ET]
Table 'Donati' 6-max Seat #1 is the button
Seat 1: istvyyd ($4.73 in chips) 
Seat 2: HubertusB ($5.20 in chips) 
Seat 3: orangedeuce ($6.13 in chips) 
Seat 4: Ezhewika ($1.93 in chips) 
Seat 5: Ryduk.A ($4.48 in chips) 
Seat 6: bigazzz67 ($5.63 in chips) 
HubertusB: posts small blind $0.02
orangedeuce: posts big blind $0.05
*** HOLE CARDS ***
Dealt to HubertusB [4d Qc]
Ezhewika: folds 
Ryduk.A: folds 
bigazzz67: raises $0.07 to $0.12
istvyyd: folds 
HubertusB: folds 
orangedeuce: folds 
Uncalled bet ($0.07) returned to bigazzz67
bigazzz67 collected $0.12 from pot
bigazzz67: doesn't show hand 
*** SUMMARY ***
Total pot $0.12 | Rake $0 
Seat 1: istvyyd (button) folded before Flop (didn't bet)
Seat 2: HubertusB (small blind) folded before Flop
Seat 3: orangedeuce (big blind) folded before Flop
Seat 4: Ezhewika folded before Flop (didn't bet)
Seat 5: Ryduk.A folded before Flop (didn't bet)
Seat 6: bigazzz67 collected ($0.12)



PokerStars Zoom Hand #186643252765:  Hold'em No Limit ($0.02/$0.05) - 2018/05/20 20:12:18 CCT [2018/05/20 8:12:18 ET]
Table 'Donati' 6-max Seat #1 is the button
Seat 1: orangedeuce ($6.08 in chips) 
Seat 2: sbct10 ($9.47 in chips) 
Seat 3: HubertusB ($5.18 in chips) 
Seat 4: Kirikulu ($5.29 in chips) 
Seat 5: 2 SHOGUN 2 ($6.56 in chips) 
Seat 6: Tutunn ($8.87 in chips) 
sbct10: posts small blind $0.02
HubertusB: posts big blind $0.05
*** HOLE CARDS ***
Dealt to HubertusB [7d Qc]
Kirikulu: folds 
2 SHOGUN 2: folds 
Tutunn: folds 
orangedeuce is disconnected 
orangedeuce has timed out while disconnected
orangedeuce: folds 
sbct10: folds 
Uncalled bet ($0.03) returned to HubertusB
HubertusB collected $0.04 from pot
HubertusB: doesn't show hand 
*** SUMMARY ***
Total pot $0.04 | Rake $0 
Seat 1: orangedeuce (button) folded before Flop (didn't bet)
Seat 2: sbct10 (small blind) folded before Flop
Seat 3: HubertusB (big blind) collected ($0.04)
Seat 4: Kirikulu folded before Flop (didn't bet)
Seat 5: 2 SHOGUN 2 folded before Flop (didn't bet)
Seat 6: Tutunn folded before Flop (didn't bet)



PokerStars Zoom Hand #186643267776:  Hold'em No Limit ($0.02/$0.05) - 2018/05/20 20:12:50 CCT [2018/05/20 8:12:50 ET]
Table 'Donati' 6-max Seat #1 is the button
Seat 1: FelixZyl ($13.32 in chips) 
Seat 2: silver78888 ($4.95 in chips) 
Seat 3: Hilario1983 ($7.36 in chips) 
Seat 4: LingPro ($4.80 in chips) 
Seat 5: HubertusB ($5.20 in chips) 
Seat 6: dikiydemon ($5.78 in chips) 
silver78888: posts small blind $0.02
Hilario1983: posts big blind $0.05
*** HOLE CARDS ***
Dealt to HubertusB [5h 5d]
LingPro: raises $0.07 to $0.12
HubertusB: calls $0.12
dikiydemon: folds 
FelixZyl: folds 
silver78888: folds 
Hilario1983: folds 
*** FLOP *** [Jh 6h 6d]
LingPro: bets $0.15
HubertusB: calls $0.15
*** TURN *** [Jh 6h 6d] [Ks]
LingPro: bets $0.44
HubertusB: folds 
Uncalled bet ($0.44) returned to LingPro
LingPro collected $0.58 from pot
LingPro: doesn't show hand 
*** SUMMARY ***
Total pot $0.61 | Rake $0.03 
Board [Jh 6h 6d Ks]
Seat 1: FelixZyl (button) folded before Flop (didn't bet)
Seat 2: silver78888 (small blind) folded before Flop
Seat 3: Hilario1983 (big blind) folded before Flop
Seat 4: LingPro collected ($0.58)
Seat 5: HubertusB folded on the Turn
Seat 6: dikiydemon folded before Flop (didn't bet)



PokerStars Zoom Hand #186643250413:  Hold'em No Limit ($0.02/$0.05) - 2018/05/20 20:12:13 CCT [2018/05/20 8:12:13 ET]
Table 'Donati' 6-max Seat #1 is the button
Seat 1: Ryduk.A ($4.48 in chips) 
Seat 2: Faku710 ($5 in chips) 
Seat 3: marsello77 ($3.54 in chips) 
Seat 4: gievit ($21.16 in chips) 
Seat 5: TheWild1ne ($5 in chips) 
Seat 6: HubertusB ($5.18 in chips) 
Faku710: posts small blind $0.02
marsello77: posts big blind $0.05
*** HOLE CARDS ***
Dealt to HubertusB [Th 3h]
gievit: folds 
TheWild1ne: folds 
HubertusB: folds 
Ryduk.A: folds 
Faku710: raises $0.10 to $0.15
marsello77: calls $0.10
*** FLOP *** [Ah Qd 4c]
Faku710: bets $0.07
marsello77: raises $0.07 to $0.14
Faku710: raises $0.34 to $0.48
marsello77: calls $0.34
*** TURN *** [Ah Qd 4c] [2d]
Faku710: bets $2
marsello77: folds 
Uncalled bet ($2) returned to Faku710
Faku710 collected $1.21 from pot
Faku710: doesn't show hand 
*** SUMMARY ***
Total pot $1.26 | Rake $0.05 
Board [Ah Qd 4c 2d]
Seat 1: Ryduk.A (button) folded before Flop (didn't bet)
Seat 2: Faku710 (small blind) collected ($1.21)
Seat 3: marsello77 (big blind) folded on the Turn
Seat 4: gievit folded before Flop (didn't bet)
Seat 5: TheWild1ne folded before Flop (didn't bet)
Seat 6: HubertusB folded before Flop (didn't bet)



PokerStars Zoom Hand #186643283525:  Hold'em No Limit ($0.02/$0.05) - 2018/05/20 20:13:23 CCT [2018/05/20 8:13:23 ET]
Table 'Donati' 6-max Seat #1 is the button
Seat 1: Julietta1997 ($4.37 in chips) 
Seat 2: DaviDFoX75 ($14.35 in chips) 
Seat 3: chep73 ($14.28 in chips) 
Seat 4: Siorassc ($10.38 in chips) 
Seat 5: HubertusB ($4.93 in chips) 
Seat 6: thiusk ($5 in chips) 
DaviDFoX75: posts small blind $0.02
chep73: posts big blind $0.05
*** HOLE CARDS ***
Dealt to HubertusB [9c 3d]
Siorassc: folds 
HubertusB: folds 
thiusk: folds 
Julietta1997: folds 
DaviDFoX75: raises $0.05 to $0.10
chep73: folds 
Uncalled bet ($0.05) returned to DaviDFoX75
DaviDFoX75 collected $0.10 from pot
DaviDFoX75: doesn't show hand 
*** SUMMARY ***
Total pot $0.10 | Rake $0 
Seat 1: Julietta1997 (button) folded before Flop (didn't bet)
Seat 2: DaviDFoX75 (small blind) collected ($0.10)
Seat 3: chep73 (big blind) folded before Flop
Seat 4: Siorassc folded before Flop (didn't bet)
Seat 5: HubertusB folded before Flop (didn't bet)
Seat 6: thiusk folded before Flop (didn't bet)



PokerStars Zoom Hand #186643285909:  Hold'em No Limit ($0.02/$0.05) - 2018/05/20 20:13:28 CCT [2018/05/20 8:13:28 ET]
Table 'Donati' 6-max Seat #1 is the button
Seat 1: saboteur_18 ($4.39 in chips) 
Seat 2: HubertusB ($4.93 in chips) 
Seat 3: 8outsLeft ($5.19 in chips) 
Seat 4: thekvlt ($21.46 in chips) 
Seat 5: 1Sania1 ($5.15 in chips) 
Seat 6: Zheka-Alaei ($7.91 in chips) 
HubertusB: posts small blind $0.02
8outsLeft: posts big blind $0.05
*** HOLE CARDS ***
Dealt to HubertusB [3c Kh]
thekvlt: folds 
1Sania1: folds 
Zheka-Alaei: folds 
saboteur_18: folds 
HubertusB: folds 
Uncalled bet ($0.03) returned to 8outsLeft
8outsLeft collected $0.04 from pot
8outsLeft: doesn't show hand 
*** SUMMARY ***
Total pot $0.04 | Rake $0 
Seat 1: saboteur_18 (button) folded before Flop (didn't bet)
Seat 2: HubertusB (small blind) folded before Flop
Seat 3: 8outsLeft (big blind) collected ($0.04)
Seat 4: thekvlt folded before Flop (didn't bet)
Seat 5: 1Sania1 folded before Flop (didn't bet)
Seat 6: Zheka-Alaei folded before Flop (didn't bet)



PokerStars Zoom Hand #186643288255:  Hold'em No Limit ($0.02/$0.05) - 2018/05/20 20:13:33 CCT [2018/05/20 8:13:33 ET]
Table 'Donati' 6-max Seat #1 is the button
Seat 1: PM17Lev ($5.10 in chips) 
Seat 2: WeakmindedV1 ($13.35 in chips) 
Seat 3: Zheka-Alaei ($7.91 in chips) 
Seat 4: HubertusB ($4.91 in chips) 
Seat 5: chep73 ($14.23 in chips) 
Seat 6: barbos2009 ($22.71 in chips) 
WeakmindedV1: posts small blind $0.02
Zheka-Alaei: posts big blind $0.05
*** HOLE CARDS ***
Dealt to HubertusB [3c 9h]
HubertusB: folds 
chep73: folds 
barbos2009: folds 
PM17Lev: folds 
WeakmindedV1: folds 
Uncalled bet ($0.03) returned to Zheka-Alaei
Zheka-Alaei collected $0.04 from pot
Zheka-Alaei: doesn't show hand 
*** SUMMARY ***
Total pot $0.04 | Rake $0 
Seat 1: PM17Lev (button) folded before Flop (didn't bet)
Seat 2: WeakmindedV1 (small blind) folded before Flop
Seat 3: Zheka-Alaei (big blind) collected ($0.04)
Seat 4: HubertusB folded before Flop (didn't bet)
Seat 5: chep73 folded before Flop (didn't bet)
Seat 6: barbos2009 folded before Flop (didn't bet)



PokerStars Zoom Hand #186643279229:  Hold'em No Limit ($0.02/$0.05) - 2018/05/20 20:13:14 CCT [2018/05/20 8:13:14 ET]
Table 'Donati' 6-max Seat #1 is the button
Seat 1: HubertusB ($4.93 in chips) 
Seat 2: TripWassa ($4.95 in chips) 
Seat 3: sorokin21 ($3.93 in chips) 
Seat 4: MerseysideG ($4.53 in chips) 
Seat 5: martyfullll ($6.53 in chips) 
Seat 6: maxgild85 ($9.65 in chips) 
TripWassa: posts small blind $0.02
sorokin21: posts big blind $0.05
*** HOLE CARDS ***
Dealt to HubertusB [7h 3s]
MerseysideG: folds 
martyfullll: folds 
maxgild85: folds 
HubertusB: folds 
TripWassa: calls $0.03
sorokin21: raises $0.05 to $0.10
TripWassa: calls $0.05
*** FLOP *** [Qd Jd 6c]
TripWassa: checks 
sorokin21: bets $0.15
TripWassa: calls $0.15
*** TURN *** [Qd Jd 6c] [8h]
TripWassa: checks 
sorokin21: checks 
*** RIVER *** [Qd Jd 6c 8h] [6s]
TripWassa: checks 
sorokin21: checks 
*** SHOW DOWN ***
TripWassa: shows [7c 4c] (a pair of Sixes)
sorokin21: shows [9h 8s] (two pair, Eights and Sixes)
sorokin21 collected $0.48 from pot
*** SUMMARY ***
Total pot $0.50 | Rake $0.02 
Board [Qd Jd 6c 8h 6s]
Seat 1: HubertusB (button) folded before Flop (didn't bet)
Seat 2: TripWassa (small blind) showed [7c 4c] and lost with a pair of Sixes
Seat 3: sorokin21 (big blind) showed [9h 8s] and won ($0.48) with two pair, Eights and Sixes
Seat 4: MerseysideG folded before Flop (didn't bet)
Seat 5: martyfullll folded before Flop (didn't bet)
Seat 6: maxgild85 folded before Flop (didn't bet)



PokerStars Zoom Hand #186643281601:  Hold'em No Limit ($0.02/$0.05) - 2018/05/20 20:13:19 CCT [2018/05/20 8:13:19 ET]
Table 'Donati' 6-max Seat #1 is the button
Seat 1: Gigike2222 ($5.21 in chips) 
Seat 2: djnemesis101 ($11.21 in chips) 
Seat 3: Yeatscounty ($10.13 in chips) 
Seat 4: meibutsu ($5 in chips) 
Seat 5: DJ Chaki ($6.51 in chips) 
Seat 6: HubertusB ($4.93 in chips) 
djnemesis101: posts small blind $0.02
Yeatscounty: posts big blind $0.05
*** HOLE CARDS ***
Dealt to HubertusB [4c 8h]
meibutsu: folds 
DJ Chaki: raises $0.15 to $0.20
HubertusB: folds 
Gigike2222: folds 
djnemesis101: calls $0.18
Yeatscounty: calls $0.15
*** FLOP *** [Jc Jd 6s]
djnemesis101: checks 
Yeatscounty: checks 
DJ Chaki: bets $0.20
djnemesis101: folds 
Yeatscounty: folds 
Uncalled bet ($0.20) returned to DJ Chaki
DJ Chaki collected $0.58 from pot
DJ Chaki: doesn't show hand 
*** SUMMARY ***
Total pot $0.60 | Rake $0.02 
Board [Jc Jd 6s]
Seat 1: Gigike2222 (button) folded before Flop (didn't bet)
Seat 2: djnemesis101 (small blind) folded on the Flop
Seat 3: Yeatscounty (big blind) folded on the Flop
Seat 4: meibutsu folded before Flop (didn't bet)
Seat 5: DJ Chaki collected ($0.58)
Seat 6: HubertusB folded before Flop (didn't bet)



PokerStars Zoom Hand #186643290710:  Hold'em No Limit ($0.02/$0.05) - 2018/05/20 20:13:38 CCT [2018/05/20 8:13:38 ET]
Table 'Donati' 6-max Seat #1 is the button
Seat 1: Savavlad97 ($6.35 in chips) 
Seat 2: ANANATOR ($5.07 in chips) 
Seat 3: HubertusB ($4.91 in chips) 
Seat 4: BIBIGON123 ($5.25 in chips) 
Seat 5: andrzej4fun ($5 in chips) 
Seat 6: nishiyann ($5.79 in chips) 
ANANATOR: posts small blind $0.02
HubertusB: posts big blind $0.05
*** HOLE CARDS ***
Dealt to HubertusB [Jd 3h]
BIBIGON123: folds 
andrzej4fun: folds 
nishiyann: raises $0.07 to $0.12
Savavlad97: calls $0.12
ANANATOR: folds 
HubertusB: folds 
*** FLOP *** [3c 2s 5s]
nishiyann: bets $0.13
Savavlad97: calls $0.13
*** TURN *** [3c 2s 5s] [6c]
nishiyann: bets $0.36
Savavlad97: folds 
Uncalled bet ($0.36) returned to nishiyann
nishiyann collected $0.55 from pot
nishiyann: doesn't show hand 
*** SUMMARY ***
Total pot $0.57 | Rake $0.02 
Board [3c 2s 5s 6c]
Seat 1: Savavlad97 (button) folded on the Turn
Seat 2: ANANATOR (small blind) folded before Flop
Seat 3: HubertusB (big blind) folded before Flop
Seat 4: BIBIGON123 folded before Flop (didn't bet)
Seat 5: andrzej4fun folded before Flop (didn't bet)
Seat 6: nishiyann collected ($0.55)



PokerStars Zoom Hand #186643295860:  Hold'em No Limit ($0.02/$0.05) - 2018/05/20 20:13:49 CCT [2018/05/20 8:13:49 ET]
Table 'Donati' 6-max Seat #1 is the button
Seat 1: HubertusB ($4.86 in chips) 
Seat 2: Mr. Belvit ($5.02 in chips) 
Seat 3: Unclesmoll ($4.33 in chips) 
Seat 4: zapzarap@patent ($5 in chips) 
Seat 5: slob43.ru ($5.44 in chips) 
Seat 6: Gissbon ($6.43 in chips) 
Mr. Belvit: posts small blind $0.02
Unclesmoll: posts big blind $0.05
*** HOLE CARDS ***
Dealt to HubertusB [8s 9s]
zapzarap@patent: folds 
slob43.ru: folds 
Gissbon: folds 
HubertusB: raises $0.10 to $0.15
Mr. Belvit: folds 
Unclesmoll: calls $0.10
*** FLOP *** [2h Ad 4s]
Unclesmoll: checks 
HubertusB: checks 
*** TURN *** [2h Ad 4s] [6c]
Unclesmoll: checks 
HubertusB: checks 
*** RIVER *** [2h Ad 4s 6c] [Ah]
Unclesmoll: checks 
HubertusB: checks 
*** SHOW DOWN ***
Unclesmoll: shows [Jd Qc] (a pair of Aces)
HubertusB: mucks hand 
Unclesmoll collected $0.31 from pot
*** SUMMARY ***
Total pot $0.32 | Rake $0.01 
Board [2h Ad 4s 6c Ah]
Seat 1: HubertusB (button) mucked [8s 9s]
Seat 2: Mr. Belvit (small blind) folded before Flop
Seat 3: Unclesmoll (big blind) showed [Jd Qc] and won ($0.31) with a pair of Aces
Seat 4: zapzarap@patent folded before Flop (didn't bet)
Seat 5: slob43.ru folded before Flop (didn't bet)
Seat 6: Gissbon folded before Flop (didn't bet)



PokerStars Zoom Hand #186643318676:  Hold'em No Limit ($0.02/$0.05) - 2018/05/20 20:14:37 CCT [2018/05/20 8:14:37 ET]
Table 'Donati' 6-max Seat #1 is the button
Seat 1: ThiagooPaiva ($5.08 in chips) 
Seat 2: Oscar__62176 ($6.03 in chips) 
Seat 3: Janski90 ($8.79 in chips) 
Seat 4: FelixZyl ($13.64 in chips) 
Seat 5: HubertusB ($4.71 in chips) 
Seat 6: aDYTKINa ($5 in chips) 
Oscar__62176: posts small blind $0.02
Janski90: posts big blind $0.05
*** HOLE CARDS ***
Dealt to HubertusB [2s 2c]
FelixZyl: raises $0.08 to $0.13
HubertusB: folds 
aDYTKINa: folds 
ThiagooPaiva: folds 
Oscar__62176: folds 
Janski90: folds 
Uncalled bet ($0.08) returned to FelixZyl
FelixZyl collected $0.12 from pot
FelixZyl: doesn't show hand 
*** SUMMARY ***
Total pot $0.12 | Rake $0 
Seat 1: ThiagooPaiva (button) folded before Flop (didn't bet)
Seat 2: Oscar__62176 (small blind) folded before Flop
Seat 3: Janski90 (big blind) folded before Flop
Seat 4: FelixZyl collected ($0.12)
Seat 5: HubertusB folded before Flop (didn't bet)
Seat 6: aDYTKINa folded before Flop (didn't bet)



PokerStars Zoom Hand #186643315857:  Hold'em No Limit ($0.02/$0.05) - 2018/05/20 20:14:31 CCT [2018/05/20 8:14:31 ET]
Table 'Donati' 6-max Seat #1 is the button
Seat 1: aleksx673 ($2.54 in chips) 
Seat 2: Yeatscounty ($9.53 in chips) 
Seat 3: iKiiiLL4fun ($6.16 in chips) 
Seat 4: HubertusB ($4.71 in chips) 
Seat 5: Original Flo ($2.08 in chips) 
Seat 6: 8outsLeft ($4.98 in chips) 
Yeatscounty: posts small blind $0.02
iKiiiLL4fun: posts big blind $0.05
*** HOLE CARDS ***
Dealt to HubertusB [Th Jc]
HubertusB: folds 
Original Flo: folds 
8outsLeft: folds 
aleksx673: raises $0.05 to $0.10
Yeatscounty: folds 
iKiiiLL4fun: calls $0.05
*** FLOP *** [6c 3h 9c]
iKiiiLL4fun: checks 
aleksx673: bets $0.05
iKiiiLL4fun: raises $0.15 to $0.20
aleksx673: folds 
Uncalled bet ($0.15) returned to iKiiiLL4fun
iKiiiLL4fun collected $0.31 from pot
iKiiiLL4fun: doesn't show hand 
*** SUMMARY ***
Total pot $0.32 | Rake $0.01 
Board [6c 3h 9c]
Seat 1: aleksx673 (button) folded on the Flop
Seat 2: Yeatscounty (small blind) folded before Flop
Seat 3: iKiiiLL4fun (big blind) collected ($0.31)
Seat 4: HubertusB folded before Flop (didn't bet)
Seat 5: Original Flo folded before Flop (didn't bet)
Seat 6: 8outsLeft folded before Flop (didn't bet)



PokerStars Zoom Hand #186643313011:  Hold'em No Limit ($0.02/$0.05) - 2018/05/20 20:14:25 CCT [2018/05/20 8:14:25 ET]
Table 'Donati' 6-max Seat #1 is the button
Seat 1: Zheka-Alaei ($6.20 in chips) 
Seat 2: mamel7777 ($11.14 in chips) 
Seat 3: sport300184 ($5.35 in chips) 
Seat 4: HubertusB ($4.71 in chips) 
Seat 5: Ka4ibuk@ ($5.55 in chips) 
Seat 6: FelixZyl ($13.64 in chips) 
mamel7777: posts small blind $0.02
sport300184: posts big blind $0.05
*** HOLE CARDS ***
Dealt to HubertusB [Jh 7s]
HubertusB: folds 
Ka4ibuk@: folds 
FelixZyl: folds 
Zheka-Alaei: folds 
mamel7777: raises $0.10 to $0.15
sport300184: calls $0.10
*** FLOP *** [Js Ad Qd]
mamel7777: checks 
sport300184: bets $0.15
mamel7777: calls $0.15
*** TURN *** [Js Ad Qd] [9s]
mamel7777: checks 
sport300184: checks 
*** RIVER *** [Js Ad Qd 9s] [6d]
mamel7777: checks 
sport300184: bets $0.29
mamel7777: calls $0.29
*** SHOW DOWN ***
sport300184: shows [8c 7c] (high card Ace)
mamel7777: shows [7h Ah] (a pair of Aces)
mamel7777 collected $1.13 from pot
*** SUMMARY ***
Total pot $1.18 | Rake $0.05 
Board [Js Ad Qd 9s 6d]
Seat 1: Zheka-Alaei (button) folded before Flop (didn't bet)
Seat 2: mamel7777 (small blind) showed [7h Ah] and won ($1.13) with a pair of Aces
Seat 3: sport300184 (big blind) showed [8c 7c] and lost with high card Ace
Seat 4: HubertusB folded before Flop (didn't bet)
Seat 5: Ka4ibuk@ folded before Flop (didn't bet)
Seat 6: FelixZyl folded before Flop (didn't bet)



PokerStars Zoom Hand #186643325718:  Hold'em No Limit ($0.02/$0.05) - 2018/05/20 20:14:52 CCT [2018/05/20 8:14:52 ET]
Table 'Donati' 6-max Seat #1 is the button
Seat 1: 1Sania1 ($5.07 in chips) 
Seat 2: tpl_lht ($5.24 in chips) 
Seat 3: HubertusB ($4.71 in chips) 
Seat 4: RasNestah ($5.07 in chips) 
Seat 5: Ezhewika ($2.79 in chips) 
Seat 6: QWER7786 ($7.16 in chips) 
tpl_lht: posts small blind $0.02
HubertusB: posts big blind $0.05
*** HOLE CARDS ***
Dealt to HubertusB [6s 2s]
RasNestah: folds 
Ezhewika: raises $0.10 to $0.15
QWER7786: folds 
1Sania1: folds 
tpl_lht: folds 
HubertusB: folds 
Uncalled bet ($0.10) returned to Ezhewika
Ezhewika collected $0.12 from pot
Ezhewika: doesn't show hand 
*** SUMMARY ***
Total pot $0.12 | Rake $0 
Seat 1: 1Sania1 (button) folded before Flop (didn't bet)
Seat 2: tpl_lht (small blind) folded before Flop
Seat 3: HubertusB (big blind) folded before Flop
Seat 4: RasNestah folded before Flop (didn't bet)
Seat 5: Ezhewika collected ($0.12)
Seat 6: QWER7786 folded before Flop (didn't bet)



PokerStars Zoom Hand #186643322922:  Hold'em No Limit ($0.02/$0.05) - 2018/05/20 20:14:46 CCT [2018/05/20 8:14:46 ET]
Table 'Donati' 6-max Seat #1 is the button
Seat 1: Leopoldia ($3.22 in chips) 
Seat 2: VLSALT ($5.34 in chips) 
Seat 3: chep73 ($14.28 in chips) 
Seat 4: Chinga4kuk ($5 in chips) 
Seat 5: Gissbon ($5.17 in chips) 
Seat 6: HubertusB ($4.71 in chips) 
VLSALT: posts small blind $0.02
chep73: posts big blind $0.05
*** HOLE CARDS ***
Dealt to HubertusB [Jh 7d]
Chinga4kuk: folds 
Gissbon: folds 
HubertusB: folds 
Leopoldia: raises $0.10 to $0.15
VLSALT: folds 
chep73: folds 
Uncalled bet ($0.10) returned to Leopoldia
Leopoldia collected $0.12 from pot
Leopoldia: doesn't show hand 
*** SUMMARY ***
Total pot $0.12 | Rake $0 
Seat 1: Leopoldia (button) collected ($0.12)
Seat 2: VLSALT (small blind) folded before Flop
Seat 3: chep73 (big blind) folded before Flop
Seat 4: Chinga4kuk folded before Flop (didn't bet)
Seat 5: Gissbon folded before Flop (didn't bet)
Seat 6: HubertusB folded before Flop (didn't bet)



PokerStars Zoom Hand #186643334259:  Hold'em No Limit ($0.02/$0.05) - 2018/05/20 20:15:10 CCT [2018/05/20 8:15:10 ET]
Table 'Donati' 6-max Seat #1 is the button
Seat 1: HubertusB ($4.64 in chips) 
Seat 2: barbos2009 ($20.64 in chips) 
Seat 3: Arrenea ($14.10 in chips) 
Seat 4: DG_Bilo ($7.37 in chips) 
Seat 5: squ33z3r ($5 in chips) 
Seat 6: kukkertje ($10.01 in chips) 
barbos2009: posts small blind $0.02
Arrenea: posts big blind $0.05
*** HOLE CARDS ***
Dealt to HubertusB [2h Ad]
DG_Bilo: folds 
squ33z3r: folds 
kukkertje: folds 
HubertusB: folds 
barbos2009: folds 
Uncalled bet ($0.03) returned to Arrenea
Arrenea collected $0.04 from pot
Arrenea: doesn't show hand 
*** SUMMARY ***
Total pot $0.04 | Rake $0 
Seat 1: HubertusB (button) folded before Flop (didn't bet)
Seat 2: barbos2009 (small blind) folded before Flop
Seat 3: Arrenea (big blind) collected ($0.04)
Seat 4: DG_Bilo folded before Flop (didn't bet)
Seat 5: squ33z3r folded before Flop (didn't bet)
Seat 6: kukkertje folded before Flop (didn't bet)



PokerStars Zoom Hand #186643330961:  Hold'em No Limit ($0.02/$0.05) - 2018/05/20 20:15:03 CCT [2018/05/20 8:15:03 ET]
Table 'Donati' 6-max Seat #1 is the button
Seat 1: etrofonaip ($3.40 in chips) 
Seat 2: HubertusB ($4.66 in chips) 
Seat 3: chips010 ($2.85 in chips) 
Seat 4: Daemon'sKiss ($5.18 in chips) 
Seat 5: SereGka228 ($5.33 in chips) 
Seat 6: geass0621 ($13.43 in chips) 
HubertusB: posts small blind $0.02
chips010: posts big blind $0.05
*** HOLE CARDS ***
Dealt to HubertusB [6s 4c]
Daemon'sKiss: folds 
SereGka228: raises $0.07 to $0.12
geass0621: raises $0.33 to $0.45
etrofonaip: folds 
HubertusB: folds 
chips010: folds 
SereGka228: folds 
Uncalled bet ($0.33) returned to geass0621
geass0621 collected $0.31 from pot
geass0621: doesn't show hand 
*** SUMMARY ***
Total pot $0.31 | Rake $0 
Seat 1: etrofonaip (button) folded before Flop (didn't bet)
Seat 2: HubertusB (small blind) folded before Flop
Seat 3: chips010 (big blind) folded before Flop
Seat 4: Daemon'sKiss folded before Flop (didn't bet)
Seat 5: SereGka228 folded before Flop
Seat 6: geass0621 collected ($0.31)



PokerStars Zoom Hand #186643337126:  Hold'em No Limit ($0.02/$0.05) - 2018/05/20 20:15:16 CCT [2018/05/20 8:15:16 ET]
Table 'Donati' 6-max Seat #1 is the button
Seat 1: Siorassc ($5.02 in chips) 
Seat 2: Roryy3 ($5.41 in chips) 
Seat 3: saha555 ($8.16 in chips) 
Seat 4: shevv1727 ($4.63 in chips) 
Seat 5: Adventuros ($5.25 in chips) 
Seat 6: HubertusB ($4.64 in chips) 
Roryy3: posts small blind $0.02
saha555: posts big blind $0.05
*** HOLE CARDS ***
Dealt to HubertusB [5c Qh]
shevv1727: raises $0.10 to $0.15
Adventuros: folds 
HubertusB: folds 
Siorassc: folds 
Roryy3: folds 
saha555: folds 
Uncalled bet ($0.10) returned to shevv1727
shevv1727 collected $0.12 from pot
shevv1727: doesn't show hand 
*** SUMMARY ***
Total pot $0.12 | Rake $0 
Seat 1: Siorassc (button) folded before Flop (didn't bet)
Seat 2: Roryy3 (small blind) folded before Flop
Seat 3: saha555 (big blind) folded before Flop
Seat 4: shevv1727 collected ($0.12)
Seat 5: Adventuros folded before Flop (didn't bet)
Seat 6: HubertusB folded before Flop (didn't bet)



PokerStars Zoom Hand #186643339999:  Hold'em No Limit ($0.02/$0.05) - 2018/05/20 20:15:22 CCT [2018/05/20 8:15:22 ET]
Table 'Donati' 6-max Seat #1 is the button
Seat 1: msskmss ($5 in chips) 
Seat 2: Omicron333 ($5.37 in chips) 
Seat 3: HubertusB ($4.64 in chips) 
Seat 4: barbos2009 ($21.56 in chips) 
Seat 5: kagurasiori ($5.30 in chips) 
Seat 6: DUDUKA81 ($6.06 in chips) 
Omicron333: posts small blind $0.02
HubertusB: posts big blind $0.05
*** HOLE CARDS ***
Dealt to HubertusB [9d 8h]
barbos2009: folds 
kagurasiori: folds 
DUDUKA81: folds 
msskmss: raises $0.10 to $0.15
Omicron333: raises $0.44 to $0.59
HubertusB: folds 
msskmss: folds 
Uncalled bet ($0.44) returned to Omicron333
Omicron333 collected $0.35 from pot
Omicron333: doesn't show hand 
*** SUMMARY ***
Total pot $0.35 | Rake $0 
Seat 1: msskmss (button) folded before Flop
Seat 2: Omicron333 (small blind) collected ($0.35)
Seat 3: HubertusB (big blind) folded before Flop
Seat 4: barbos2009 folded before Flop (didn't bet)
Seat 5: kagurasiori folded before Flop (didn't bet)
Seat 6: DUDUKA81 folded before Flop (didn't bet)



PokerStars Zoom Hand #186643351180:  Hold'em No Limit ($0.02/$0.05) - 2018/05/20 20:15:45 CCT [2018/05/20 8:15:45 ET]
Table 'Donati' 6-max Seat #1 is the button
Seat 1: chips010 ($2.71 in chips) 
Seat 2: HubertusB ($4.59 in chips) 
Seat 3: key555866 ($15.45 in chips) 
Seat 4: Omicron333 ($5.09 in chips) 
Seat 5: Opcius ($8.41 in chips) 
Seat 6: gievit ($8.44 in chips) 
HubertusB: posts small blind $0.02
key555866: posts big blind $0.05
*** HOLE CARDS ***
Dealt to HubertusB [Ts 3s]
Omicron333: folds 
Opcius: folds 
gievit: raises $0.09 to $0.14
chips010: folds 
HubertusB: folds 
key555866: folds 
Uncalled bet ($0.09) returned to gievit
gievit collected $0.12 from pot
gievit: doesn't show hand 
*** SUMMARY ***
Total pot $0.12 | Rake $0 
Seat 1: chips010 (button) folded before Flop (didn't bet)
Seat 2: HubertusB (small blind) folded before Flop
Seat 3: key555866 (big blind) folded before Flop
Seat 4: Omicron333 folded before Flop (didn't bet)
Seat 5: Opcius folded before Flop (didn't bet)
Seat 6: gievit collected ($0.12)



PokerStars Zoom Hand #186643348807:  Hold'em No Limit ($0.02/$0.05) - 2018/05/20 20:15:40 CCT [2018/05/20 8:15:40 ET]
Table 'Donati' 6-max Seat #1 is the button
Seat 1: saboteur_18 ($4.21 in chips) 
Seat 2: VLSALT ($6.15 in chips) 
Seat 3: momiasuk ($10.10 in chips) 
Seat 4: saleriver ($8.41 in chips) 
Seat 5: HubertusB ($4.59 in chips) 
Seat 6: aDYTKINa ($5 in chips) 
VLSALT: posts small blind $0.02
momiasuk: posts big blind $0.05
*** HOLE CARDS ***
Dealt to HubertusB [2s Jh]
saleriver: folds 
HubertusB: folds 
aDYTKINa: folds 
saboteur_18: folds 
VLSALT: raises $0.10 to $0.15
momiasuk: folds 
Uncalled bet ($0.10) returned to VLSALT
VLSALT collected $0.10 from pot
VLSALT: doesn't show hand 
*** SUMMARY ***
Total pot $0.10 | Rake $0 
Seat 1: saboteur_18 (button) folded before Flop (didn't bet)
Seat 2: VLSALT (small blind) collected ($0.10)
Seat 3: momiasuk (big blind) folded before Flop
Seat 4: saleriver folded before Flop (didn't bet)
Seat 5: HubertusB folded before Flop (didn't bet)
Seat 6: aDYTKINa folded before Flop (didn't bet)



PokerStars Zoom Hand #186643353087:  Hold'em No Limit ($0.02/$0.05) - 2018/05/20 20:15:49 CCT [2018/05/20 8:15:49 ET]
Table 'Donati' 6-max Seat #1 is the button
Seat 1: serg197211 ($5.19 in chips) 
Seat 2: DG_Bilo ($7.20 in chips) 
Seat 3: vegasa85 ($10.49 in chips) 
Seat 4: HubertusB ($4.57 in chips) 
Seat 5: C-class man ($6.53 in chips) 
Seat 6: chesm ($8.53 in chips) 
DG_Bilo: posts small blind $0.02
vegasa85: posts big blind $0.05
*** HOLE CARDS ***
Dealt to HubertusB [Qd Kc]
HubertusB: raises $0.15 to $0.20
C-class man: folds 
chesm: folds 
serg197211: folds 
DG_Bilo: folds 
vegasa85: folds 
Uncalled bet ($0.15) returned to HubertusB
HubertusB collected $0.12 from pot
HubertusB: doesn't show hand 
*** SUMMARY ***
Total pot $0.12 | Rake $0 
Seat 1: serg197211 (button) folded before Flop (didn't bet)
Seat 2: DG_Bilo (small blind) folded before Flop
Seat 3: vegasa85 (big blind) folded before Flop
Seat 4: HubertusB collected ($0.12)
Seat 5: C-class man folded before Flop (didn't bet)
Seat 6: chesm folded before Flop (didn't bet)



PokerStars Zoom Hand #186643365294:  Hold'em No Limit ($0.02/$0.05) - 2018/05/20 20:16:15 CCT [2018/05/20 8:16:15 ET]
Table 'Donati' 6-max Seat #1 is the button
Seat 1: andrzej4fun ($5.58 in chips) 
Seat 2: HubertusB ($4.64 in chips) 
Seat 3: FFTx ($4.70 in chips) 
Seat 4: Boba1888 ($6.28 in chips) 
Seat 5: InnusikM ($4.74 in chips) 
Seat 6: key555866 ($15.38 in chips) 
HubertusB: posts small blind $0.02
FFTx: posts big blind $0.05
*** HOLE CARDS ***
Dealt to HubertusB [Jd 4s]
Boba1888: folds 
InnusikM: folds 
key555866: folds 
andrzej4fun: folds 
HubertusB: folds 
Uncalled bet ($0.03) returned to FFTx
FFTx collected $0.04 from pot
FFTx: doesn't show hand 
*** SUMMARY ***
Total pot $0.04 | Rake $0 
Seat 1: andrzej4fun (button) folded before Flop (didn't bet)
Seat 2: HubertusB (small blind) folded before Flop
Seat 3: FFTx (big blind) collected ($0.04)
Seat 4: Boba1888 folded before Flop (didn't bet)
Seat 5: InnusikM folded before Flop (didn't bet)
Seat 6: key555866 folded before Flop (didn't bet)



PokerStars Zoom Hand #186643368659:  Hold'em No Limit ($0.02/$0.05) - 2018/05/20 20:16:22 CCT [2018/05/20 8:16:22 ET]
Table 'Donati' 6-max Seat #1 is the button
Seat 1: HubertusB ($4.62 in chips) 
Seat 2: Sofiy2013 ($4.06 in chips) 
Seat 3: DonkKing433 ($6.51 in chips) 
Seat 4: opopo0009 ($5.66 in chips) 
Seat 5: Unclesmoll ($6.02 in chips) 
Seat 6: chesm ($5.83 in chips) 
Sofiy2013: posts small blind $0.02
DonkKing433: posts big blind $0.05
*** HOLE CARDS ***
Dealt to HubertusB [Jh 8c]
opopo0009: folds 
Unclesmoll: folds 
chesm: folds 
HubertusB: folds 
Sofiy2013: raises $0.05 to $0.10
DonkKing433: folds 
Uncalled bet ($0.05) returned to Sofiy2013
Sofiy2013 collected $0.10 from pot
Sofiy2013: doesn't show hand 
*** SUMMARY ***
Total pot $0.10 | Rake $0 
Seat 1: HubertusB (button) folded before Flop (didn't bet)
Seat 2: Sofiy2013 (small blind) collected ($0.10)
Seat 3: DonkKing433 (big blind) folded before Flop
Seat 4: opopo0009 folded before Flop (didn't bet)
Seat 5: Unclesmoll folded before Flop (didn't bet)
Seat 6: chesm folded before Flop (didn't bet)



PokerStars Zoom Hand #186643371477:  Hold'em No Limit ($0.02/$0.05) - 2018/05/20 20:16:28 CCT [2018/05/20 8:16:28 ET]
Table 'Donati' 6-max Seat #1 is the button
Seat 1: Valerij V.S. ($4.90 in chips) 
Seat 2: Goosich ($5.78 in chips) 
Seat 3: prm4life ($5.18 in chips) 
Seat 4: Faied123 ($5.70 in chips) 
Seat 5: HubertusB ($4.62 in chips) 
Seat 6: kakeru ($5 in chips) 
Goosich: posts small blind $0.02
prm4life: posts big blind $0.05
*** HOLE CARDS ***
Dealt to HubertusB [Ks Ah]
Faied123: folds 
HubertusB: raises $0.07 to $0.12
kakeru: folds 
Valerij V.S.: folds 
Goosich: folds 
prm4life: calls $0.07
*** FLOP *** [5c 6s 9s]
prm4life: checks 
HubertusB: bets $0.15
prm4life: raises $0.43 to $0.58
HubertusB: folds 
Uncalled bet ($0.43) returned to prm4life
prm4life collected $0.54 from pot
prm4life: doesn't show hand 
*** SUMMARY ***
Total pot $0.56 | Rake $0.02 
Board [5c 6s 9s]
Seat 1: Valerij V.S. (button) folded before Flop (didn't bet)
Seat 2: Goosich (small blind) folded before Flop
Seat 3: prm4life (big blind) collected ($0.54)
Seat 4: Faied123 folded before Flop (didn't bet)
Seat 5: HubertusB folded on the Flop
Seat 6: kakeru folded before Flop (didn't bet)



PokerStars Zoom Hand #186643363004:  Hold'em No Limit ($0.02/$0.05) - 2018/05/20 20:16:10 CCT [2018/05/20 8:16:10 ET]
Table 'Donati' 6-max Seat #1 is the button
Seat 1: kittennose ($5.81 in chips) 
Seat 2: Marian V. 31 ($5.37 in chips) 
Seat 3: serge87100 ($5.07 in chips) 
Seat 4: Asher Trump ($4.81 in chips) 
Seat 5: logp_1954 ($4.04 in chips) 
Seat 6: HubertusB ($4.64 in chips) 
Marian V. 31: posts small blind $0.02
serge87100: posts big blind $0.05
*** HOLE CARDS ***
Dealt to HubertusB [Tc Qs]
Asher Trump: raises $0.06 to $0.11
logp_1954: folds 
HubertusB: folds 
kittennose: folds 
Marian V. 31: raises $0.31 to $0.42
serge87100: folds 
Asher Trump: calls $0.31
*** FLOP *** [Jc 5c 5d]
Marian V. 31: checks 
Asher Trump: bets $0.30
Marian V. 31: folds 
Uncalled bet ($0.30) returned to Asher Trump
Asher Trump collected $0.85 from pot
Asher Trump: doesn't show hand 
*** SUMMARY ***
Total pot $0.89 | Rake $0.04 
Board [Jc 5c 5d]
Seat 1: kittennose (button) folded before Flop (didn't bet)
Seat 2: Marian V. 31 (small blind) folded on the Flop
Seat 3: serge87100 (big blind) folded before Flop
Seat 4: Asher Trump collected ($0.85)
Seat 5: logp_1954 folded before Flop (didn't bet)
Seat 6: HubertusB folded before Flop (didn't bet)



PokerStars Zoom Hand #186643386896:  Hold'em No Limit ($0.02/$0.05) - 2018/05/20 20:17:00 CCT [2018/05/20 8:17:00 ET]
Table 'Donati' 6-max Seat #1 is the button
Seat 1: WeakmindedV1 ($15 in chips) 
Seat 2: veni554 ($5.36 in chips) 
Seat 3: CentricTie ($6.74 in chips) 
Seat 4: chesm ($8.38 in chips) 
Seat 5: kittennose ($5.74 in chips) 
Seat 6: HubertusB ($4.35 in chips) 
veni554: posts small blind $0.02
CentricTie: posts big blind $0.05
*** HOLE CARDS ***
Dealt to HubertusB [2c Qh]
chesm: raises $0.12 to $0.17
kittennose: calls $0.17
HubertusB: folds 
WeakmindedV1: folds 
veni554: folds 
CentricTie: calls $0.12
*** FLOP *** [3c 4c 9d]
CentricTie: checks 
chesm: bets $0.45
kittennose: raises $0.79 to $1.24
CentricTie: folds 
chesm: raises $6.97 to $8.21 and is all-in
kittennose: calls $4.33 and is all-in
Uncalled bet ($2.64) returned to chesm
*** TURN *** [3c 4c 9d] [2h]
*** RIVER *** [3c 4c 9d 2h] [8s]
*** SHOW DOWN ***
chesm: shows [Qd Qs] (a pair of Queens)
kittennose: shows [Ah 9s] (a pair of Nines)
chesm collected $11.19 from pot
*** SUMMARY ***
Total pot $11.67 | Rake $0.48 
Board [3c 4c 9d 2h 8s]
Seat 1: WeakmindedV1 (button) folded before Flop (didn't bet)
Seat 2: veni554 (small blind) folded before Flop
Seat 3: CentricTie (big blind) folded on the Flop
Seat 4: chesm showed [Qd Qs] and won ($11.19) with a pair of Queens
Seat 5: kittennose showed [Ah 9s] and lost with a pair of Nines
Seat 6: HubertusB folded before Flop (didn't bet)



PokerStars Zoom Hand #186643408587:  Hold'em No Limit ($0.02/$0.05) - 2018/05/20 20:17:45 CCT [2018/05/20 8:17:45 ET]
Table 'Donati' 6-max Seat #1 is the button
Seat 1: N0$tradamu$ ($2.41 in chips) 
Seat 2: alebomos ($5 in chips) 
Seat 3: MonsterBitt ($17.84 in chips) 
Seat 4: Siorassc ($11.62 in chips) 
Seat 5: HubertusB ($4.25 in chips) 
Seat 6: Ezhewika ($2.91 in chips) 
alebomos: posts small blind $0.02
MonsterBitt: posts big blind $0.05
*** HOLE CARDS ***
Dealt to HubertusB [2s 2d]
Siorassc: folds 
HubertusB: folds 
Ezhewika: raises $0.10 to $0.15
N0$tradamu$: folds 
alebomos: folds 
MonsterBitt: folds 
Uncalled bet ($0.10) returned to Ezhewika
Ezhewika collected $0.12 from pot
Ezhewika: doesn't show hand 
*** SUMMARY ***
Total pot $0.12 | Rake $0 
Seat 1: N0$tradamu$ (button) folded before Flop (didn't bet)
Seat 2: alebomos (small blind) folded before Flop
Seat 3: MonsterBitt (big blind) folded before Flop
Seat 4: Siorassc folded before Flop (didn't bet)
Seat 5: HubertusB folded before Flop (didn't bet)
Seat 6: Ezhewika collected ($0.12)



PokerStars Zoom Hand #186643388841:  Hold'em No Limit ($0.02/$0.05) - 2018/05/20 20:17:04 CCT [2018/05/20 8:17:04 ET]
Table 'Donati' 6-max Seat #1 is the button
Seat 1: Julietta1997 ($4.98 in chips) 
Seat 2: Genal55 ($4 in chips) 
Seat 3: HubertusB ($4.35 in chips) 
Seat 4: tigran63 ($5.57 in chips) 
Seat 5: Reshalo.fish ($1.36 in chips) 
Seat 6: MAGE%CARDS ($5.94 in chips) 
Genal55: posts small blind $0.02
HubertusB: posts big blind $0.05
*** HOLE CARDS ***
Dealt to HubertusB [Ks 7s]
tigran63: folds 
Reshalo.fish: raises $0.05 to $0.10
MAGE%CARDS: folds 
Julietta1997: folds 
Genal55: calls $0.08
HubertusB: calls $0.05
*** FLOP *** [Ah 4c 4h]
Genal55: checks 
HubertusB: checks 
Reshalo.fish: bets $0.10
Genal55: calls $0.10
HubertusB: folds 
*** TURN *** [Ah 4c 4h] [5h]
Genal55: checks 
Reshalo.fish: bets $0.10
Genal55: raises $0.68 to $0.78
Reshalo.fish: folds 
Uncalled bet ($0.68) returned to Genal55
Genal55 collected $0.67 from pot
Genal55: doesn't show hand 
*** SUMMARY ***
Total pot $0.70 | Rake $0.03 
Board [Ah 4c 4h 5h]
Seat 1: Julietta1997 (button) folded before Flop (didn't bet)
Seat 2: Genal55 (small blind) collected ($0.67)
Seat 3: HubertusB (big blind) folded on the Flop
Seat 4: tigran63 folded before Flop (didn't bet)
Seat 5: Reshalo.fish folded on the Turn
Seat 6: MAGE%CARDS folded before Flop (didn't bet)



PokerStars Zoom Hand #186643416402:  Hold'em No Limit ($0.02/$0.05) - 2018/05/20 20:18:01 CCT [2018/05/20 8:18:01 ET]
Table 'Donati' 6-max Seat #1 is the button
Seat 1: Faied123 ($5.58 in chips) 
Seat 2: momiasuk ($10.97 in chips) 
Seat 3: HubertusB ($4.23 in chips) 
Seat 4: kingreigns ($6.16 in chips) 
Seat 5: Goosich ($9.81 in chips) 
Seat 6: Grigoriy40$ ($18.53 in chips) 
momiasuk: posts small blind $0.02
HubertusB: posts big blind $0.05
*** HOLE CARDS ***
Dealt to HubertusB [2s Qd]
kingreigns: folds 
Goosich: folds 
Grigoriy40$: raises $0.10 to $0.15
Faied123: folds 
momiasuk: folds 
HubertusB: folds 
Uncalled bet ($0.10) returned to Grigoriy40$
Grigoriy40$ collected $0.12 from pot
Grigoriy40$: doesn't show hand 
*** SUMMARY ***
Total pot $0.12 | Rake $0 
Seat 1: Faied123 (button) folded before Flop (didn't bet)
Seat 2: momiasuk (small blind) folded before Flop
Seat 3: HubertusB (big blind) folded before Flop
Seat 4: kingreigns folded before Flop (didn't bet)
Seat 5: Goosich folded before Flop (didn't bet)
Seat 6: Grigoriy40$ collected ($0.12)



PokerStars Zoom Hand #186643413978:  Hold'em No Limit ($0.02/$0.05) - 2018/05/20 20:17:56 CCT [2018/05/20 8:17:56 ET]
Table 'Donati' 6-max Seat #1 is the button
Seat 1: mamel7777 ($11.53 in chips) 
Seat 2: chesm ($13.83 in chips) 
Seat 3: serge87100 ($5.07 in chips) 
Seat 4: HubertusB ($4.23 in chips) 
Seat 5: zwetok ($13.91 in chips) 
Seat 6: Mattiasgirl ($7 in chips) 
chesm: posts small blind $0.02
serge87100: posts big blind $0.05
*** HOLE CARDS ***
Dealt to HubertusB [9s Jh]
HubertusB: folds 
zwetok: folds 
Mattiasgirl: raises $0.95 to $1
mamel7777: folds 
chesm: folds 
serge87100: folds 
Uncalled bet ($0.95) returned to Mattiasgirl
Mattiasgirl collected $0.12 from pot
Mattiasgirl: doesn't show hand 
*** SUMMARY ***
Total pot $0.12 | Rake $0 
Seat 1: mamel7777 (button) folded before Flop (didn't bet)
Seat 2: chesm (small blind) folded before Flop
Seat 3: serge87100 (big blind) folded before Flop
Seat 4: HubertusB folded before Flop (didn't bet)
Seat 5: zwetok folded before Flop (didn't bet)
Seat 6: Mattiasgirl collected ($0.12)



PokerStars Zoom Hand #186643410990:  Hold'em No Limit ($0.02/$0.05) - 2018/05/20 20:17:51 CCT [2018/05/20 8:17:51 ET]
Table 'Donati' 6-max Seat #1 is the button
Seat 1: g8m3yst3er ($4.93 in chips) 
Seat 2: HubertusB ($4.25 in chips) 
Seat 3: Kirikulu ($5 in chips) 
Seat 4: iKiiiLL4fun ($7.39 in chips) 
Seat 5: NICooLIN333 ($5 in chips) 
Seat 6: serg125strg ($2.23 in chips) 
HubertusB: posts small blind $0.02
Kirikulu: posts big blind $0.05
*** HOLE CARDS ***
Dealt to HubertusB [2s Kh]
iKiiiLL4fun: folds 
NICooLIN333: raises $0.10 to $0.15
serg125strg: folds 
g8m3yst3er: folds 
HubertusB: folds 
Kirikulu: folds 
Uncalled bet ($0.10) returned to NICooLIN333
NICooLIN333 collected $0.12 from pot
NICooLIN333: doesn't show hand 
*** SUMMARY ***
Total pot $0.12 | Rake $0 
Seat 1: g8m3yst3er (button) folded before Flop (didn't bet)
Seat 2: HubertusB (small blind) folded before Flop
Seat 3: Kirikulu (big blind) folded before Flop
Seat 4: iKiiiLL4fun folded before Flop (didn't bet)
Seat 5: NICooLIN333 collected ($0.12)
Seat 6: serg125strg folded before Flop (didn't bet)



PokerStars Zoom Hand #186643422158:  Hold'em No Limit ($0.02/$0.05) - 2018/05/20 20:18:13 CCT [2018/05/20 8:18:13 ET]
Table 'Donati' 6-max Seat #1 is the button
Seat 1: slob43.ru ($5.72 in chips) 
Seat 2: Reshalo.fish ($3.84 in chips) 
Seat 3: EventasT ($16.13 in chips) 
Seat 4: valerius1305 ($4.17 in chips) 
Seat 5: HubertusB ($4.18 in chips) 
Seat 6: olivier070 ($15.53 in chips) 
Reshalo.fish: posts small blind $0.02
EventasT: posts big blind $0.05
*** HOLE CARDS ***
Dealt to HubertusB [Ks Jd]
valerius1305: folds 
HubertusB: raises $0.10 to $0.15
olivier070: folds 
slob43.ru: folds 
Reshalo.fish: folds 
EventasT: folds 
Uncalled bet ($0.10) returned to HubertusB
HubertusB collected $0.12 from pot
HubertusB: doesn't show hand 
*** SUMMARY ***
Total pot $0.12 | Rake $0 
Seat 1: slob43.ru (button) folded before Flop (didn't bet)
Seat 2: Reshalo.fish (small blind) folded before Flop
Seat 3: EventasT (big blind) folded before Flop
Seat 4: valerius1305 folded before Flop (didn't bet)
Seat 5: HubertusB collected ($0.12)
Seat 6: olivier070 folded before Flop (didn't bet)



PokerStars Zoom Hand #186643406711:  Hold'em No Limit ($0.02/$0.05) - 2018/05/20 20:17:41 CCT [2018/05/20 8:17:41 ET]
Table 'Donati' 6-max Seat #1 is the button
Seat 1: HubertusB ($4.25 in chips) 
Seat 2: ANANATOR ($8.80 in chips) 
Seat 3: saha555 ($8.28 in chips) 
Seat 4: gosumortiz ($5 in chips) 
Seat 5: ThomaSs223 ($15.11 in chips) 
Seat 6: MAGE%CARDS ($5.15 in chips) 
ANANATOR: posts small blind $0.02
saha555: posts big blind $0.05
*** HOLE CARDS ***
Dealt to HubertusB [4h 6s]
gosumortiz: raises $0.10 to $0.15
ThomaSs223: folds 
MAGE%CARDS: calls $0.15
HubertusB: folds 
ANANATOR: raises $0.45 to $0.60
saha555: folds 
gosumortiz: calls $0.45
MAGE%CARDS: calls $0.45
*** FLOP *** [As Qd 2c]
ANANATOR: bets $0.90
gosumortiz: folds 
MAGE%CARDS: folds 
Uncalled bet ($0.90) returned to ANANATOR
ANANATOR collected $1.77 from pot
ANANATOR: doesn't show hand 
*** SUMMARY ***
Total pot $1.85 | Rake $0.08 
Board [As Qd 2c]
Seat 1: HubertusB (button) folded before Flop (didn't bet)
Seat 2: ANANATOR (small blind) collected ($1.77)
Seat 3: saha555 (big blind) folded before Flop
Seat 4: gosumortiz folded on the Flop
Seat 5: ThomaSs223 folded before Flop (didn't bet)
Seat 6: MAGE%CARDS folded on the Flop



PokerStars Zoom Hand #186643427471:  Hold'em No Limit ($0.02/$0.05) - 2018/05/20 20:18:25 CCT [2018/05/20 8:18:25 ET]
Table 'Donati' 6-max Seat #1 is the button
Seat 1: HubertusB ($4.25 in chips) 
Seat 2: Themis30 ($5 in chips) 
Seat 3: Zheka-Alaei ($5 in chips) 
Seat 4: PM17Lev ($5.02 in chips) 
Seat 5: sport300184 ($5 in chips) 
Seat 6: Valandilll ($5 in chips) 
Themis30: posts small blind $0.02
Zheka-Alaei: posts big blind $0.05
*** HOLE CARDS ***
Dealt to HubertusB [Jd 4h]
PM17Lev: folds 
sport300184: folds 
Valandilll: folds 
HubertusB: folds 
Themis30: folds 
Uncalled bet ($0.03) returned to Zheka-Alaei
Zheka-Alaei collected $0.04 from pot
Zheka-Alaei: doesn't show hand 
*** SUMMARY ***
Total pot $0.04 | Rake $0 
Seat 1: HubertusB (button) folded before Flop (didn't bet)
Seat 2: Themis30 (small blind) folded before Flop
Seat 3: Zheka-Alaei (big blind) collected ($0.04)
Seat 4: PM17Lev folded before Flop (didn't bet)
Seat 5: sport300184 folded before Flop (didn't bet)
Seat 6: Valandilll folded before Flop (didn't bet)



PokerStars Zoom Hand #186643434214:  Hold'em No Limit ($0.02/$0.05) - 2018/05/20 20:18:39 CCT [2018/05/20 8:18:39 ET]
Table 'Donati' 6-max Seat #1 is the button
Seat 1: sedoi746 ($8.32 in chips) 
Seat 2: HubertusB ($4.25 in chips) 
Seat 3: nightm71 ($5.99 in chips) 
Seat 4: ChubakaIII ($5.89 in chips) 
Seat 5: opopo0009 ($5.22 in chips) 
Seat 6: gendron36 ($3.44 in chips) 
HubertusB: posts small blind $0.02
nightm71: posts big blind $0.05
*** HOLE CARDS ***
Dealt to HubertusB [Kc 7h]
ChubakaIII: folds 
opopo0009: raises $0.10 to $0.15
gendron36: folds 
sedoi746: folds 
HubertusB: folds 
nightm71: folds 
Uncalled bet ($0.10) returned to opopo0009
opopo0009 collected $0.12 from pot
opopo0009: doesn't show hand 
*** SUMMARY ***
Total pot $0.12 | Rake $0 
Seat 1: sedoi746 (button) folded before Flop (didn't bet)
Seat 2: HubertusB (small blind) folded before Flop
Seat 3: nightm71 (big blind) folded before Flop
Seat 4: ChubakaIII folded before Flop (didn't bet)
Seat 5: opopo0009 collected ($0.12)
Seat 6: gendron36 folded before Flop (didn't bet)



PokerStars Zoom Hand #186643436648:  Hold'em No Limit ($0.02/$0.05) - 2018/05/20 20:18:44 CCT [2018/05/20 8:18:44 ET]
Table 'Donati' 6-max Seat #1 is the button
Seat 1: mamel7777 ($8.56 in chips) 
Seat 2: chesm ($5.78 in chips) 
Seat 3: HubertusB ($4.23 in chips) 
Seat 4: chep73 ($3.23 in chips) 
Seat 5: andrzej4fun ($5.42 in chips) 
Seat 6: TheN@kedGun ($5 in chips) 
chesm: posts small blind $0.02
HubertusB: posts big blind $0.05
*** HOLE CARDS ***
Dealt to HubertusB [3d Ks]
chep73: raises $0.07 to $0.12
andrzej4fun: folds 
TheN@kedGun: folds 
mamel7777: folds 
chesm: folds 
HubertusB: folds 
Uncalled bet ($0.07) returned to chep73
chep73 collected $0.12 from pot
chep73: doesn't show hand 
*** SUMMARY ***
Total pot $0.12 | Rake $0 
Seat 1: mamel7777 (button) folded before Flop (didn't bet)
Seat 2: chesm (small blind) folded before Flop
Seat 3: HubertusB (big blind) folded before Flop
Seat 4: chep73 collected ($0.12)
Seat 5: andrzej4fun folded before Flop (didn't bet)
Seat 6: TheN@kedGun folded before Flop (didn't bet)



PokerStars Zoom Hand #186643431322:  Hold'em No Limit ($0.02/$0.05) - 2018/05/20 20:18:33 CCT [2018/05/20 8:18:33 ET]
Table 'Donati' 6-max Seat #1 is the button
Seat 1: ThiagooPaiva ($5.07 in chips) 
Seat 2: olivier070 ($15.48 in chips) 
Seat 3: martyfullll ($5.06 in chips) 
Seat 4: HubertusB ($4.25 in chips) 
Seat 5: erhan001111 ($2.42 in chips) 
Seat 6: lukeymandy ($6.66 in chips) 
olivier070: posts small blind $0.02
martyfullll: posts big blind $0.05
*** HOLE CARDS ***
Dealt to HubertusB [4h Ac]
HubertusB: folds 
erhan001111: calls $0.05
lukeymandy: raises $0.05 to $0.10
ThiagooPaiva: folds 
olivier070: folds 
martyfullll: folds 
erhan001111: calls $0.05
*** FLOP *** [9s 4s 3s]
erhan001111: checks 
lukeymandy: bets $0.10
erhan001111: calls $0.10
*** TURN *** [9s 4s 3s] [6d]
erhan001111: checks 
lukeymandy: checks 
*** RIVER *** [9s 4s 3s 6d] [9d]
erhan001111: checks 
lukeymandy: checks 
*** SHOW DOWN ***
erhan001111: shows [5s 5d] (two pair, Nines and Fives)
lukeymandy: mucks hand 
erhan001111 collected $0.45 from pot
*** SUMMARY ***
Total pot $0.47 | Rake $0.02 
Board [9s 4s 3s 6d 9d]
Seat 1: ThiagooPaiva (button) folded before Flop (didn't bet)
Seat 2: olivier070 (small blind) folded before Flop
Seat 3: martyfullll (big blind) folded before Flop
Seat 4: HubertusB folded before Flop (didn't bet)
Seat 5: erhan001111 showed [5s 5d] and won ($0.45) with two pair, Nines and Fives
Seat 6: lukeymandy mucked [Kc 8c]



PokerStars Zoom Hand #186643439518:  Hold'em No Limit ($0.02/$0.05) - 2018/05/20 20:18:50 CCT [2018/05/20 8:18:50 ET]
Table 'Donati' 6-max Seat #1 is the button
Seat 1: Kirikulu ($5.11 in chips) 
Seat 2: DonkKing433 ($4.83 in chips) 
Seat 3: mamel7777 ($8.08 in chips) 
Seat 4: andrzej4fun ($5.42 in chips) 
Seat 5: Mattiasgirl ($7.25 in chips) 
Seat 6: HubertusB ($4.18 in chips) 
DonkKing433: posts small blind $0.02
mamel7777: posts big blind $0.05
*** HOLE CARDS ***
Dealt to HubertusB [Jd Kd]
andrzej4fun: raises $0.12 to $0.17
Mattiasgirl: folds 
HubertusB: calls $0.17
Kirikulu: folds 
DonkKing433: folds 
mamel7777: folds 
*** FLOP *** [6c 2c 3h]
andrzej4fun: bets $0.30
HubertusB: folds 
Uncalled bet ($0.30) returned to andrzej4fun
andrzej4fun collected $0.39 from pot
andrzej4fun: doesn't show hand 
*** SUMMARY ***
Total pot $0.41 | Rake $0.02 
Board [6c 2c 3h]
Seat 1: Kirikulu (button) folded before Flop (didn't bet)
Seat 2: DonkKing433 (small blind) folded before Flop
Seat 3: mamel7777 (big blind) folded before Flop
Seat 4: andrzej4fun collected ($0.39)
Seat 5: Mattiasgirl folded before Flop (didn't bet)
Seat 6: HubertusB folded on the Flop



PokerStars Zoom Hand #186643419721:  Hold'em No Limit ($0.02/$0.05) - 2018/05/20 20:18:09 CCT [2018/05/20 8:18:09 ET]
Table 'Donati' 6-max Seat #1 is the button
Seat 1: el_hidro ($2.91 in chips) 
Seat 2: chips010 ($3.31 in chips) 
Seat 3: Romzes V ($16.93 in chips) 
Seat 4: Savavlad97 ($5.24 in chips) 
Seat 5: James98989 ($6.65 in chips) 
Seat 6: HubertusB ($4.18 in chips) 
chips010: posts small blind $0.02
Romzes V: posts big blind $0.05
*** HOLE CARDS ***
Dealt to HubertusB [4d 6s]
Savavlad97: raises $0.10 to $0.15
James98989: calls $0.15
HubertusB: folds 
el_hidro: calls $0.15
chips010: folds 
Romzes V: folds 
*** FLOP *** [3d 7h 9c]
Savavlad97: checks 
James98989: checks 
el_hidro: bets $0.25
Savavlad97: folds 
James98989: calls $0.25
*** TURN *** [3d 7h 9c] [2h]
James98989: checks 
el_hidro: bets $0.49
James98989: raises $0.59 to $1.08
el_hidro: calls $0.59
*** RIVER *** [3d 7h 9c 2h] [Js]
James98989: bets $5.17 and is all-in
el_hidro: folds 
Uncalled bet ($5.17) returned to James98989
James98989 collected $3.05 from pot
James98989: doesn't show hand 
*** SUMMARY ***
Total pot $3.18 | Rake $0.13 
Board [3d 7h 9c 2h Js]
Seat 1: el_hidro (button) folded on the River
Seat 2: chips010 (small blind) folded before Flop
Seat 3: Romzes V (big blind) folded before Flop
Seat 4: Savavlad97 folded on the Flop
Seat 5: James98989 collected ($3.05)
Seat 6: HubertusB folded before Flop (didn't bet)



PokerStars Zoom Hand #186643446779:  Hold'em No Limit ($0.02/$0.05) - 2018/05/20 20:19:05 CCT [2018/05/20 8:19:05 ET]
Table 'Donati' 6-max Seat #1 is the button
Seat 1: DUDUKA81 ($5.50 in chips) 
Seat 2: artaxruciv ($7.79 in chips) 
Seat 3: kittennose ($5 in chips) 
Seat 4: serge87100 ($5.07 in chips) 
Seat 5: HubertusB ($4.01 in chips) 
Seat 6: MAGE%CARDS ($5 in chips) 
artaxruciv: posts small blind $0.02
kittennose: posts big blind $0.05
*** HOLE CARDS ***
Dealt to HubertusB [8h 9s]
serge87100: folds 
HubertusB: folds 
MAGE%CARDS: folds 
DUDUKA81: raises $0.06 to $0.11
artaxruciv: folds 
kittennose: folds 
Uncalled bet ($0.06) returned to DUDUKA81
DUDUKA81 collected $0.12 from pot
DUDUKA81: doesn't show hand 
*** SUMMARY ***
Total pot $0.12 | Rake $0 
Seat 1: DUDUKA81 (button) collected ($0.12)
Seat 2: artaxruciv (small blind) folded before Flop
Seat 3: kittennose (big blind) folded before Flop
Seat 4: serge87100 folded before Flop (didn't bet)
Seat 5: HubertusB folded before Flop (didn't bet)
Seat 6: MAGE%CARDS folded before Flop (didn't bet)



PokerStars Zoom Hand #186643450640:  Hold'em No Limit ($0.02/$0.05) - 2018/05/20 20:19:13 CCT [2018/05/20 8:19:13 ET]
Table 'Donati' 6-max Seat #1 is the button
Seat 1: pauwl12 ($8.92 in chips) 
Seat 2: djnemesis101 ($12.13 in chips) 
Seat 3: sedoi746 ($7.13 in chips) 
Seat 4: HubertusB ($4.01 in chips) 
Seat 5: Wolvy128 ($4.84 in chips) 
Seat 6: WeakmindedV1 ($5.52 in chips) 
djnemesis101: posts small blind $0.02
sedoi746: posts big blind $0.05
*** HOLE CARDS ***
Dealt to HubertusB [5h 7s]
HubertusB: folds 
Wolvy128: folds 
WeakmindedV1: folds 
pauwl12: folds 
djnemesis101: folds 
Uncalled bet ($0.03) returned to sedoi746
sedoi746 collected $0.04 from pot
sedoi746: doesn't show hand 
*** SUMMARY ***
Total pot $0.04 | Rake $0 
Seat 1: pauwl12 (button) folded before Flop (didn't bet)
Seat 2: djnemesis101 (small blind) folded before Flop
Seat 3: sedoi746 (big blind) collected ($0.04)
Seat 4: HubertusB folded before Flop (didn't bet)
Seat 5: Wolvy128 folded before Flop (didn't bet)
Seat 6: WeakmindedV1 folded before Flop (didn't bet)



PokerStars Zoom Hand #186643455995:  Hold'em No Limit ($0.02/$0.05) - 2018/05/20 20:19:24 CCT [2018/05/20 8:19:24 ET]
Table 'Donati' 6-max Seat #1 is the button
Seat 1: maxgild85 ($5 in chips) 
Seat 2: HubertusB ($4.01 in chips) 
Seat 3: WeakmindedV1 ($14.19 in chips) 
Seat 4: AlexAtlas08 ($5 in chips) 
Seat 5: kingreigns ($5.78 in chips) 
Seat 6: Jase4607 ($4.23 in chips) 
HubertusB: posts small blind $0.02
WeakmindedV1: posts big blind $0.05
*** HOLE CARDS ***
Dealt to HubertusB [8c 4c]
AlexAtlas08: folds 
kingreigns: folds 
Jase4607: raises $0.10 to $0.15
maxgild85: raises $0.30 to $0.45
HubertusB: folds 
WeakmindedV1: folds 
Jase4607: calls $0.30
*** FLOP *** [3s Td 3h]
Jase4607: checks 
maxgild85: bets $0.60
Jase4607: calls $0.60
*** TURN *** [3s Td 3h] [2s]
Jase4607: checks 
maxgild85: bets $1.56
Jase4607: folds 
Uncalled bet ($1.56) returned to maxgild85
maxgild85 collected $2.08 from pot
maxgild85: doesn't show hand 
*** SUMMARY ***
Total pot $2.17 | Rake $0.09 
Board [3s Td 3h 2s]
Seat 1: maxgild85 (button) collected ($2.08)
Seat 2: HubertusB (small blind) folded before Flop
Seat 3: WeakmindedV1 (big blind) folded before Flop
Seat 4: AlexAtlas08 folded before Flop (didn't bet)
Seat 5: kingreigns folded before Flop (didn't bet)
Seat 6: Jase4607 folded on the Turn



PokerStars Zoom Hand #186643460316:  Hold'em No Limit ($0.02/$0.05) - 2018/05/20 20:19:33 CCT [2018/05/20 8:19:33 ET]
Table 'Donati' 6-max Seat #1 is the button
Seat 1: przemyslaw35 ($7.14 in chips) 
Seat 2: EventasT ($16.08 in chips) 
Seat 3: HubertusB ($3.99 in chips) 
Seat 4: kagurasiori ($7.10 in chips) 
Seat 5: TehPokeHerer ($5.39 in chips) 
Seat 6: dironsamson ($4.75 in chips) 
EventasT: posts small blind $0.02
HubertusB: posts big blind $0.05
*** HOLE CARDS ***
Dealt to HubertusB [4s 3s]
kagurasiori: folds 
TehPokeHerer: folds 
dironsamson: raises $0.05 to $0.10
przemyslaw35: folds 
EventasT: folds 
HubertusB: calls $0.05
*** FLOP *** [7h Qs 9s]
HubertusB: checks 
dironsamson: checks 
*** TURN *** [7h Qs 9s] [5d]
HubertusB: bets $0.10
dironsamson: calls $0.10
*** RIVER *** [7h Qs 9s 5d] [2h]
HubertusB: bets $0.45
dironsamson: folds 
Uncalled bet ($0.45) returned to HubertusB
HubertusB collected $0.40 from pot
HubertusB: doesn't show hand 
*** SUMMARY ***
Total pot $0.42 | Rake $0.02 
Board [7h Qs 9s 5d 2h]
Seat 1: przemyslaw35 (button) folded before Flop (didn't bet)
Seat 2: EventasT (small blind) folded before Flop
Seat 3: HubertusB (big blind) collected ($0.40)
Seat 4: kagurasiori folded before Flop (didn't bet)
Seat 5: TehPokeHerer folded before Flop (didn't bet)
Seat 6: dironsamson folded on the River



PokerStars Zoom Hand #186643453546:  Hold'em No Limit ($0.02/$0.05) - 2018/05/20 20:19:19 CCT [2018/05/20 8:19:19 ET]
Table 'Donati' 6-max Seat #1 is the button
Seat 1: HubertusB ($4.01 in chips) 
Seat 2: MAGE%CARDS ($6.69 in chips) 
Seat 3: serge87100 ($5.07 in chips) 
Seat 4: selko1 ($6.04 in chips) 
Seat 5: Danil548 ($4.42 in chips) 
Seat 6: Gissbon ($5.93 in chips) 
MAGE%CARDS: posts small blind $0.02
serge87100: posts big blind $0.05
*** HOLE CARDS ***
Dealt to HubertusB [7h Td]
selko1: raises $0.10 to $0.15
Danil548: folds 
Gissbon: folds 
HubertusB: folds 
MAGE%CARDS: calls $0.13
serge87100: folds 
*** FLOP *** [Jd 8d 8h]
MAGE%CARDS: checks 
selko1: bets $0.20
MAGE%CARDS: calls $0.20
*** TURN *** [Jd 8d 8h] [7d]
MAGE%CARDS: checks 
selko1: bets $0.50
MAGE%CARDS: raises $0.56 to $1.06
selko1: calls $0.56
*** RIVER *** [Jd 8d 8h 7d] [9d]
MAGE%CARDS: bets $1.18
selko1: calls $1.18
*** SHOW DOWN ***
MAGE%CARDS: shows [Kd Ad] (a flush, Ace high)
selko1: mucks hand 
MAGE%CARDS collected $5.01 from pot
*** SUMMARY ***
Total pot $5.23 | Rake $0.22 
Board [Jd 8d 8h 7d 9d]
Seat 1: HubertusB (button) folded before Flop (didn't bet)
Seat 2: MAGE%CARDS (small blind) showed [Kd Ad] and won ($5.01) with a flush, Ace high
Seat 3: serge87100 (big blind) folded before Flop
Seat 4: selko1 mucked [Ac Js]
Seat 5: Danil548 folded before Flop (didn't bet)
Seat 6: Gissbon folded before Flop (didn't bet)



PokerStars Zoom Hand #186643484288:  Hold'em No Limit ($0.02/$0.05) - 2018/05/20 20:20:22 CCT [2018/05/20 8:20:22 ET]
Table 'Donati' 6-max Seat #1 is the button
Seat 1: msskmss ($6.32 in chips) 
Seat 2: Jiu51 ($7.84 in chips) 
Seat 3: thekvlt ($12.24 in chips) 
Seat 4: Kirikulu ($5.14 in chips) 
Seat 5: kukkertje ($5 in chips) 
Seat 6: HubertusB ($4.19 in chips) 
Jiu51: posts small blind $0.02
thekvlt: posts big blind $0.05
*** HOLE CARDS ***
Dealt to HubertusB [Js Kh]
Kirikulu: folds 
kukkertje: folds 
HubertusB: raises $0.10 to $0.15
msskmss: folds 
Jiu51: folds 
thekvlt: folds 
Uncalled bet ($0.10) returned to HubertusB
HubertusB collected $0.12 from pot
HubertusB: doesn't show hand 
*** SUMMARY ***
Total pot $0.12 | Rake $0 
Seat 1: msskmss (button) folded before Flop (didn't bet)
Seat 2: Jiu51 (small blind) folded before Flop
Seat 3: thekvlt (big blind) folded before Flop
Seat 4: Kirikulu folded before Flop (didn't bet)
Seat 5: kukkertje folded before Flop (didn't bet)
Seat 6: HubertusB collected ($0.12)



PokerStars Zoom Hand #186643491568:  Hold'em No Limit ($0.02/$0.05) - 2018/05/20 20:20:37 CCT [2018/05/20 8:20:37 ET]
Table 'Donati' 6-max Seat #1 is the button
Seat 1: HubertusB ($4.26 in chips) 
Seat 2: chips010 ($3.50 in chips) 
Seat 3: Wolvy128 ($4.13 in chips) 
Seat 4: BIBIGON123 ($3.58 in chips) 
Seat 5: Oscar__62176 ($5.15 in chips) 
Seat 6: Faied123 ($15.70 in chips) 
chips010: posts small blind $0.02
Wolvy128: posts big blind $0.05
*** HOLE CARDS ***
Dealt to HubertusB [8d 6d]
BIBIGON123: folds 
Oscar__62176: folds 
Faied123: folds 
HubertusB: raises $0.10 to $0.15
chips010: folds 
Wolvy128: folds 
Uncalled bet ($0.10) returned to HubertusB
HubertusB collected $0.12 from pot
HubertusB: doesn't show hand 
*** SUMMARY ***
Total pot $0.12 | Rake $0 
Seat 1: HubertusB (button) collected ($0.12)
Seat 2: chips010 (small blind) folded before Flop
Seat 3: Wolvy128 (big blind) folded before Flop
Seat 4: BIBIGON123 folded before Flop (didn't bet)
Seat 5: Oscar__62176 folded before Flop (didn't bet)
Seat 6: Faied123 folded before Flop (didn't bet)



PokerStars Zoom Hand #186643497517:  Hold'em No Limit ($0.02/$0.05) - 2018/05/20 20:20:49 CCT [2018/05/20 8:20:49 ET]
Table 'Donati' 6-max Seat #1 is the button
Seat 1: Zheka-Alaei ($7.71 in chips) 
Seat 2: Agno$tic ($9.11 in chips) 
Seat 3: Omicron333 ($5 in chips) 
Seat 4: aDYTKINa ($5.24 in chips) 
Seat 5: HubertusB ($4.33 in chips) 
Seat 6: EventasT ($15.89 in chips) 
Agno$tic: posts small blind $0.02
Omicron333: posts big blind $0.05
*** HOLE CARDS ***
Dealt to HubertusB [9h 6s]
aDYTKINa: folds 
HubertusB: folds 
EventasT: raises $0.10 to $0.15
Zheka-Alaei: folds 
Agno$tic: folds 
Omicron333: folds 
Uncalled bet ($0.10) returned to EventasT
EventasT collected $0.12 from pot
EventasT: doesn't show hand 
*** SUMMARY ***
Total pot $0.12 | Rake $0 
Seat 1: Zheka-Alaei (button) folded before Flop (didn't bet)
Seat 2: Agno$tic (small blind) folded before Flop
Seat 3: Omicron333 (big blind) folded before Flop
Seat 4: aDYTKINa folded before Flop (didn't bet)
Seat 5: HubertusB folded before Flop (didn't bet)
Seat 6: EventasT collected ($0.12)



PokerStars Zoom Hand #186643502877:  Hold'em No Limit ($0.02/$0.05) - 2018/05/20 20:21:00 CCT [2018/05/20 8:21:00 ET]
Table 'Donati' 6-max Seat #1 is the button
Seat 1: orangedeuce ($5 in chips) 
Seat 2: olivier070 ($15.51 in chips) 
Seat 3: jaanis1983 ($5.15 in chips) 
Seat 4: HubertusB ($4.33 in chips) 
Seat 5: Julietta1997 ($6.69 in chips) 
Seat 6: TOMEF1CHA ($8.34 in chips) 
olivier070: posts small blind $0.02
jaanis1983: posts big blind $0.05
*** HOLE CARDS ***
Dealt to HubertusB [Ad Th]
HubertusB: folds 
Julietta1997: folds 
TOMEF1CHA: folds 
orangedeuce: folds 
olivier070: raises $0.10 to $0.15
jaanis1983: folds 
Uncalled bet ($0.10) returned to olivier070
olivier070 collected $0.10 from pot
olivier070: doesn't show hand 
*** SUMMARY ***
Total pot $0.10 | Rake $0 
Seat 1: orangedeuce (button) folded before Flop (didn't bet)
Seat 2: olivier070 (small blind) collected ($0.10)
Seat 3: jaanis1983 (big blind) folded before Flop
Seat 4: HubertusB folded before Flop (didn't bet)
Seat 5: Julietta1997 folded before Flop (didn't bet)
Seat 6: TOMEF1CHA folded before Flop (didn't bet)



PokerStars Zoom Hand #186643505310:  Hold'em No Limit ($0.02/$0.05) - 2018/05/20 20:21:05 CCT [2018/05/20 8:21:05 ET]
Table 'Donati' 6-max Seat #1 is the button
Seat 1: cazzzwell ($5 in chips) 
Seat 2: HubertusB ($4.33 in chips) 
Seat 3: ali3nt0mmy ($6.88 in chips) 
Seat 4: James98989 ($8.68 in chips) 
Seat 5: kayck07 ($19.74 in chips) 
Seat 6: Florea2312 ($7.67 in chips) 
HubertusB: posts small blind $0.02
ali3nt0mmy: posts big blind $0.05
*** HOLE CARDS ***
Dealt to HubertusB [Tc Kh]
James98989: folds 
kayck07: folds 
Florea2312: folds 
cazzzwell: folds 
HubertusB: folds 
Uncalled bet ($0.03) returned to ali3nt0mmy
ali3nt0mmy collected $0.04 from pot
ali3nt0mmy: doesn't show hand 
*** SUMMARY ***
Total pot $0.04 | Rake $0 
Seat 1: cazzzwell (button) folded before Flop (didn't bet)
Seat 2: HubertusB (small blind) folded before Flop
Seat 3: ali3nt0mmy (big blind) collected ($0.04)
Seat 4: James98989 folded before Flop (didn't bet)
Seat 5: kayck07 folded before Flop (didn't bet)
Seat 6: Florea2312 folded before Flop (didn't bet)



PokerStars Zoom Hand #186643509646:  Hold'em No Limit ($0.02/$0.05) - 2018/05/20 20:21:14 CCT [2018/05/20 8:21:14 ET]
Table 'Donati' 6-max Seat #1 is the button
Seat 1: kukkertje ($13.71 in chips) 
Seat 2: ThomaSs223 ($9.61 in chips) 
Seat 3: HubertusB ($4.31 in chips) 
Seat 4: hojen666 ($5.30 in chips) 
Seat 5: derak488 ($5.13 in chips) 
Seat 6: przemyslaw35 ($4.86 in chips) 
ThomaSs223: posts small blind $0.02
HubertusB: posts big blind $0.05
*** HOLE CARDS ***
Dealt to HubertusB [3d 4c]
hojen666: folds 
derak488: folds 
przemyslaw35: folds 
kukkertje: raises $0.10 to $0.15
ThomaSs223: folds 
HubertusB: folds 
Uncalled bet ($0.10) returned to kukkertje
kukkertje collected $0.12 from pot
kukkertje: doesn't show hand 
*** SUMMARY ***
Total pot $0.12 | Rake $0 
Seat 1: kukkertje (button) collected ($0.12)
Seat 2: ThomaSs223 (small blind) folded before Flop
Seat 3: HubertusB (big blind) folded before Flop
Seat 4: hojen666 folded before Flop (didn't bet)
Seat 5: derak488 folded before Flop (didn't bet)
Seat 6: przemyslaw35 folded before Flop (didn't bet)



PokerStars Zoom Hand #186643512633:  Hold'em No Limit ($0.02/$0.05) - 2018/05/20 20:21:20 CCT [2018/05/20 8:21:20 ET]
Table 'Donati' 6-max Seat #1 is the button
Seat 1: ali3nt0mmy ($6.90 in chips) 
Seat 2: SereGka228 ($5.66 in chips) 
Seat 3: Agno$tic ($9.09 in chips) 
Seat 4: Ezhewika ($1.52 in chips) 
Seat 5: Chinga4kuk ($5 in chips) 
Seat 6: HubertusB ($4.26 in chips) 
SereGka228: posts small blind $0.02
Agno$tic: posts big blind $0.05
*** HOLE CARDS ***
Dealt to HubertusB [6d 9d]
Ezhewika: folds 
Chinga4kuk: folds 
HubertusB: folds 
ali3nt0mmy: folds 
SereGka228: folds 
Uncalled bet ($0.03) returned to Agno$tic
Agno$tic collected $0.04 from pot
Agno$tic: doesn't show hand 
*** SUMMARY ***
Total pot $0.04 | Rake $0 
Seat 1: ali3nt0mmy (button) folded before Flop (didn't bet)
Seat 2: SereGka228 (small blind) folded before Flop
Seat 3: Agno$tic (big blind) collected ($0.04)
Seat 4: Ezhewika folded before Flop (didn't bet)
Seat 5: Chinga4kuk folded before Flop (didn't bet)
Seat 6: HubertusB folded before Flop (didn't bet)



PokerStars Zoom Hand #186643500946:  Hold'em No Limit ($0.02/$0.05) - 2018/05/20 20:20:56 CCT [2018/05/20 8:20:56 ET]
Table 'Donati' 6-max Seat #1 is the button
Seat 1: Boba1888 ($9.56 in chips) 
Seat 2: cazzzwell ($5 in chips) 
Seat 3: sport300184 ($5.36 in chips) 
Seat 4: HubertusB ($4.33 in chips) 
Seat 5: kingreigns ($5.71 in chips) 
Seat 6: Farad84 ($5.74 in chips) 
cazzzwell: posts small blind $0.02
sport300184: posts big blind $0.05
*** HOLE CARDS ***
Dealt to HubertusB [Ac 5s]
HubertusB: folds 
kingreigns: folds 
Farad84: folds 
Boba1888: folds 
cazzzwell: raises $0.07 to $0.12
sport300184: calls $0.07
*** FLOP *** [Js Ks 9h]
cazzzwell: checks 
sport300184: bets $0.12
cazzzwell: calls $0.12
*** TURN *** [Js Ks 9h] [6d]
cazzzwell: checks 
sport300184: bets $0.23
cazzzwell: folds 
Uncalled bet ($0.23) returned to sport300184
sport300184 collected $0.46 from pot
sport300184: doesn't show hand 
*** SUMMARY ***
Total pot $0.48 | Rake $0.02 
Board [Js Ks 9h 6d]
Seat 1: Boba1888 (button) folded before Flop (didn't bet)
Seat 2: cazzzwell (small blind) folded on the Turn
Seat 3: sport300184 (big blind) collected ($0.46)
Seat 4: HubertusB folded before Flop (didn't bet)
Seat 5: kingreigns folded before Flop (didn't bet)
Seat 6: Farad84 folded before Flop (didn't bet)



PokerStars Zoom Hand #186643515610:  Hold'em No Limit ($0.02/$0.05) - 2018/05/20 20:21:26 CCT [2018/05/20 8:21:26 ET]
Table 'Donati' 6-max Seat #1 is the button
Seat 1: DUDUKA81 ($5.04 in chips) 
Seat 2: kagurasiori ($9.06 in chips) 
Seat 3: Florea2312 ($5.40 in chips) 
Seat 4: erhan001111 ($5.54 in chips) 
Seat 5: HubertusB ($4.26 in chips) 
Seat 6: rothe11 ($5.31 in chips) 
kagurasiori: posts small blind $0.02
Florea2312: posts big blind $0.05
*** HOLE CARDS ***
Dealt to HubertusB [Ts 6h]
erhan001111: raises $0.15 to $0.20
HubertusB: folds 
rothe11: folds 
DUDUKA81: folds 
kagurasiori: folds 
Florea2312: folds 
Uncalled bet ($0.15) returned to erhan001111
erhan001111 collected $0.12 from pot
erhan001111: doesn't show hand 
*** SUMMARY ***
Total pot $0.12 | Rake $0 
Seat 1: DUDUKA81 (button) folded before Flop (didn't bet)
Seat 2: kagurasiori (small blind) folded before Flop
Seat 3: Florea2312 (big blind) folded before Flop
Seat 4: erhan001111 collected ($0.12)
Seat 5: HubertusB folded before Flop (didn't bet)
Seat 6: rothe11 folded before Flop (didn't bet)



PokerStars Zoom Hand #186643517997:  Hold'em No Limit ($0.02/$0.05) - 2018/05/20 20:21:31 CCT [2018/05/20 8:21:31 ET]
Table 'Donati' 6-max Seat #1 is the button
Seat 1: HubertusB ($4.26 in chips) 
Seat 2: nadezda61 ($5.24 in chips) 
Seat 3: andrzej4fun ($5 in chips) 
Seat 4: Tsundere ($5.50 in chips) 
Seat 5: Shamaxxx ($5.05 in chips) 
Seat 6: Danil548 ($4.78 in chips) 
nadezda61: posts small blind $0.02
andrzej4fun: posts big blind $0.05
*** HOLE CARDS ***
Dealt to HubertusB [Th Ks]
Tsundere: folds 
Shamaxxx: folds 
Danil548: folds 
HubertusB: folds 
nadezda61: folds 
Uncalled bet ($0.03) returned to andrzej4fun
andrzej4fun collected $0.04 from pot
andrzej4fun: doesn't show hand 
*** SUMMARY ***
Total pot $0.04 | Rake $0 
Seat 1: HubertusB (button) folded before Flop (didn't bet)
Seat 2: nadezda61 (small blind) folded before Flop
Seat 3: andrzej4fun (big blind) collected ($0.04)
Seat 4: Tsundere folded before Flop (didn't bet)
Seat 5: Shamaxxx folded before Flop (didn't bet)
Seat 6: Danil548 folded before Flop (didn't bet)



PokerStars Zoom Hand #186643520460:  Hold'em No Limit ($0.02/$0.05) - 2018/05/20 20:21:36 CCT [2018/05/20 8:21:36 ET]
Table 'Donati' 6-max Seat #1 is the button
Seat 1: Savavlad97 ($5.50 in chips) 
Seat 2: ThomaSs223 ($9.47 in chips) 
Seat 3: HubertusB ($4.26 in chips) 
Seat 4: wujaszek ($4.37 in chips) 
Seat 5: VLSALT ($5.18 in chips) 
Seat 6: Reece1985 ($8.03 in chips) 
ThomaSs223: posts small blind $0.02
HubertusB: posts big blind $0.05
*** HOLE CARDS ***
Dealt to HubertusB [5h Js]
wujaszek: folds 
VLSALT: folds 
Reece1985: folds 
Savavlad97: raises $0.07 to $0.12
ThomaSs223: folds 
HubertusB: folds 
Uncalled bet ($0.07) returned to Savavlad97
Savavlad97 collected $0.12 from pot
Savavlad97: doesn't show hand 
*** SUMMARY ***
Total pot $0.12 | Rake $0 
Seat 1: Savavlad97 (button) collected ($0.12)
Seat 2: ThomaSs223 (small blind) folded before Flop
Seat 3: HubertusB (big blind) folded before Flop
Seat 4: wujaszek folded before Flop (didn't bet)
Seat 5: VLSALT folded before Flop (didn't bet)
Seat 6: Reece1985 folded before Flop (didn't bet)



PokerStars Zoom Hand #186643527798:  Hold'em No Limit ($0.02/$0.05) - 2018/05/20 20:21:51 CCT [2018/05/20 8:21:51 ET]
Table 'Donati' 6-max Seat #1 is the button
Seat 1: offuca ($5 in chips) 
Seat 2: Cadu_171 ($7.17 in chips) 
Seat 3: valmihai37 ($4.25 in chips) 
Seat 4: HubertusB ($4.21 in chips) 
Seat 5: aDYTKINa ($5 in chips) 
Seat 6: FelixZyl ($12.14 in chips) 
Cadu_171: posts small blind $0.02
valmihai37: posts big blind $0.05
*** HOLE CARDS ***
Dealt to HubertusB [6h 8s]
HubertusB: folds 
aDYTKINa: folds 
FelixZyl: folds 
offuca: raises $0.07 to $0.12
Cadu_171: folds 
valmihai37: folds 
Uncalled bet ($0.07) returned to offuca
offuca collected $0.12 from pot
offuca: doesn't show hand 
*** SUMMARY ***
Total pot $0.12 | Rake $0 
Seat 1: offuca (button) collected ($0.12)
Seat 2: Cadu_171 (small blind) folded before Flop
Seat 3: valmihai37 (big blind) folded before Flop
Seat 4: HubertusB folded before Flop (didn't bet)
Seat 5: aDYTKINa folded before Flop (didn't bet)
Seat 6: FelixZyl folded before Flop (didn't bet)



PokerStars Zoom Hand #186643538200:  Hold'em No Limit ($0.02/$0.05) - 2018/05/20 20:22:12 CCT [2018/05/20 8:22:12 ET]
Table 'Donati' 6-max Seat #1 is the button
Seat 1: NICooLIN333 ($12.49 in chips) 
Seat 2: HubertusB ($4.21 in chips) 
Seat 3: luka1981good ($5.63 in chips) 
Seat 4: zoom123321 ($2.43 in chips) 
Seat 5: TehPokeHerer ($5 in chips) 
Seat 6: Staz893 ($8.41 in chips) 
HubertusB: posts small blind $0.02
luka1981good: posts big blind $0.05
*** HOLE CARDS ***
Dealt to HubertusB [2h 9d]
zoom123321: folds 
TehPokeHerer: folds 
Staz893: folds 
NICooLIN333: folds 
HubertusB: folds 
Uncalled bet ($0.03) returned to luka1981good
luka1981good collected $0.04 from pot
luka1981good: doesn't show hand 
*** SUMMARY ***
Total pot $0.04 | Rake $0 
Seat 1: NICooLIN333 (button) folded before Flop (didn't bet)
Seat 2: HubertusB (small blind) folded before Flop
Seat 3: luka1981good (big blind) collected ($0.04)
Seat 4: zoom123321 folded before Flop (didn't bet)
Seat 5: TehPokeHerer folded before Flop (didn't bet)
Seat 6: Staz893 folded before Flop (didn't bet)



PokerStars Zoom Hand #186643534704:  Hold'em No Limit ($0.02/$0.05) - 2018/05/20 20:22:05 CCT [2018/05/20 8:22:05 ET]
Table 'Donati' 6-max Seat #1 is the button
Seat 1: VLSALT ($5.13 in chips) 
Seat 2: llKAMA3ll ($6.37 in chips) 
Seat 3: kukkertje ($14.39 in chips) 
Seat 4: bidipro ($9.38 in chips) 
Seat 5: HubertusB ($4.21 in chips) 
Seat 6: RasNestah ($7.06 in chips) 
llKAMA3ll: posts small blind $0.02
kukkertje: posts big blind $0.05
*** HOLE CARDS ***
Dealt to HubertusB [Td Ks]
bidipro: folds 
HubertusB: folds 
RasNestah: folds 
VLSALT: folds 
llKAMA3ll: raises $0.05 to $0.10
kukkertje: raises $0.22 to $0.32
llKAMA3ll: calls $0.22
*** FLOP *** [7c 6d Qh]
llKAMA3ll: bets $0.20
kukkertje: folds 
Uncalled bet ($0.20) returned to llKAMA3ll
llKAMA3ll collected $0.61 from pot
llKAMA3ll: doesn't show hand 
*** SUMMARY ***
Total pot $0.64 | Rake $0.03 
Board [7c 6d Qh]
Seat 1: VLSALT (button) folded before Flop (didn't bet)
Seat 2: llKAMA3ll (small blind) collected ($0.61)
Seat 3: kukkertje (big blind) folded on the Flop
Seat 4: bidipro folded before Flop (didn't bet)
Seat 5: HubertusB folded before Flop (didn't bet)
Seat 6: RasNestah folded before Flop (didn't bet)



PokerStars Zoom Hand #186643544606:  Hold'em No Limit ($0.02/$0.05) - 2018/05/20 20:22:25 CCT [2018/05/20 8:22:25 ET]
Table 'Donati' 6-max Seat #1 is the button
Seat 1: HubertusB ($4.19 in chips) 
Seat 2: kingreigns ($8.74 in chips) 
Seat 3: g8m3yst3er ($5 in chips) 
Seat 4: Adventuros ($4.06 in chips) 
Seat 5: Reshalo.fish ($4.04 in chips) 
Seat 6: Reece1985 ($5.12 in chips) 
kingreigns: posts small blind $0.02
g8m3yst3er: posts big blind $0.05
*** HOLE CARDS ***
Dealt to HubertusB [Ac Ts]
Adventuros: folds 
Reshalo.fish: folds 
Reece1985: folds 
HubertusB: raises $0.05 to $0.10
kingreigns: folds 
g8m3yst3er: calls $0.05
*** FLOP *** [8h Qd Ad]
g8m3yst3er: checks 
HubertusB: bets $0.10
g8m3yst3er: raises $0.29 to $0.39
HubertusB: calls $0.29
*** TURN *** [8h Qd Ad] [4s]
g8m3yst3er: bets $0.67
HubertusB: calls $0.67
*** RIVER *** [8h Qd Ad 4s] [Qc]
g8m3yst3er: checks 
HubertusB: bets $2.25
g8m3yst3er: folds 
Uncalled bet ($2.25) returned to HubertusB
HubertusB collected $2.24 from pot
HubertusB: doesn't show hand 
*** SUMMARY ***
Total pot $2.34 | Rake $0.10 
Board [8h Qd Ad 4s Qc]
Seat 1: HubertusB (button) collected ($2.24)
Seat 2: kingreigns (small blind) folded before Flop
Seat 3: g8m3yst3er (big blind) folded on the River
Seat 4: Adventuros folded before Flop (didn't bet)
Seat 5: Reshalo.fish folded before Flop (didn't bet)
Seat 6: Reece1985 folded before Flop (didn't bet)



PokerStars Zoom Hand #186643570347:  Hold'em No Limit ($0.02/$0.05) - 2018/05/20 20:23:17 CCT [2018/05/20 8:23:17 ET]
Table 'Donati' 6-max Seat #1 is the button
Seat 1: serge87100 ($5.22 in chips) 
Seat 2: kukkertje ($14 in chips) 
Seat 3: 111si@v@111 ($4.65 in chips) 
Seat 4: DUDUKA81 ($5.48 in chips) 
Seat 5: zwetok ($13.19 in chips) 
Seat 6: HubertusB ($5.27 in chips) 
kukkertje: posts small blind $0.02
111si@v@111: posts big blind $0.05
*** HOLE CARDS ***
Dealt to HubertusB [Qh Tc]
DUDUKA81: folds 
zwetok: raises $0.06 to $0.11
HubertusB: folds 
serge87100: folds 
kukkertje: folds 
111si@v@111: folds 
Uncalled bet ($0.06) returned to zwetok
zwetok collected $0.12 from pot
zwetok: doesn't show hand 
*** SUMMARY ***
Total pot $0.12 | Rake $0 
Seat 1: serge87100 (button) folded before Flop (didn't bet)
Seat 2: kukkertje (small blind) folded before Flop
Seat 3: 111si@v@111 (big blind) folded before Flop
Seat 4: DUDUKA81 folded before Flop (didn't bet)
Seat 5: zwetok collected ($0.12)
Seat 6: HubertusB folded before Flop (didn't bet)



PokerStars Zoom Hand #186643573734:  Hold'em No Limit ($0.02/$0.05) - 2018/05/20 20:23:24 CCT [2018/05/20 8:23:24 ET]
Table 'Donati' 6-max Seat #1 is the button
Seat 1: kittennose ($6.40 in chips) 
Seat 2: olleyzell ($4.69 in chips) 
Seat 3: nightm71 ($5.85 in chips) 
Seat 4: HubertusB ($5.27 in chips) 
Seat 5: Daemon'sKiss ($9.79 in chips) 
Seat 6: slob43.ru ($7.47 in chips) 
olleyzell: posts small blind $0.02
nightm71: posts big blind $0.05
*** HOLE CARDS ***
Dealt to HubertusB [7s 4c]
HubertusB: folds 
Daemon'sKiss: folds 
slob43.ru: folds 
kittennose: folds 
olleyzell: folds 
Uncalled bet ($0.03) returned to nightm71
nightm71 collected $0.04 from pot
nightm71: doesn't show hand 
*** SUMMARY ***
Total pot $0.04 | Rake $0 
Seat 1: kittennose (button) folded before Flop (didn't bet)
Seat 2: olleyzell (small blind) folded before Flop
Seat 3: nightm71 (big blind) collected ($0.04)
Seat 4: HubertusB folded before Flop (didn't bet)
Seat 5: Daemon'sKiss folded before Flop (didn't bet)
Seat 6: slob43.ru folded before Flop (didn't bet)



PokerStars Zoom Hand #186643576624:  Hold'em No Limit ($0.02/$0.05) - 2018/05/20 20:23:30 CCT [2018/05/20 8:23:30 ET]
Table 'Donati' 6-max Seat #1 is the button
Seat 1: jaanis1983 ($5.33 in chips) 
Seat 2: serge87100 ($5 in chips) 
Seat 3: HubertusB ($5.27 in chips) 
Seat 4: 111si@v@111 ($5.05 in chips) 
Seat 5: Alex_Glevaha ($3.62 in chips) 
Seat 6: vizes8as ($4.05 in chips) 
serge87100: posts small blind $0.02
HubertusB: posts big blind $0.05
*** HOLE CARDS ***
Dealt to HubertusB [6h 4d]
111si@v@111: folds 
Alex_Glevaha: folds 
vizes8as: folds 
jaanis1983: folds 
serge87100: raises $0.07 to $0.12
HubertusB: folds 
Uncalled bet ($0.07) returned to serge87100
serge87100 collected $0.10 from pot
serge87100: doesn't show hand 
*** SUMMARY ***
Total pot $0.10 | Rake $0 
Seat 1: jaanis1983 (button) folded before Flop (didn't bet)
Seat 2: serge87100 (small blind) collected ($0.10)
Seat 3: HubertusB (big blind) folded before Flop
Seat 4: 111si@v@111 folded before Flop (didn't bet)
Seat 5: Alex_Glevaha folded before Flop (didn't bet)
Seat 6: vizes8as folded before Flop (didn't bet)



PokerStars Zoom Hand #186643582044:  Hold'em No Limit ($0.02/$0.05) - 2018/05/20 20:23:41 CCT [2018/05/20 8:23:41 ET]
Table 'Donati' 6-max Seat #1 is the button
Seat 1: barbos2009 ($21.42 in chips) 
Seat 2: HubertusB ($5.22 in chips) 
Seat 3: Adventuros ($3.81 in chips) 
Seat 4: CallMeBunny ($6.08 in chips) 
Seat 5: Papa_Prey ($5.22 in chips) 
Seat 6: Janski90 ($10.64 in chips) 
HubertusB: posts small blind $0.02
Adventuros: posts big blind $0.05
*** HOLE CARDS ***
Dealt to HubertusB [4s 7d]
CallMeBunny: folds 
Papa_Prey: folds 
Janski90: folds 
barbos2009: folds 
HubertusB: folds 
Uncalled bet ($0.03) returned to Adventuros
Adventuros collected $0.04 from pot
Adventuros: doesn't show hand 
*** SUMMARY ***
Total pot $0.04 | Rake $0 
Seat 1: barbos2009 (button) folded before Flop (didn't bet)
Seat 2: HubertusB (small blind) folded before Flop
Seat 3: Adventuros (big blind) collected ($0.04)
Seat 4: CallMeBunny folded before Flop (didn't bet)
Seat 5: Papa_Prey folded before Flop (didn't bet)
Seat 6: Janski90 folded before Flop (didn't bet)



PokerStars Zoom Hand #186643585439:  Hold'em No Limit ($0.02/$0.05) - 2018/05/20 20:23:48 CCT [2018/05/20 8:23:48 ET]
Table 'Donati' 6-max Seat #1 is the button
Seat 1: Kirikulu ($5 in chips) 
Seat 2: VLSALT ($5.23 in chips) 
Seat 3: Papa_Prey ($5.20 in chips) 
Seat 4: Wolvy128 ($5 in chips) 
Seat 5: ChubakaIII ($5 in chips) 
Seat 6: HubertusB ($5.20 in chips) 
VLSALT: posts small blind $0.02
Papa_Prey: posts big blind $0.05
*** HOLE CARDS ***
Dealt to HubertusB [8d 9c]
Wolvy128: raises $0.10 to $0.15
ChubakaIII: folds 
HubertusB: folds 
Kirikulu: folds 
VLSALT: folds 
Papa_Prey: folds 
Uncalled bet ($0.10) returned to Wolvy128
Wolvy128 collected $0.12 from pot
Wolvy128: doesn't show hand 
*** SUMMARY ***
Total pot $0.12 | Rake $0 
Seat 1: Kirikulu (button) folded before Flop (didn't bet)
Seat 2: VLSALT (small blind) folded before Flop
Seat 3: Papa_Prey (big blind) folded before Flop
Seat 4: Wolvy128 collected ($0.12)
Seat 5: ChubakaIII folded before Flop (didn't bet)
Seat 6: HubertusB folded before Flop (didn't bet)



PokerStars Zoom Hand #186643588392:  Hold'em No Limit ($0.02/$0.05) - 2018/05/20 20:23:54 CCT [2018/05/20 8:23:54 ET]
Table 'Donati' 6-max Seat #1 is the button
Seat 1: HubertusB ($5.20 in chips) 
Seat 2: Arrenea ($8.59 in chips) 
Seat 3: DUDUKA81 ($5 in chips) 
Seat 4: ChubakaIII ($5 in chips) 
Seat 5: bigazzz67 ($7.39 in chips) 
Seat 6: prm4life ($4.99 in chips) 
Arrenea: posts small blind $0.02
DUDUKA81: posts big blind $0.05
*** HOLE CARDS ***
Dealt to HubertusB [Tc 9s]
ChubakaIII: raises $0.10 to $0.15
bigazzz67: folds 
prm4life: folds 
HubertusB: folds 
Arrenea: folds 
DUDUKA81: folds 
Uncalled bet ($0.10) returned to ChubakaIII
ChubakaIII collected $0.12 from pot
ChubakaIII: doesn't show hand 
*** SUMMARY ***
Total pot $0.12 | Rake $0 
Seat 1: HubertusB (button) folded before Flop (didn't bet)
Seat 2: Arrenea (small blind) folded before Flop
Seat 3: DUDUKA81 (big blind) folded before Flop
Seat 4: ChubakaIII collected ($0.12)
Seat 5: bigazzz67 folded before Flop (didn't bet)
Seat 6: prm4life folded before Flop (didn't bet)



PokerStars Zoom Hand #186643593355:  Hold'em No Limit ($0.02/$0.05) - 2018/05/20 20:24:04 CCT [2018/05/20 8:24:04 ET]
Table 'Donati' 6-max Seat #1 is the button
Seat 1: zwetok ($5.09 in chips) 
Seat 2: E_Aldar500 ($6.13 in chips) 
Seat 3: TheN@kedGun ($6.31 in chips) 
Seat 4: Marian V. 31 ($5.70 in chips) 
Seat 5: c0nscience ($6.24 in chips) 
Seat 6: HubertusB ($5.20 in chips) 
E_Aldar500: posts small blind $0.02
TheN@kedGun: posts big blind $0.05
*** HOLE CARDS ***
Dealt to HubertusB [9h As]
Marian V. 31: folds 
c0nscience: folds 
HubertusB: folds 
zwetok: folds 
E_Aldar500: folds 
Uncalled bet ($0.03) returned to TheN@kedGun
TheN@kedGun collected $0.04 from pot
TheN@kedGun: doesn't show hand 
*** SUMMARY ***
Total pot $0.04 | Rake $0 
Seat 1: zwetok (button) folded before Flop (didn't bet)
Seat 2: E_Aldar500 (small blind) folded before Flop
Seat 3: TheN@kedGun (big blind) collected ($0.04)
Seat 4: Marian V. 31 folded before Flop (didn't bet)
Seat 5: c0nscience folded before Flop (didn't bet)
Seat 6: HubertusB folded before Flop (didn't bet)



PokerStars Zoom Hand #186643596723:  Hold'em No Limit ($0.02/$0.05) - 2018/05/20 20:24:11 CCT [2018/05/20 8:24:11 ET]
Table 'Donati' 6-max Seat #1 is the button
Seat 1: Shamaxxx ($7.35 in chips) 
Seat 2: Savavlad97 ($9.97 in chips) 
Seat 3: HubertusB ($5.20 in chips) 
Seat 4: olivier070 ($5.59 in chips) 
Seat 5: Marian V. 31 ($5.21 in chips) 
Seat 6: Gissbon ($5 in chips) 
Savavlad97: posts small blind $0.02
HubertusB: posts big blind $0.05
*** HOLE CARDS ***
Dealt to HubertusB [5d 3c]
olivier070: folds 
Marian V. 31: folds 
Gissbon: folds 
Shamaxxx: folds 
Savavlad97: raises $0.07 to $0.12
HubertusB: folds 
Uncalled bet ($0.07) returned to Savavlad97
Savavlad97 collected $0.10 from pot
Savavlad97: doesn't show hand 
*** SUMMARY ***
Total pot $0.10 | Rake $0 
Seat 1: Shamaxxx (button) folded before Flop (didn't bet)
Seat 2: Savavlad97 (small blind) collected ($0.10)
Seat 3: HubertusB (big blind) folded before Flop
Seat 4: olivier070 folded before Flop (didn't bet)
Seat 5: Marian V. 31 folded before Flop (didn't bet)
Seat 6: Gissbon folded before Flop (didn't bet)



PokerStars Zoom Hand #186643605100:  Hold'em No Limit ($0.02/$0.05) - 2018/05/20 20:24:28 CCT [2018/05/20 8:24:28 ET]
Table 'Donati' 6-max Seat #1 is the button
Seat 1: iKiiiLL4fun ($17.92 in chips) 
Seat 2: HubertusB ($5.15 in chips) 
Seat 3: ferenc1946 ($5.32 in chips) 
Seat 4: mamel7777 ($9.44 in chips) 
Seat 5: saha555 ($8.09 in chips) 
Seat 6: kukkertje ($6.57 in chips) 
HubertusB: posts small blind $0.02
ferenc1946: posts big blind $0.05
*** HOLE CARDS ***
Dealt to HubertusB [Js Jc]
mamel7777: folds 
saha555: folds 
kukkertje: folds 
iKiiiLL4fun: raises $0.07 to $0.12
HubertusB: raises $0.33 to $0.45
ferenc1946: folds 
iKiiiLL4fun: folds 
Uncalled bet ($0.33) returned to HubertusB
HubertusB collected $0.29 from pot
HubertusB: doesn't show hand 
*** SUMMARY ***
Total pot $0.29 | Rake $0 
Seat 1: iKiiiLL4fun (button) folded before Flop
Seat 2: HubertusB (small blind) collected ($0.29)
Seat 3: ferenc1946 (big blind) folded before Flop
Seat 4: mamel7777 folded before Flop (didn't bet)
Seat 5: saha555 folded before Flop (didn't bet)
Seat 6: kukkertje folded before Flop (didn't bet)



PokerStars Zoom Hand #186643590914:  Hold'em No Limit ($0.02/$0.05) - 2018/05/20 20:23:59 CCT [2018/05/20 8:23:59 ET]
Table 'Donati' 6-max Seat #1 is the button
Seat 1: LuckyBBastar ($13.72 in chips) 
Seat 2: haqpod ($5.02 in chips) 
Seat 3: TOMEF1CHA ($7.37 in chips) 
Seat 4: wujaszek ($4.54 in chips) 
Seat 5: HubertusB ($5.20 in chips) 
Seat 6: ChubakaIII ($5 in chips) 
haqpod: posts small blind $0.02
TOMEF1CHA: posts big blind $0.05
*** HOLE CARDS ***
Dealt to HubertusB [5s 9s]
wujaszek: raises $0.10 to $0.15
HubertusB: folds 
ChubakaIII: calls $0.15
LuckyBBastar: folds 
haqpod: folds 
TOMEF1CHA: folds 
*** FLOP *** [3s 6h 8s]
wujaszek: checks 
ChubakaIII: bets $0.20
wujaszek: raises $0.50 to $0.70
ChubakaIII: folds 
Uncalled bet ($0.50) returned to wujaszek
wujaszek collected $0.74 from pot
wujaszek: doesn't show hand 
*** SUMMARY ***
Total pot $0.77 | Rake $0.03 
Board [3s 6h 8s]
Seat 1: LuckyBBastar (button) folded before Flop (didn't bet)
Seat 2: haqpod (small blind) folded before Flop
Seat 3: TOMEF1CHA (big blind) folded before Flop
Seat 4: wujaszek collected ($0.74)
Seat 5: HubertusB folded before Flop (didn't bet)
Seat 6: ChubakaIII folded on the Flop



PokerStars Zoom Hand #186643623392:  Hold'em No Limit ($0.02/$0.05) - 2018/05/20 20:25:05 CCT [2018/05/20 8:25:05 ET]
Table 'Donati' 6-max Seat #1 is the button
Seat 1: Danil548 ($4.26 in chips) 
Seat 2: ilynskiy ($5.74 in chips) 
Seat 3: LingPro ($6.88 in chips) 
Seat 4: wujaszek ($4.93 in chips) 
Seat 5: HubertusB ($5.32 in chips) 
Seat 6: CallMeBunny ($3.93 in chips) 
ilynskiy: posts small blind $0.02
LingPro: posts big blind $0.05
*** HOLE CARDS ***
Dealt to HubertusB [Jh 6s]
wujaszek: folds 
HubertusB: folds 
CallMeBunny: folds 
Danil548: folds 
ilynskiy: folds 
Uncalled bet ($0.03) returned to LingPro
LingPro collected $0.04 from pot
LingPro: doesn't show hand 
*** SUMMARY ***
Total pot $0.04 | Rake $0 
Seat 1: Danil548 (button) folded before Flop (didn't bet)
Seat 2: ilynskiy (small blind) folded before Flop
Seat 3: LingPro (big blind) collected ($0.04)
Seat 4: wujaszek folded before Flop (didn't bet)
Seat 5: HubertusB folded before Flop (didn't bet)
Seat 6: CallMeBunny folded before Flop (didn't bet)



PokerStars Zoom Hand #186643628279:  Hold'em No Limit ($0.02/$0.05) - 2018/05/20 20:25:15 CCT [2018/05/20 8:25:15 ET]
Table 'Donati' 6-max Seat #1 is the button
Seat 1: HubertusB ($5.32 in chips) 
Seat 2: ChubakaIII ($5 in chips) 
Seat 3: PM17Lev ($6.53 in chips) 
Seat 4: Wolvy128 ($5.05 in chips) 
Seat 5: minimus777 ($2.49 in chips) 
Seat 6: Zheka-Alaei ($5 in chips) 
ChubakaIII: posts small blind $0.02
PM17Lev: posts big blind $0.05
*** HOLE CARDS ***
Dealt to HubertusB [Js 8s]
Wolvy128: folds 
minimus777: folds 
Zheka-Alaei: folds 
HubertusB: raises $0.10 to $0.15
ChubakaIII: folds 
PM17Lev: raises $0.15 to $0.30
HubertusB: calls $0.15
*** FLOP *** [5h 9d 4d]
PM17Lev: bets $0.42
HubertusB: folds 
Uncalled bet ($0.42) returned to PM17Lev
PM17Lev collected $0.59 from pot
PM17Lev: doesn't show hand 
*** SUMMARY ***
Total pot $0.62 | Rake $0.03 
Board [5h 9d 4d]
Seat 1: HubertusB (button) folded on the Flop
Seat 2: ChubakaIII (small blind) folded before Flop
Seat 3: PM17Lev (big blind) collected ($0.59)
Seat 4: Wolvy128 folded before Flop (didn't bet)
Seat 5: minimus777 folded before Flop (didn't bet)
Seat 6: Zheka-Alaei folded before Flop (didn't bet)



PokerStars Zoom Hand #186643640619:  Hold'em No Limit ($0.02/$0.05) - 2018/05/20 20:25:40 CCT [2018/05/20 8:25:40 ET]
Table 'Donati' 6-max Seat #1 is the button
Seat 1: ilynskiy ($2.85 in chips) 
Seat 2: OMGURGOOD ($4.95 in chips) 
Seat 3: PM17Lev ($5.89 in chips) 
Seat 4: haqpod ($8.39 in chips) 
Seat 5: HubertusB ($5.02 in chips) 
Seat 6: Adventuros ($3.42 in chips) 
OMGURGOOD: posts small blind $0.02
PM17Lev: posts big blind $0.05
*** HOLE CARDS ***
Dealt to HubertusB [2c 3s]
haqpod: folds 
HubertusB: folds 
Adventuros: folds 
ilynskiy: folds 
OMGURGOOD: folds 
Uncalled bet ($0.03) returned to PM17Lev
PM17Lev collected $0.04 from pot
PM17Lev: doesn't show hand 
*** SUMMARY ***
Total pot $0.04 | Rake $0 
Seat 1: ilynskiy (button) folded before Flop (didn't bet)
Seat 2: OMGURGOOD (small blind) folded before Flop
Seat 3: PM17Lev (big blind) collected ($0.04)
Seat 4: haqpod folded before Flop (didn't bet)
Seat 5: HubertusB folded before Flop (didn't bet)
Seat 6: Adventuros folded before Flop (didn't bet)



PokerStars Zoom Hand #186643645529:  Hold'em No Limit ($0.02/$0.05) - 2018/05/20 20:25:50 CCT [2018/05/20 8:25:50 ET]
Table 'Donati' 6-max Seat #1 is the button
Seat 1: BoryaNight ($4.28 in chips) 
Seat 2: KAMSHULER ($5.02 in chips) 
Seat 3: HubertusB ($5 in chips) 
Seat 4: d.kach24 ($5.97 in chips) 
Seat 5: OMGURGOOD ($4.93 in chips) 
Seat 6: kayck07 ($19.94 in chips) 
KAMSHULER: posts small blind $0.02
HubertusB: posts big blind $0.05
*** HOLE CARDS ***
Dealt to HubertusB [Ks 9c]
d.kach24: folds 
OMGURGOOD: folds 
kayck07: folds 
BoryaNight: folds 
KAMSHULER: folds 
Uncalled bet ($0.03) returned to HubertusB
HubertusB collected $0.04 from pot
HubertusB: doesn't show hand 
*** SUMMARY ***
Total pot $0.04 | Rake $0 
Seat 1: BoryaNight (button) folded before Flop (didn't bet)
Seat 2: KAMSHULER (small blind) folded before Flop
Seat 3: HubertusB (big blind) collected ($0.04)
Seat 4: d.kach24 folded before Flop (didn't bet)
Seat 5: OMGURGOOD folded before Flop (didn't bet)
Seat 6: kayck07 folded before Flop (didn't bet)



PokerStars Zoom Hand #186643625896:  Hold'em No Limit ($0.02/$0.05) - 2018/05/20 20:25:10 CCT [2018/05/20 8:25:10 ET]
Table 'Donati' 6-max Seat #1 is the button
Seat 1: legitspade12 ($3.31 in chips) 
Seat 2: OsloVest ($5.07 in chips) 
Seat 3: SereGka228 ($5.65 in chips) 
Seat 4: HubertusB ($5.32 in chips) 
Seat 5: Faied123 ($7.17 in chips) 
Seat 6: Omicron333 ($6.64 in chips) 
OsloVest: posts small blind $0.02
SereGka228: posts big blind $0.05
*** HOLE CARDS ***
Dealt to HubertusB [As Td]
HubertusB: folds 
Faied123: folds 
Omicron333: folds 
legitspade12: raises $0.07 to $0.12
OsloVest: calls $0.10
SereGka228: folds 
*** FLOP *** [Kd 9h 7d]
OsloVest: checks 
legitspade12: checks 
*** TURN *** [Kd 9h 7d] [2s]
OsloVest: bets $0.14
legitspade12: calls $0.14
*** RIVER *** [Kd 9h 7d 2s] [Kc]
OsloVest: bets $0.43
legitspade12: calls $0.43
*** SHOW DOWN ***
OsloVest: shows [Ts Ks] (three of a kind, Kings)
legitspade12: mucks hand 
OsloVest collected $1.37 from pot
*** SUMMARY ***
Total pot $1.43 | Rake $0.06 
Board [Kd 9h 7d 2s Kc]
Seat 1: legitspade12 (button) mucked [3d 3s]
Seat 2: OsloVest (small blind) showed [Ts Ks] and won ($1.37) with three of a kind, Kings
Seat 3: SereGka228 (big blind) folded before Flop
Seat 4: HubertusB folded before Flop (didn't bet)
Seat 5: Faied123 folded before Flop (didn't bet)
Seat 6: Omicron333 folded before Flop (didn't bet)



PokerStars Zoom Hand #186643651834:  Hold'em No Limit ($0.02/$0.05) - 2018/05/20 20:26:03 CCT [2018/05/20 8:26:03 ET]
Table 'Donati' 6-max Seat #1 is the button
Seat 1: ThomaSs223 ($9.13 in chips) 
Seat 2: CapoEU ($5.24 in chips) 
Seat 3: prm4life ($5.42 in chips) 
Seat 4: lasyboy999 ($9.18 in chips) 
Seat 5: Gissbon ($5.36 in chips) 
Seat 6: HubertusB ($5.02 in chips) 
CapoEU: posts small blind $0.02
prm4life: posts big blind $0.05
*** HOLE CARDS ***
Dealt to HubertusB [8c 4d]
lasyboy999: folds 
Gissbon: folds 
HubertusB: folds 
ThomaSs223: raises $0.07 to $0.12
CapoEU: folds 
prm4life: raises $0.33 to $0.45
ThomaSs223: folds 
Uncalled bet ($0.33) returned to prm4life
prm4life collected $0.26 from pot
prm4life: doesn't show hand 
*** SUMMARY ***
Total pot $0.26 | Rake $0 
Seat 1: ThomaSs223 (button) folded before Flop
Seat 2: CapoEU (small blind) folded before Flop
Seat 3: prm4life (big blind) collected ($0.26)
Seat 4: lasyboy999 folded before Flop (didn't bet)
Seat 5: Gissbon folded before Flop (didn't bet)
Seat 6: HubertusB folded before Flop (didn't bet)



PokerStars Zoom Hand #186643642999:  Hold'em No Limit ($0.02/$0.05) - 2018/05/20 20:25:45 CCT [2018/05/20 8:25:45 ET]
Table 'Donati' 6-max Seat #1 is the button
Seat 1: alebomos ($5.26 in chips) 
Seat 2: HubertusB ($5.02 in chips) 
Seat 3: Goosich ($5.20 in chips) 
Seat 4: chips010 ($5.99 in chips) 
Seat 5: VLSALT ($5.85 in chips) 
Seat 6: serge87100 ($5.07 in chips) 
HubertusB: posts small blind $0.02
Goosich: posts big blind $0.05
*** HOLE CARDS ***
Dealt to HubertusB [2c 3d]
chips010: calls $0.05
VLSALT: folds 
serge87100: raises $0.15 to $0.20
alebomos: folds 
HubertusB: folds 
Goosich: folds 
chips010: calls $0.15
*** FLOP *** [Qd 3s Kc]
chips010: checks 
serge87100: bets $0.30
chips010: calls $0.30
*** TURN *** [Qd 3s Kc] [9s]
chips010: checks 
serge87100: checks 
*** RIVER *** [Qd 3s Kc 9s] [6c]
chips010: checks 
serge87100: checks 
*** SHOW DOWN ***
chips010: shows [Ts Ks] (a pair of Kings)
serge87100: mucks hand 
chips010 collected $1.03 from pot
*** SUMMARY ***
Total pot $1.07 | Rake $0.04 
Board [Qd 3s Kc 9s 6c]
Seat 1: alebomos (button) folded before Flop (didn't bet)
Seat 2: HubertusB (small blind) folded before Flop
Seat 3: Goosich (big blind) folded before Flop
Seat 4: chips010 showed [Ts Ks] and won ($1.03) with a pair of Kings
Seat 5: VLSALT folded before Flop (didn't bet)
Seat 6: serge87100 mucked [Ad Td]



PokerStars Zoom Hand #186643654703:  Hold'em No Limit ($0.02/$0.05) - 2018/05/20 20:26:09 CCT [2018/05/20 8:26:09 ET]
Table 'Donati' 6-max Seat #1 is the button
Seat 1: ANANATOR ($5.21 in chips) 
Seat 2: ANN11061962 ($3.85 in chips) 
Seat 3: squ33z3r ($5.07 in chips) 
Seat 4: HubertusB ($5.02 in chips) 
Seat 5: PM17Lev ($5.89 in chips) 
Seat 6: nightm71 ($5.67 in chips) 
ANN11061962: posts small blind $0.02
squ33z3r: posts big blind $0.05
*** HOLE CARDS ***
Dealt to HubertusB [Ks 2s]
HubertusB: folds 
PM17Lev: raises $0.07 to $0.12
nightm71: folds 
ANANATOR: folds 
ANN11061962: folds 
squ33z3r: folds 
Uncalled bet ($0.07) returned to PM17Lev
PM17Lev collected $0.12 from pot
PM17Lev: doesn't show hand 
*** SUMMARY ***
Total pot $0.12 | Rake $0 
Seat 1: ANANATOR (button) folded before Flop (didn't bet)
Seat 2: ANN11061962 (small blind) folded before Flop
Seat 3: squ33z3r (big blind) folded before Flop
Seat 4: HubertusB folded before Flop (didn't bet)
Seat 5: PM17Lev collected ($0.12)
Seat 6: nightm71 folded before Flop (didn't bet)



PokerStars Zoom Hand #186643660127:  Hold'em No Limit ($0.02/$0.05) - 2018/05/20 20:26:20 CCT [2018/05/20 8:26:20 ET]
Table 'Donati' 6-max Seat #1 is the button
Seat 1: cazro 77 ($5 in chips) 
Seat 2: Mr.Nuttts ($5 in chips) 
Seat 3: dejii ($5.70 in chips) 
Seat 4: kingreigns ($5.35 in chips) 
Seat 5: AKKbank ($8.29 in chips) 
Seat 6: HubertusB ($5.02 in chips) 
Mr.Nuttts: posts small blind $0.02
dejii: posts big blind $0.05
*** HOLE CARDS ***
Dealt to HubertusB [Js 5s]
kingreigns: folds 
AKKbank: folds 
HubertusB: folds 
cazro 77: raises $0.10 to $0.15
Mr.Nuttts: folds 
dejii: folds 
Uncalled bet ($0.10) returned to cazro 77
cazro 77 collected $0.12 from pot
cazro 77: doesn't show hand 
*** SUMMARY ***
Total pot $0.12 | Rake $0 
Seat 1: cazro 77 (button) collected ($0.12)
Seat 2: Mr.Nuttts (small blind) folded before Flop
Seat 3: dejii (big blind) folded before Flop
Seat 4: kingreigns folded before Flop (didn't bet)
Seat 5: AKKbank folded before Flop (didn't bet)
Seat 6: HubertusB folded before Flop (didn't bet)



PokerStars Zoom Hand #186643662561:  Hold'em No Limit ($0.02/$0.05) - 2018/05/20 20:26:25 CCT [2018/05/20 8:26:25 ET]
Table 'Donati' 6-max Seat #1 is the button
Seat 1: LingPro ($7.12 in chips) 
Seat 2: HubertusB ($5.02 in chips) 
Seat 3: Raman KK. ($7.20 in chips) 
Seat 4: selko1 ($8.42 in chips) 
Seat 5: ilynskiy ($2.78 in chips) 
Seat 6: Wolvy128 ($4.98 in chips) 
HubertusB: posts small blind $0.02
Raman KK.: posts big blind $0.05
*** HOLE CARDS ***
Dealt to HubertusB [Ad Jd]
selko1: folds 
ilynskiy: folds 
Wolvy128: folds 
LingPro: raises $0.07 to $0.12
HubertusB: raises $0.33 to $0.45
Raman KK.: folds 
LingPro: calls $0.33
*** FLOP *** [5d 4h As]
HubertusB: bets $0.50
LingPro: folds 
Uncalled bet ($0.50) returned to HubertusB
HubertusB collected $0.91 from pot
HubertusB: doesn't show hand 
*** SUMMARY ***
Total pot $0.95 | Rake $0.04 
Board [5d 4h As]
Seat 1: LingPro (button) folded on the Flop
Seat 2: HubertusB (small blind) collected ($0.91)
Seat 3: Raman KK. (big blind) folded before Flop
Seat 4: selko1 folded before Flop (didn't bet)
Seat 5: ilynskiy folded before Flop (didn't bet)
Seat 6: Wolvy128 folded before Flop (didn't bet)



PokerStars Zoom Hand #186643657660:  Hold'em No Limit ($0.02/$0.05) - 2018/05/20 20:26:15 CCT [2018/05/20 8:26:15 ET]
Table 'Donati' 6-max Seat #1 is the button
Seat 1: HubertusB ($5.02 in chips) 
Seat 2: Omicron333 ($12.72 in chips) 
Seat 3: gievit ($14.48 in chips) 
Seat 4: tt1210tt ($7.08 in chips) 
Seat 5: prm4life ($5.68 in chips) 
Seat 6: SereGka228 ($5.55 in chips) 
Omicron333: posts small blind $0.02
gievit: posts big blind $0.05
*** HOLE CARDS ***
Dealt to HubertusB [2d Ac]
tt1210tt: folds 
prm4life: folds 
SereGka228: folds 
HubertusB: folds 
Omicron333: raises $0.13 to $0.18
gievit: calls $0.13
*** FLOP *** [8d 4d 6c]
Omicron333: bets $0.26
gievit: calls $0.26
*** TURN *** [8d 4d 6c] [Td]
Omicron333: checks 
gievit: bets $0.56
Omicron333: calls $0.56
*** RIVER *** [8d 4d 6c Td] [Kh]
Omicron333: checks 
gievit: bets $1.28
Omicron333: folds 
Uncalled bet ($1.28) returned to gievit
gievit collected $1.92 from pot
gievit: doesn't show hand 
*** SUMMARY ***
Total pot $2 | Rake $0.08 
Board [8d 4d 6c Td Kh]
Seat 1: HubertusB (button) folded before Flop (didn't bet)
Seat 2: Omicron333 (small blind) folded on the River
Seat 3: gievit (big blind) collected ($1.92)
Seat 4: tt1210tt folded before Flop (didn't bet)
Seat 5: prm4life folded before Flop (didn't bet)
Seat 6: SereGka228 folded before Flop (didn't bet)



PokerStars Zoom Hand #186643679881:  Hold'em No Limit ($0.02/$0.05) - 2018/05/20 20:27:00 CCT [2018/05/20 8:27:00 ET]
Table 'Donati' 6-max Seat #1 is the button
Seat 1: DarkKnajt ($5 in chips) 
Seat 2: 1ANTEK ($22.54 in chips) 
Seat 3: HubertusB ($5.48 in chips) 
Seat 4: cinno811 ($4.03 in chips) 
Seat 5: Papa_Prey ($9.03 in chips) 
Seat 6: kukkertje ($5 in chips) 
1ANTEK: posts small blind $0.02
HubertusB: posts big blind $0.05
*** HOLE CARDS ***
Dealt to HubertusB [4c Qc]
cinno811: folds 
Papa_Prey: folds 
kukkertje: folds 
DarkKnajt: raises $0.07 to $0.12
1ANTEK: folds 
HubertusB: folds 
Uncalled bet ($0.07) returned to DarkKnajt
DarkKnajt collected $0.12 from pot
DarkKnajt: doesn't show hand 
*** SUMMARY ***
Total pot $0.12 | Rake $0 
Seat 1: DarkKnajt (button) collected ($0.12)
Seat 2: 1ANTEK (small blind) folded before Flop
Seat 3: HubertusB (big blind) folded before Flop
Seat 4: cinno811 folded before Flop (didn't bet)
Seat 5: Papa_Prey folded before Flop (didn't bet)
Seat 6: kukkertje folded before Flop (didn't bet)



PokerStars Zoom Hand #186643674991:  Hold'em No Limit ($0.02/$0.05) - 2018/05/20 20:26:50 CCT [2018/05/20 8:26:50 ET]
Table 'Donati' 6-max Seat #1 is the button
Seat 1: zwetok ($5 in chips) 
Seat 2: maxgild85 ($5 in chips) 
Seat 3: ilynskiy ($2.91 in chips) 
Seat 4: HubertusB ($5.48 in chips) 
Seat 5: mama$0104 ($5.08 in chips) 
Seat 6: barbos2009 ($20.51 in chips) 
maxgild85: posts small blind $0.02
ilynskiy: posts big blind $0.05
*** HOLE CARDS ***
Dealt to HubertusB [Js 4s]
HubertusB: folds 
mama$0104: raises $0.05 to $0.10
barbos2009: calls $0.10
zwetok: folds 
maxgild85: raises $0.35 to $0.45
ilynskiy: folds 
mama$0104: folds 
barbos2009: folds 
Uncalled bet ($0.35) returned to maxgild85
maxgild85 collected $0.35 from pot
maxgild85: doesn't show hand 
*** SUMMARY ***
Total pot $0.35 | Rake $0 
Seat 1: zwetok (button) folded before Flop (didn't bet)
Seat 2: maxgild85 (small blind) collected ($0.35)
Seat 3: ilynskiy (big blind) folded before Flop
Seat 4: HubertusB folded before Flop (didn't bet)
Seat 5: mama$0104 folded before Flop
Seat 6: barbos2009 folded before Flop



PokerStars Zoom Hand #186643686007:  Hold'em No Limit ($0.02/$0.05) - 2018/05/20 20:27:12 CCT [2018/05/20 8:27:12 ET]
Table 'Donati' 6-max Seat #1 is the button
Seat 1: HubertusB ($5.43 in chips) 
Seat 2: Zheka-Alaei ($6.52 in chips) 
Seat 3: Faied123 ($6.96 in chips) 
Seat 4: mamel7777 ($12.75 in chips) 
Seat 5: 1ANTEK ($22.52 in chips) 
Seat 6: logp_1954 ($3.46 in chips) 
Zheka-Alaei: posts small blind $0.02
Faied123: posts big blind $0.05
*** HOLE CARDS ***
Dealt to HubertusB [Ac Ah]
mamel7777: folds 
1ANTEK: raises $0.10 to $0.15
logp_1954: folds 
HubertusB: raises $0.35 to $0.50
Zheka-Alaei: folds 
Faied123: folds 
1ANTEK: calls $0.35
*** FLOP *** [6h 4d Js]
1ANTEK: bets $0.55
HubertusB: raises $1.45 to $2
1ANTEK: raises $2.52 to $4.52
HubertusB: raises $0.41 to $4.93 and is all-in
1ANTEK: calls $0.41
*** TURN *** [6h 4d Js] [Tc]
*** RIVER *** [6h 4d Js Tc] [9c]
*** SHOW DOWN ***
1ANTEK: shows [Kh Kd] (a pair of Kings)
HubertusB: shows [Ac Ah] (a pair of Aces)
HubertusB collected $10.48 from pot
*** SUMMARY ***
Total pot $10.93 | Rake $0.45 
Board [6h 4d Js Tc 9c]
Seat 1: HubertusB (button) showed [Ac Ah] and won ($10.48) with a pair of Aces
Seat 2: Zheka-Alaei (small blind) folded before Flop
Seat 3: Faied123 (big blind) folded before Flop
Seat 4: mamel7777 folded before Flop (didn't bet)
Seat 5: 1ANTEK showed [Kh Kd] and lost with a pair of Kings
Seat 6: logp_1954 folded before Flop (didn't bet)



PokerStars Zoom Hand #186643711859:  Hold'em No Limit ($0.02/$0.05) - 2018/05/20 20:28:05 CCT [2018/05/20 8:28:05 ET]
Table 'Donati' 6-max Seat #1 is the button
Seat 1: wraJke ($11 in chips) 
Seat 2: PM17Lev ($9.80 in chips) 
Seat 3: minimus777 ($2.86 in chips) 
Seat 4: Gigike2222 ($3.54 in chips) 
Seat 5: HubertusB ($10.48 in chips) 
Seat 6: nadezda61 ($4.21 in chips) 
PM17Lev: posts small blind $0.02
minimus777: posts big blind $0.05
*** HOLE CARDS ***
Dealt to HubertusB [Jh Qs]
Gigike2222: folds 
HubertusB: raises $0.05 to $0.10
nadezda61: calls $0.10
wraJke: folds 
PM17Lev: folds 
minimus777: folds 
*** FLOP *** [4d 2h 6s]
HubertusB: checks 
nadezda61: checks 
*** TURN *** [4d 2h 6s] [5c]
HubertusB: checks 
nadezda61: checks 
*** RIVER *** [4d 2h 6s 5c] [3d]
HubertusB: checks 
nadezda61: bets $0.26
HubertusB: calls $0.26
*** SHOW DOWN ***
nadezda61: shows [9s Qh] (a straight, Deuce to Six)
HubertusB: shows [Jh Qs] (a straight, Deuce to Six)
HubertusB collected $0.38 from pot
nadezda61 collected $0.38 from pot
*** SUMMARY ***
Total pot $0.79 | Rake $0.03 
Board [4d 2h 6s 5c 3d]
Seat 1: wraJke (button) folded before Flop (didn't bet)
Seat 2: PM17Lev (small blind) folded before Flop
Seat 3: minimus777 (big blind) folded before Flop
Seat 4: Gigike2222 folded before Flop (didn't bet)
Seat 5: HubertusB showed [Jh Qs] and won ($0.38) with a straight, Deuce to Six
Seat 6: nadezda61 showed [9s Qh] and won ($0.38) with a straight, Deuce to Six



PokerStars Zoom Hand #186643725675:  Hold'em No Limit ($0.02/$0.05) - 2018/05/20 20:28:33 CCT [2018/05/20 8:28:33 ET]
Table 'Donati' 6-max Seat #1 is the button
Seat 1: acehigh19730 ($5.02 in chips) 
Seat 2: OsloVest ($5.84 in chips) 
Seat 3: HubertusB ($10.50 in chips) 
Seat 4: sec31915197 ($5.44 in chips) 
Seat 5: kittennose ($6.09 in chips) 
Seat 6: Ka4ibuk@ ($5.68 in chips) 
OsloVest: posts small blind $0.02
HubertusB: posts big blind $0.05
*** HOLE CARDS ***
Dealt to HubertusB [Qs Ad]
sec31915197: folds 
kittennose: folds 
Ka4ibuk@: folds 
acehigh19730: folds 
OsloVest: raises $0.10 to $0.15
HubertusB: raises $0.30 to $0.45
OsloVest: folds 
Uncalled bet ($0.30) returned to HubertusB
HubertusB collected $0.30 from pot
HubertusB: doesn't show hand 
*** SUMMARY ***
Total pot $0.30 | Rake $0 
Seat 1: acehigh19730 (button) folded before Flop (didn't bet)
Seat 2: OsloVest (small blind) folded before Flop
Seat 3: HubertusB (big blind) collected ($0.30)
Seat 4: sec31915197 folded before Flop (didn't bet)
Seat 5: kittennose folded before Flop (didn't bet)
Seat 6: Ka4ibuk@ folded before Flop (didn't bet)



PokerStars Zoom Hand #186643743860:  Hold'em No Limit ($0.02/$0.05) - 2018/05/20 20:29:10 CCT [2018/05/20 8:29:10 ET]
Table 'Donati' 6-max Seat #1 is the button
Seat 1: Oscar__62176 ($6.55 in chips) 
Seat 2: shevv1727 ($4.44 in chips) 
Seat 3: LingPro ($6.25 in chips) 
Seat 4: Zheka-Alaei ($6.41 in chips) 
Seat 5: HubertusB ($10.63 in chips) 
Seat 6: zapzarap@patent ($5.29 in chips) 
shevv1727: posts small blind $0.02
LingPro: posts big blind $0.05
*** HOLE CARDS ***
Dealt to HubertusB [Jc 3c]
Zheka-Alaei: folds 
HubertusB: folds 
zapzarap@patent: folds 
Oscar__62176: folds 
shevv1727: raises $0.10 to $0.15
LingPro: folds 
Uncalled bet ($0.10) returned to shevv1727
shevv1727 collected $0.10 from pot
shevv1727: doesn't show hand 
*** SUMMARY ***
Total pot $0.10 | Rake $0 
Seat 1: Oscar__62176 (button) folded before Flop (didn't bet)
Seat 2: shevv1727 (small blind) collected ($0.10)
Seat 3: LingPro (big blind) folded before Flop
Seat 4: Zheka-Alaei folded before Flop (didn't bet)
Seat 5: HubertusB folded before Flop (didn't bet)
Seat 6: zapzarap@patent folded before Flop (didn't bet)



PokerStars Zoom Hand #186643736567:  Hold'em No Limit ($0.02/$0.05) - 2018/05/20 20:28:55 CCT [2018/05/20 8:28:55 ET]
Table 'Donati' 6-max Seat #1 is the button
Seat 1: iKiiiLL4fun ($6.01 in chips) 
Seat 2: whatineedis ($5.63 in chips) 
Seat 3: Marian V. 31 ($5 in chips) 
Seat 4: HubertusB ($10.65 in chips) 
Seat 5: Leopoldia ($2.31 in chips) 
Seat 6: Rio918 ($5.19 in chips) 
whatineedis: posts small blind $0.02
Marian V. 31: posts big blind $0.05
*** HOLE CARDS ***
Dealt to HubertusB [7h 4d]
HubertusB: folds 
Leopoldia: folds 
Rio918: folds 
iKiiiLL4fun: folds 
whatineedis: folds 
Uncalled bet ($0.03) returned to Marian V. 31
Marian V. 31 collected $0.04 from pot
Marian V. 31: doesn't show hand 
*** SUMMARY ***
Total pot $0.04 | Rake $0 
Seat 1: iKiiiLL4fun (button) folded before Flop (didn't bet)
Seat 2: whatineedis (small blind) folded before Flop
Seat 3: Marian V. 31 (big blind) collected ($0.04)
Seat 4: HubertusB folded before Flop (didn't bet)
Seat 5: Leopoldia folded before Flop (didn't bet)
Seat 6: Rio918 folded before Flop (didn't bet)



PokerStars Zoom Hand #186643739052:  Hold'em No Limit ($0.02/$0.05) - 2018/05/20 20:29:00 CCT [2018/05/20 8:29:00 ET]
Table 'Donati' 6-max Seat #1 is the button
Seat 1: Janski90 ($5.02 in chips) 
Seat 2: HubertusB ($10.65 in chips) 
Seat 3: Cadu_171 ($6.99 in chips) 
Seat 4: tomo808 ($12.26 in chips) 
Seat 5: 1ANTEK ($15.64 in chips) 
Seat 6: klon2311 ($7.20 in chips) 
HubertusB: posts small blind $0.02
Cadu_171: posts big blind $0.05
*** HOLE CARDS ***
Dealt to HubertusB [7c 8s]
tomo808: folds 
1ANTEK: raises $0.10 to $0.15
klon2311: folds 
Janski90: calls $0.15
HubertusB: folds 
Cadu_171: folds 
*** FLOP *** [8c Jc Th]
1ANTEK: bets $0.18
Janski90: calls $0.18
*** TURN *** [8c Jc Th] [Js]
1ANTEK: bets $0.35
Janski90: calls $0.35
*** RIVER *** [8c Jc Th Js] [2d]
1ANTEK: checks 
Janski90: checks 
*** SHOW DOWN ***
1ANTEK: shows [Kc Qc] (a pair of Jacks)
Janski90: shows [Td Qd] (two pair, Jacks and Tens)
Janski90 collected $1.37 from pot
*** SUMMARY ***
Total pot $1.43 | Rake $0.06 
Board [8c Jc Th Js 2d]
Seat 1: Janski90 (button) showed [Td Qd] and won ($1.37) with two pair, Jacks and Tens
Seat 2: HubertusB (small blind) folded before Flop
Seat 3: Cadu_171 (big blind) folded before Flop
Seat 4: tomo808 folded before Flop (didn't bet)
Seat 5: 1ANTEK showed [Kc Qc] and lost with a pair of Jacks
Seat 6: klon2311 folded before Flop (didn't bet)



PokerStars Zoom Hand #186643748437:  Hold'em No Limit ($0.02/$0.05) - 2018/05/20 20:29:19 CCT [2018/05/20 8:29:19 ET]
Table 'Donati' 6-max Seat #1 is the button
Seat 1: Mr. Belvit ($5.57 in chips) 
Seat 2: NaomiLou14 ($11.32 in chips) 
Seat 3: maxgild85 ($5.07 in chips) 
Seat 4: cazro 77 ($5.62 in chips) 
Seat 5: HubertusB ($10.63 in chips) 
Seat 6: chep73 ($21.92 in chips) 
NaomiLou14: posts small blind $0.02
maxgild85: posts big blind $0.05
*** HOLE CARDS ***
Dealt to HubertusB [Ts Td]
cazro 77: folds 
HubertusB: raises $0.10 to $0.15
chep73: folds 
Mr. Belvit: folds 
NaomiLou14: folds 
maxgild85: folds 
Uncalled bet ($0.10) returned to HubertusB
HubertusB collected $0.12 from pot
HubertusB: doesn't show hand 
*** SUMMARY ***
Total pot $0.12 | Rake $0 
Seat 1: Mr. Belvit (button) folded before Flop (didn't bet)
Seat 2: NaomiLou14 (small blind) folded before Flop
Seat 3: maxgild85 (big blind) folded before Flop
Seat 4: cazro 77 folded before Flop (didn't bet)
Seat 5: HubertusB collected ($0.12)
Seat 6: chep73 folded before Flop (didn't bet)



PokerStars Zoom Hand #186643758328:  Hold'em No Limit ($0.02/$0.05) - 2018/05/20 20:29:39 CCT [2018/05/20 8:29:39 ET]
Table 'Donati' 6-max Seat #1 is the button
Seat 1: mama$0104 ($4.83 in chips) 
Seat 2: gosumortiz ($5 in chips) 
Seat 3: HubertusB ($10.70 in chips) 
Seat 4: Roryy3 ($6.27 in chips) 
Seat 5: VLSALT ($5.09 in chips) 
Seat 6: iKiiiLL4fun ($17.78 in chips) 
gosumortiz: posts small blind $0.02
HubertusB: posts big blind $0.05
*** HOLE CARDS ***
Dealt to HubertusB [4s 8s]
Roryy3: folds 
VLSALT: folds 
iKiiiLL4fun: folds 
mama$0104: folds 
gosumortiz: folds 
Uncalled bet ($0.03) returned to HubertusB
HubertusB collected $0.04 from pot
HubertusB: doesn't show hand 
*** SUMMARY ***
Total pot $0.04 | Rake $0 
Seat 1: mama$0104 (button) folded before Flop (didn't bet)
Seat 2: gosumortiz (small blind) folded before Flop
Seat 3: HubertusB (big blind) collected ($0.04)
Seat 4: Roryy3 folded before Flop (didn't bet)
Seat 5: VLSALT folded before Flop (didn't bet)
Seat 6: iKiiiLL4fun folded before Flop (didn't bet)



PokerStars Zoom Hand #186643741476:  Hold'em No Limit ($0.02/$0.05) - 2018/05/20 20:29:05 CCT [2018/05/20 8:29:05 ET]
Table 'Donati' 6-max Seat #1 is the button
Seat 1: Staz893 ($8.29 in chips) 
Seat 2: M4il4o ($10.67 in chips) 
Seat 3: NICooLIN333 ($11.92 in chips) 
Seat 4: vandapov ($8.97 in chips) 
Seat 5: hojen666 ($5.21 in chips) 
Seat 6: HubertusB ($10.63 in chips) 
M4il4o: posts small blind $0.02
NICooLIN333: posts big blind $0.05
*** HOLE CARDS ***
Dealt to HubertusB [7c Js]
vandapov: calls $0.05
hojen666: folds 
HubertusB: folds 
Staz893: folds 
M4il4o: folds 
NICooLIN333: checks 
*** FLOP *** [3s 9s 5d]
NICooLIN333: checks 
vandapov: checks 
*** TURN *** [3s 9s 5d] [4d]
NICooLIN333: checks 
vandapov: checks 
*** RIVER *** [3s 9s 5d 4d] [9c]
NICooLIN333: checks 
vandapov: checks 
*** SHOW DOWN ***
NICooLIN333: shows [Ah 4c] (two pair, Nines and Fours)
vandapov: mucks hand 
NICooLIN333 collected $0.12 from pot
*** SUMMARY ***
Total pot $0.12 | Rake $0 
Board [3s 9s 5d 4d 9c]
Seat 1: Staz893 (button) folded before Flop (didn't bet)
Seat 2: M4il4o (small blind) folded before Flop
Seat 3: NICooLIN333 (big blind) showed [Ah 4c] and won ($0.12) with two pair, Nines and Fours
Seat 4: vandapov mucked [Ac Qd]
Seat 5: hojen666 folded before Flop (didn't bet)
Seat 6: HubertusB folded before Flop (didn't bet)



PokerStars Zoom Hand #186643745820:  Hold'em No Limit ($0.02/$0.05) - 2018/05/20 20:29:14 CCT [2018/05/20 8:29:14 ET]
Table 'Donati' 6-max Seat #1 is the button
Seat 1: HubertusB ($10.63 in chips) 
Seat 2: rymaal ($4.13 in chips) 
Seat 3: Blackhare ($5 in chips) 
Seat 4: denizzz113 ($1.75 in chips) 
Seat 5: crazyside.nl ($8.02 in chips) 
Seat 6: MAGE%CARDS ($8.57 in chips) 
rymaal: posts small blind $0.02
Blackhare: posts big blind $0.05
*** HOLE CARDS ***
Dealt to HubertusB [Tc 3h]
denizzz113: folds 
crazyside.nl: folds 
MAGE%CARDS: raises $0.10 to $0.15
HubertusB: folds 
rymaal: folds 
Blackhare: calls $0.10
*** FLOP *** [Td Jc 4h]
Blackhare: checks 
MAGE%CARDS: bets $0.15
Blackhare: calls $0.15
*** TURN *** [Td Jc 4h] [Ah]
Blackhare: checks 
MAGE%CARDS: bets $0.41
Blackhare: calls $0.41
*** RIVER *** [Td Jc 4h Ah] [6h]
Blackhare: checks 
MAGE%CARDS: bets $0.69
Blackhare: calls $0.69
*** SHOW DOWN ***
MAGE%CARDS: shows [4d 4c] (three of a kind, Fours)
Blackhare: mucks hand 
MAGE%CARDS collected $2.70 from pot
*** SUMMARY ***
Total pot $2.82 | Rake $0.12 
Board [Td Jc 4h Ah 6h]
Seat 1: HubertusB (button) folded before Flop (didn't bet)
Seat 2: rymaal (small blind) folded before Flop
Seat 3: Blackhare (big blind) mucked [Ac Qs]
Seat 4: denizzz113 folded before Flop (didn't bet)
Seat 5: crazyside.nl folded before Flop (didn't bet)
Seat 6: MAGE%CARDS showed [4d 4c] and won ($2.70) with three of a kind, Fours



PokerStars Zoom Hand #186643764217:  Hold'em No Limit ($0.02/$0.05) - 2018/05/20 20:29:51 CCT [2018/05/20 8:29:51 ET]
Table 'Donati' 6-max Seat #1 is the button
Seat 1: mama$0104 ($4.85 in chips) 
Seat 2: HubertusB ($10.72 in chips) 
Seat 3: Viking218 ($3.29 in chips) 
Seat 4: amx16 ($5 in chips) 
Seat 5: maxgild85 ($5.64 in chips) 
Seat 6: VLSALT ($5.07 in chips) 
HubertusB: posts small blind $0.02
Viking218: posts big blind $0.05
*** HOLE CARDS ***
Dealt to HubertusB [3c 5h]
amx16: folds 
maxgild85: folds 
VLSALT: folds 
mama$0104: folds 
HubertusB: folds 
Uncalled bet ($0.03) returned to Viking218
Viking218 collected $0.04 from pot
Viking218: doesn't show hand 
*** SUMMARY ***
Total pot $0.04 | Rake $0 
Seat 1: mama$0104 (button) folded before Flop (didn't bet)
Seat 2: HubertusB (small blind) folded before Flop
Seat 3: Viking218 (big blind) collected ($0.04)
Seat 4: amx16 folded before Flop (didn't bet)
Seat 5: maxgild85 folded before Flop (didn't bet)
Seat 6: VLSALT folded before Flop (didn't bet)



PokerStars Zoom Hand #186643766748:  Hold'em No Limit ($0.02/$0.05) - 2018/05/20 20:29:56 CCT [2018/05/20 8:29:56 ET]
Table 'Donati' 6-max Seat #1 is the button
Seat 1: c0nscience ($5 in chips) 
Seat 2: logp_1954 ($4.29 in chips) 
Seat 3: derak488 ($5.44 in chips) 
Seat 4: HubertusB ($10.70 in chips) 
Seat 5: TOMEF1CHA ($7.88 in chips) 
Seat 6: offuca ($5 in chips) 
logp_1954: posts small blind $0.02
derak488: posts big blind $0.05
*** HOLE CARDS ***
Dealt to HubertusB [Qc 6s]
HubertusB: folds 
TOMEF1CHA: folds 
offuca: folds 
c0nscience: folds 
logp_1954: folds 
Uncalled bet ($0.03) returned to derak488
derak488 collected $0.04 from pot
derak488: doesn't show hand 
*** SUMMARY ***
Total pot $0.04 | Rake $0 
Seat 1: c0nscience (button) folded before Flop (didn't bet)
Seat 2: logp_1954 (small blind) folded before Flop
Seat 3: derak488 (big blind) collected ($0.04)
Seat 4: HubertusB folded before Flop (didn't bet)
Seat 5: TOMEF1CHA folded before Flop (didn't bet)
Seat 6: offuca folded before Flop (didn't bet)



PokerStars Zoom Hand #186643769214:  Hold'em No Limit ($0.02/$0.05) - 2018/05/20 20:30:01 CCT [2018/05/20 8:30:01 ET]
Table 'Donati' 6-max Seat #1 is the button
Seat 1: kukkertje ($5 in chips) 
Seat 2: Warrendown ($5 in chips) 
Seat 3: qwer96_PS ($5.12 in chips) 
Seat 4: kayck07 ($8.57 in chips) 
Seat 5: Omicron333 ($7.18 in chips) 
Seat 6: HubertusB ($10.70 in chips) 
Warrendown: posts small blind $0.02
qwer96_PS: posts big blind $0.05
*** HOLE CARDS ***
Dealt to HubertusB [6c 2s]
kayck07: folds 
Omicron333: folds 
HubertusB: folds 
kukkertje: folds 
Warrendown: folds 
Uncalled bet ($0.03) returned to qwer96_PS
qwer96_PS collected $0.04 from pot
qwer96_PS: doesn't show hand 
*** SUMMARY ***
Total pot $0.04 | Rake $0 
Seat 1: kukkertje (button) folded before Flop (didn't bet)
Seat 2: Warrendown (small blind) folded before Flop
Seat 3: qwer96_PS (big blind) collected ($0.04)
Seat 4: kayck07 folded before Flop (didn't bet)
Seat 5: Omicron333 folded before Flop (didn't bet)
Seat 6: HubertusB folded before Flop (didn't bet)



PokerStars Zoom Hand #186643772710:  Hold'em No Limit ($0.02/$0.05) - 2018/05/20 20:30:08 CCT [2018/05/20 8:30:08 ET]
Table 'Donati' 6-max Seat #1 is the button
Seat 1: HubertusB ($10.70 in chips) 
Seat 2: PM17Lev ($7.21 in chips) 
Seat 3: Hunt3r.A.A. ($4.61 in chips) 
Seat 4: denizzz113 ($1.63 in chips) 
Seat 5: DDouble222 ($2.96 in chips) 
Seat 6: KAMSHULER ($5.10 in chips) 
PM17Lev: posts small blind $0.02
Hunt3r.A.A.: posts big blind $0.05
*** HOLE CARDS ***
Dealt to HubertusB [2d Ah]
denizzz113: folds 
DDouble222: folds 
KAMSHULER: folds 
HubertusB: folds 
PM17Lev: folds 
Uncalled bet ($0.03) returned to Hunt3r.A.A.
Hunt3r.A.A. collected $0.04 from pot
Hunt3r.A.A.: doesn't show hand 
*** SUMMARY ***
Total pot $0.04 | Rake $0 
Seat 1: HubertusB (button) folded before Flop (didn't bet)
Seat 2: PM17Lev (small blind) folded before Flop
Seat 3: Hunt3r.A.A. (big blind) collected ($0.04)
Seat 4: denizzz113 folded before Flop (didn't bet)
Seat 5: DDouble222 folded before Flop (didn't bet)
Seat 6: KAMSHULER folded before Flop (didn't bet)



PokerStars Zoom Hand #186643775799:  Hold'em No Limit ($0.02/$0.05) - 2018/05/20 20:30:14 CCT [2018/05/20 8:30:14 ET]
Table 'Donati' 6-max Seat #1 is the button
Seat 1: Daemon'sKiss ($7.07 in chips) 
Seat 2: Oscar__62176 ($5.52 in chips) 
Seat 3: Gigike2222 ($7.28 in chips) 
Seat 4: HubertusB ($10.70 in chips) 
Seat 5: InnusikM ($6.81 in chips) 
Seat 6: opopo0009 ($5.14 in chips) 
Oscar__62176: posts small blind $0.02
Gigike2222: posts big blind $0.05
*** HOLE CARDS ***
Dealt to HubertusB [2c 6h]
HubertusB: folds 
InnusikM: folds 
opopo0009: folds 
Daemon'sKiss: folds 
Oscar__62176: folds 
Uncalled bet ($0.03) returned to Gigike2222
Gigike2222 collected $0.04 from pot
Gigike2222: doesn't show hand 
*** SUMMARY ***
Total pot $0.04 | Rake $0 
Seat 1: Daemon'sKiss (button) folded before Flop (didn't bet)
Seat 2: Oscar__62176 (small blind) folded before Flop
Seat 3: Gigike2222 (big blind) collected ($0.04)
Seat 4: HubertusB folded before Flop (didn't bet)
Seat 5: InnusikM folded before Flop (didn't bet)
Seat 6: opopo0009 folded before Flop (didn't bet)



PokerStars Zoom Hand #186643778262:  Hold'em No Limit ($0.02/$0.05) - 2018/05/20 20:30:19 CCT [2018/05/20 8:30:19 ET]
Table 'Donati' 6-max Seat #1 is the button
Seat 1: thiusk ($5 in chips) 
Seat 2: msskmss ($6.98 in chips) 
Seat 3: VA-msk ($4.80 in chips) 
Seat 4: HubertusB ($10.70 in chips) 
Seat 5: Shwippin ($5.07 in chips) 
Seat 6: holdmepls ($4.08 in chips) 
msskmss: posts small blind $0.02
VA-msk: posts big blind $0.05
*** HOLE CARDS ***
Dealt to HubertusB [2c 9d]
HubertusB: folds 
Shwippin: raises $0.07 to $0.12
holdmepls: folds 
thiusk: folds 
msskmss: folds 
VA-msk: folds 
Uncalled bet ($0.07) returned to Shwippin
Shwippin collected $0.12 from pot
Shwippin: doesn't show hand 
*** SUMMARY ***
Total pot $0.12 | Rake $0 
Seat 1: thiusk (button) folded before Flop (didn't bet)
Seat 2: msskmss (small blind) folded before Flop
Seat 3: VA-msk (big blind) folded before Flop
Seat 4: HubertusB folded before Flop (didn't bet)
Seat 5: Shwippin collected ($0.12)
Seat 6: holdmepls folded before Flop (didn't bet)



PokerStars Zoom Hand #186643780746:  Hold'em No Limit ($0.02/$0.05) - 2018/05/20 20:30:24 CCT [2018/05/20 8:30:24 ET]
Table 'Donati' 6-max Seat #1 is the button
Seat 1: <Bogolal> ($7.12 in chips) 
Seat 2: iKiiiLL4fun ($17.71 in chips) 
Seat 3: HubertusB ($10.70 in chips) 
Seat 4: slob43.ru ($5.38 in chips) 
Seat 5: sec31915197 ($9.06 in chips) 
Seat 6: denizzz113 ($1.61 in chips) 
iKiiiLL4fun: posts small blind $0.02
HubertusB: posts big blind $0.05
*** HOLE CARDS ***
Dealt to HubertusB [3h 4d]
slob43.ru: folds 
sec31915197: folds 
denizzz113: raises $0.12 to $0.17
<Bogolal>: folds 
iKiiiLL4fun: folds 
HubertusB: folds 
Uncalled bet ($0.12) returned to denizzz113
denizzz113 collected $0.12 from pot
denizzz113: doesn't show hand 
*** SUMMARY ***
Total pot $0.12 | Rake $0 
Seat 1: <Bogolal> (button) folded before Flop (didn't bet)
Seat 2: iKiiiLL4fun (small blind) folded before Flop
Seat 3: HubertusB (big blind) folded before Flop
Seat 4: slob43.ru folded before Flop (didn't bet)
Seat 5: sec31915197 folded before Flop (didn't bet)
Seat 6: denizzz113 collected ($0.12)



PokerStars Zoom Hand #186643787841:  Hold'em No Limit ($0.02/$0.05) - 2018/05/20 20:30:38 CCT [2018/05/20 8:30:38 ET]
Table 'Donati' 6-max Seat #1 is the button
Seat 1: LingPro ($6.46 in chips) 
Seat 2: TopBlued ($7.36 in chips) 
Seat 3: MAGE%CARDS ($5 in chips) 
Seat 4: SereGka228 ($5 in chips) 
Seat 5: sedoi746 ($7.56 in chips) 
Seat 6: HubertusB ($10.63 in chips) 
TopBlued: posts small blind $0.02
MAGE%CARDS: posts big blind $0.05
*** HOLE CARDS ***
Dealt to HubertusB [4c Jh]
SereGka228: folds 
sedoi746: folds 
HubertusB: folds 
LingPro: folds 
TopBlued: folds 
Uncalled bet ($0.03) returned to MAGE%CARDS
MAGE%CARDS collected $0.04 from pot
MAGE%CARDS: doesn't show hand 
*** SUMMARY ***
Total pot $0.04 | Rake $0 
Seat 1: LingPro (button) folded before Flop (didn't bet)
Seat 2: TopBlued (small blind) folded before Flop
Seat 3: MAGE%CARDS (big blind) collected ($0.04)
Seat 4: SereGka228 folded before Flop (didn't bet)
Seat 5: sedoi746 folded before Flop (didn't bet)
Seat 6: HubertusB folded before Flop (didn't bet)



PokerStars Zoom Hand #186643791470:  Hold'em No Limit ($0.02/$0.05) - 2018/05/20 20:30:45 CCT [2018/05/20 8:30:45 ET]
Table 'Donati' 6-max Seat #1 is the button
Seat 1: HubertusB ($10.63 in chips) 
Seat 2: shevv1727 ($4.37 in chips) 
Seat 3: ConQuRoR25 ($1.83 in chips) 
Seat 4: haqpod ($5.14 in chips) 
Seat 5: Staz893 ($8 in chips) 
Seat 6: SereGka228 ($5 in chips) 
shevv1727: posts small blind $0.02
ConQuRoR25: posts big blind $0.05
*** HOLE CARDS ***
Dealt to HubertusB [6d 6h]
haqpod: folds 
Staz893: calls $0.05
SereGka228: folds 
HubertusB: raises $0.30 to $0.35
shevv1727: folds 
ConQuRoR25: folds 
Staz893: folds 
Uncalled bet ($0.30) returned to HubertusB
HubertusB collected $0.17 from pot
HubertusB: doesn't show hand 
*** SUMMARY ***
Total pot $0.17 | Rake $0 
Seat 1: HubertusB (button) collected ($0.17)
Seat 2: shevv1727 (small blind) folded before Flop
Seat 3: ConQuRoR25 (big blind) folded before Flop
Seat 4: haqpod folded before Flop (didn't bet)
Seat 5: Staz893 folded before Flop
Seat 6: SereGka228 folded before Flop (didn't bet)



PokerStars Zoom Hand #186643784919:  Hold'em No Limit ($0.02/$0.05) - 2018/05/20 20:30:32 CCT [2018/05/20 8:30:32 ET]
Table 'Donati' 6-max Seat #1 is the button
Seat 1: Bluffstar20 ($3.28 in chips) 
Seat 2: HubertusB ($10.65 in chips) 
Seat 3: Chinga4kuk ($5.40 in chips) 
Seat 4: lasyboy999 ($14.32 in chips) 
Seat 5: iKiiiLL4fun ($5.60 in chips) 
Seat 6: Janski90 ($10.64 in chips) 
HubertusB: posts small blind $0.02
Chinga4kuk: posts big blind $0.05
*** HOLE CARDS ***
Dealt to HubertusB [6c 7d]
lasyboy999: raises $0.10 to $0.15
iKiiiLL4fun: folds 
Janski90: calls $0.15
Bluffstar20: folds 
HubertusB: folds 
Chinga4kuk: folds 
*** FLOP *** [Jh 3c 3h]
lasyboy999: bets $0.15
Janski90: calls $0.15
*** TURN *** [Jh 3c 3h] [9s]
lasyboy999: checks 
Janski90: bets $0.25
lasyboy999: folds 
Uncalled bet ($0.25) returned to Janski90
Janski90 collected $0.64 from pot
Janski90: doesn't show hand 
*** SUMMARY ***
Total pot $0.67 | Rake $0.03 
Board [Jh 3c 3h 9s]
Seat 1: Bluffstar20 (button) folded before Flop (didn't bet)
Seat 2: HubertusB (small blind) folded before Flop
Seat 3: Chinga4kuk (big blind) folded before Flop
Seat 4: lasyboy999 folded on the Turn
Seat 5: iKiiiLL4fun folded before Flop (didn't bet)
Seat 6: Janski90 collected ($0.64)



PokerStars Zoom Hand #186643804353:  Hold'em No Limit ($0.02/$0.05) - 2018/05/20 20:31:11 CCT [2018/05/20 8:31:11 ET]
Table 'Donati' 6-max Seat #1 is the button
Seat 1: Rio918 ($5.48 in chips) 
Seat 2: NICooLIN333 ($5.47 in chips) 
Seat 3: iKiiiLL4fun ($5.72 in chips) 
Seat 4: Savavlad97 ($8.87 in chips) 
Seat 5: HubertusB ($10.75 in chips) 
Seat 6: Oscar__62176 ($5.42 in chips) 
NICooLIN333: posts small blind $0.02
iKiiiLL4fun: posts big blind $0.05
*** HOLE CARDS ***
Dealt to HubertusB [4d 2c]
Savavlad97: folds 
HubertusB: folds 
Oscar__62176: folds 
Rio918: folds 
NICooLIN333: raises $0.07 to $0.12
iKiiiLL4fun: folds 
Uncalled bet ($0.07) returned to NICooLIN333
NICooLIN333 collected $0.10 from pot
NICooLIN333: doesn't show hand 
*** SUMMARY ***
Total pot $0.10 | Rake $0 
Seat 1: Rio918 (button) folded before Flop (didn't bet)
Seat 2: NICooLIN333 (small blind) collected ($0.10)
Seat 3: iKiiiLL4fun (big blind) folded before Flop
Seat 4: Savavlad97 folded before Flop (didn't bet)
Seat 5: HubertusB folded before Flop (didn't bet)
Seat 6: Oscar__62176 folded before Flop (didn't bet)



PokerStars Zoom Hand #186643807375:  Hold'em No Limit ($0.02/$0.05) - 2018/05/20 20:31:17 CCT [2018/05/20 8:31:17 ET]
Table 'Donati' 6-max Seat #1 is the button
Seat 1: LuckyBBastar ($14.65 in chips) 
Seat 2: Gissbon ($5.89 in chips) 
Seat 3: HubertusB ($10.75 in chips) 
Seat 4: Omicron333 ($11.52 in chips) 
Seat 5: Lady.Lyck ($5.09 in chips) 
Seat 6: logp_1954 ($5.36 in chips) 
Gissbon: posts small blind $0.02
HubertusB: posts big blind $0.05
*** HOLE CARDS ***
Dealt to HubertusB [3h Kd]
Omicron333: raises $0.10 to $0.15
Lady.Lyck: folds 
logp_1954: calls $0.15
LuckyBBastar: folds 
Gissbon: folds 
HubertusB: folds 
*** FLOP *** [5d Jh Ad]
Omicron333: bets $0.24
logp_1954: calls $0.24
*** TURN *** [5d Jh Ad] [7h]
Omicron333: bets $0.58
logp_1954: folds 
Uncalled bet ($0.58) returned to Omicron333
Omicron333 collected $0.81 from pot
Omicron333: doesn't show hand 
*** SUMMARY ***
Total pot $0.85 | Rake $0.04 
Board [5d Jh Ad 7h]
Seat 1: LuckyBBastar (button) folded before Flop (didn't bet)
Seat 2: Gissbon (small blind) folded before Flop
Seat 3: HubertusB (big blind) folded before Flop
Seat 4: Omicron333 collected ($0.81)
Seat 5: Lady.Lyck folded before Flop (didn't bet)
Seat 6: logp_1954 folded on the Turn



PokerStars Zoom Hand #186643801896:  Hold'em No Limit ($0.02/$0.05) - 2018/05/20 20:31:06 CCT [2018/05/20 8:31:06 ET]
Table 'Donati' 6-max Seat #1 is the button
Seat 1: Original Flo ($2.45 in chips) 
Seat 2: cazro 77 ($5.02 in chips) 
Seat 3: spazzzmonkey ($11.76 in chips) 
Seat 4: key555866 ($15.05 in chips) 
Seat 5: FelixZyl ($14.90 in chips) 
Seat 6: HubertusB ($10.75 in chips) 
cazro 77: posts small blind $0.02
spazzzmonkey: posts big blind $0.05
*** HOLE CARDS ***
Dealt to HubertusB [3d 7s]
key555866: raises $0.10 to $0.15
FelixZyl: calls $0.15
HubertusB: folds 
Original Flo: folds 
cazro 77: folds 
spazzzmonkey: calls $0.10
*** FLOP *** [Jh 4c Qd]
spazzzmonkey: checks 
key555866: checks 
FelixZyl: checks 
*** TURN *** [Jh 4c Qd] [6c]
spazzzmonkey: checks 
key555866: checks 
FelixZyl: checks 
*** RIVER *** [Jh 4c Qd 6c] [9h]
spazzzmonkey: checks 
key555866: checks 
FelixZyl: checks 
*** SHOW DOWN ***
spazzzmonkey: shows [3s Ts] (high card Queen)
key555866: shows [8h 8c] (a pair of Eights)
FelixZyl: mucks hand 
key555866 collected $0.45 from pot
*** SUMMARY ***
Total pot $0.47 | Rake $0.02 
Board [Jh 4c Qd 6c 9h]
Seat 1: Original Flo (button) folded before Flop (didn't bet)
Seat 2: cazro 77 (small blind) folded before Flop
Seat 3: spazzzmonkey (big blind) showed [3s Ts] and lost with high card Queen
Seat 4: key555866 showed [8h 8c] and won ($0.45) with a pair of Eights
Seat 5: FelixZyl mucked [8d Ad]
Seat 6: HubertusB folded before Flop (didn't bet)



PokerStars Zoom Hand #186643814888:  Hold'em No Limit ($0.02/$0.05) - 2018/05/20 20:31:32 CCT [2018/05/20 8:31:32 ET]
Table 'Donati' 6-max Seat #1 is the button
Seat 1: pauwl12 ($12.38 in chips) 
Seat 2: Omicron333 ($7.62 in chips) 
Seat 3: VLSALT ($5.71 in chips) 
Seat 4: vitaha00007 ($5.50 in chips) 
Seat 5: HubertusB ($10.68 in chips) 
Seat 6: Wolvy128 ($5.89 in chips) 
Omicron333: posts small blind $0.02
VLSALT: posts big blind $0.05
*** HOLE CARDS ***
Dealt to HubertusB [As 9c]
vitaha00007: raises $0.10 to $0.15
HubertusB: folds 
Wolvy128: folds 
pauwl12: folds 
Omicron333: folds 
VLSALT: folds 
Uncalled bet ($0.10) returned to vitaha00007
vitaha00007 collected $0.12 from pot
vitaha00007: doesn't show hand 
*** SUMMARY ***
Total pot $0.12 | Rake $0 
Seat 1: pauwl12 (button) folded before Flop (didn't bet)
Seat 2: Omicron333 (small blind) folded before Flop
Seat 3: VLSALT (big blind) folded before Flop
Seat 4: vitaha00007 collected ($0.12)
Seat 5: HubertusB folded before Flop (didn't bet)
Seat 6: Wolvy128 folded before Flop (didn't bet)



PokerStars Zoom Hand #186643809963:  Hold'em No Limit ($0.02/$0.05) - 2018/05/20 20:31:22 CCT [2018/05/20 8:31:22 ET]
Table 'Donati' 6-max Seat #1 is the button
Seat 1: Shamaxxx ($8.34 in chips) 
Seat 2: HubertusB ($10.70 in chips) 
Seat 3: Tsundere ($4.43 in chips) 
Seat 4: gosumortiz ($11.24 in chips) 
Seat 5: jeffpig16 ($8.99 in chips) 
Seat 6: llKAMA3ll ($9.43 in chips) 
HubertusB: posts small blind $0.02
Tsundere: posts big blind $0.05
*** HOLE CARDS ***
Dealt to HubertusB [2d 4h]
gosumortiz: folds 
jeffpig16: folds 
llKAMA3ll: raises $0.05 to $0.10
Shamaxxx: folds 
HubertusB: folds 
Tsundere: calls $0.05
*** FLOP *** [7c Js 6h]
Tsundere: checks 
llKAMA3ll: bets $0.15
Tsundere: folds 
Uncalled bet ($0.15) returned to llKAMA3ll
llKAMA3ll collected $0.21 from pot
llKAMA3ll: doesn't show hand 
*** SUMMARY ***
Total pot $0.22 | Rake $0.01 
Board [7c Js 6h]
Seat 1: Shamaxxx (button) folded before Flop (didn't bet)
Seat 2: HubertusB (small blind) folded before Flop
Seat 3: Tsundere (big blind) folded on the Flop
Seat 4: gosumortiz folded before Flop (didn't bet)
Seat 5: jeffpig16 folded before Flop (didn't bet)
Seat 6: llKAMA3ll collected ($0.21)



PokerStars Zoom Hand #186643817800:  Hold'em No Limit ($0.02/$0.05) - 2018/05/20 20:31:38 CCT [2018/05/20 8:31:38 ET]
Table 'Donati' 6-max Seat #1 is the button
Seat 1: Goosich ($11.99 in chips) 
Seat 2: ANN11061962 ($4.63 in chips) 
Seat 3: Kirikulu ($5.91 in chips) 
Seat 4: cazzzwell ($6.57 in chips) 
Seat 5: gendron36 ($2.55 in chips) 
Seat 6: HubertusB ($10.68 in chips) 
ANN11061962: posts small blind $0.02
Kirikulu: posts big blind $0.05
*** HOLE CARDS ***
Dealt to HubertusB [8d 8c]
cazzzwell: raises $0.10 to $0.15
gendron36: folds 
HubertusB: calls $0.15
Goosich: folds 
ANN11061962: folds 
Kirikulu: calls $0.10
*** FLOP *** [3c Kc 9c]
Kirikulu: checks 
cazzzwell: bets $0.40
HubertusB: folds 
Kirikulu: folds 
Uncalled bet ($0.40) returned to cazzzwell
cazzzwell collected $0.45 from pot
cazzzwell: doesn't show hand 
*** SUMMARY ***
Total pot $0.47 | Rake $0.02 
Board [3c Kc 9c]
Seat 1: Goosich (button) folded before Flop (didn't bet)
Seat 2: ANN11061962 (small blind) folded before Flop
Seat 3: Kirikulu (big blind) folded on the Flop
Seat 4: cazzzwell collected ($0.45)
Seat 5: gendron36 folded before Flop (didn't bet)
Seat 6: HubertusB folded on the Flop



PokerStars Zoom Hand #186643812467:  Hold'em No Limit ($0.02/$0.05) - 2018/05/20 20:31:27 CCT [2018/05/20 8:31:27 ET]
Table 'Donati' 6-max Seat #1 is the button
Seat 1: HubertusB ($10.68 in chips) 
Seat 2: alebomos ($5 in chips) 
Seat 3: NShalai22 ($2.14 in chips) 
Seat 4: Sonoionin ($5.22 in chips) 
Seat 5: zwetok ($7.71 in chips) 
Seat 6: Daemon'sKiss ($5.51 in chips) 
alebomos: posts small blind $0.02
NShalai22: posts big blind $0.05
*** HOLE CARDS ***
Dealt to HubertusB [8s 2c]
Sonoionin: folds 
zwetok: folds 
Daemon'sKiss: folds 
HubertusB: folds 
alebomos: raises $0.06 to $0.11
NShalai22: calls $0.06
*** FLOP *** [As 6c 7s]
alebomos: checks 
NShalai22: checks 
*** TURN *** [As 6c 7s] [8h]
alebomos: bets $0.17
NShalai22: calls $0.17
*** RIVER *** [As 6c 7s 8h] [6d]
alebomos: checks 
NShalai22: checks 
*** SHOW DOWN ***
alebomos: shows [Jc Kh] (a pair of Sixes)
NShalai22: shows [7d 9h] (two pair, Sevens and Sixes)
NShalai22 collected $0.54 from pot
*** SUMMARY ***
Total pot $0.56 | Rake $0.02 
Board [As 6c 7s 8h 6d]
Seat 1: HubertusB (button) folded before Flop (didn't bet)
Seat 2: alebomos (small blind) showed [Jc Kh] and lost with a pair of Sixes
Seat 3: NShalai22 (big blind) showed [7d 9h] and won ($0.54) with two pair, Sevens and Sixes
Seat 4: Sonoionin folded before Flop (didn't bet)
Seat 5: zwetok folded before Flop (didn't bet)
Seat 6: Daemon'sKiss folded before Flop (didn't bet)



PokerStars Zoom Hand #186643828336:  Hold'em No Limit ($0.02/$0.05) - 2018/05/20 20:31:59 CCT [2018/05/20 8:31:59 ET]
Table 'Donati' 6-max Seat #1 is the button
Seat 1: ThomaSs223 ($9.17 in chips) 
Seat 2: smoot21 ($15.85 in chips) 
Seat 3: HubertusB ($10.53 in chips) 
Seat 4: edger4013 ($7.62 in chips) 
Seat 5: Ente1512 ($5.95 in chips) 
Seat 6: tomo808 ($13.83 in chips) 
smoot21: posts small blind $0.02
HubertusB: posts big blind $0.05
*** HOLE CARDS ***
Dealt to HubertusB [8s 9s]
edger4013: folds 
Ente1512: folds 
tomo808: raises $0.10 to $0.15
ThomaSs223: folds 
smoot21: folds 
HubertusB: calls $0.10
*** FLOP *** [6s 4c Jd]
HubertusB: checks 
tomo808: checks 
*** TURN *** [6s 4c Jd] [Qc]
HubertusB: checks 
tomo808: checks 
*** RIVER *** [6s 4c Jd Qc] [5h]
HubertusB: checks 
tomo808: checks 
*** SHOW DOWN ***
HubertusB: shows [8s 9s] (high card Queen)
tomo808: shows [7h 7c] (a pair of Sevens)
tomo808 collected $0.31 from pot
*** SUMMARY ***
Total pot $0.32 | Rake $0.01 
Board [6s 4c Jd Qc 5h]
Seat 1: ThomaSs223 (button) folded before Flop (didn't bet)
Seat 2: smoot21 (small blind) folded before Flop
Seat 3: HubertusB (big blind) showed [8s 9s] and lost with high card Queen
Seat 4: edger4013 folded before Flop (didn't bet)
Seat 5: Ente1512 folded before Flop (didn't bet)
Seat 6: tomo808 showed [7h 7c] and won ($0.31) with a pair of Sevens



PokerStars Zoom Hand #186643845445:  Hold'em No Limit ($0.02/$0.05) - 2018/05/20 20:32:33 CCT [2018/05/20 8:32:33 ET]
Table 'Donati' 6-max Seat #1 is the button
Seat 1: thiusk ($5.05 in chips) 
Seat 2: HubertusB ($10.38 in chips) 
Seat 3: vitaha00007 ($5.57 in chips) 
Seat 4: jaanis1983 ($6.07 in chips) 
Seat 5: OsloVest ($8.53 in chips) 
Seat 6: maxgild85 ($5.12 in chips) 
HubertusB: posts small blind $0.02
vitaha00007: posts big blind $0.05
*** HOLE CARDS ***
Dealt to HubertusB [6s Qs]
jaanis1983: folds 
OsloVest: folds 
maxgild85: folds 
thiusk: folds 
HubertusB: folds 
Uncalled bet ($0.03) returned to vitaha00007
vitaha00007 collected $0.04 from pot
vitaha00007: doesn't show hand 
*** SUMMARY ***
Total pot $0.04 | Rake $0 
Seat 1: thiusk (button) folded before Flop (didn't bet)
Seat 2: HubertusB (small blind) folded before Flop
Seat 3: vitaha00007 (big blind) collected ($0.04)
Seat 4: jaanis1983 folded before Flop (didn't bet)
Seat 5: OsloVest folded before Flop (didn't bet)
Seat 6: maxgild85 folded before Flop (didn't bet)



PokerStars Zoom Hand #186643848443:  Hold'em No Limit ($0.02/$0.05) - 2018/05/20 20:32:39 CCT [2018/05/20 8:32:39 ET]
Table 'Donati' 6-max Seat #1 is the button
Seat 1: LuckyBBastar ($18.78 in chips) 
Seat 2: zapzarap@patent ($14.70 in chips) 
Seat 3: Leopoldia ($1.64 in chips) 
Seat 4: HubertusB ($10.36 in chips) 
Seat 5: KAMSHULER ($5.33 in chips) 
Seat 6: kittennose ($5.30 in chips) 
zapzarap@patent: posts small blind $0.02
Leopoldia: posts big blind $0.05
*** HOLE CARDS ***
Dealt to HubertusB [Jh Ac]
HubertusB: raises $0.10 to $0.15
KAMSHULER: folds 
kittennose: folds 
LuckyBBastar: folds 
zapzarap@patent: folds 
Leopoldia: folds 
Uncalled bet ($0.10) returned to HubertusB
HubertusB collected $0.12 from pot
HubertusB: doesn't show hand 
*** SUMMARY ***
Total pot $0.12 | Rake $0 
Seat 1: LuckyBBastar (button) folded before Flop (didn't bet)
Seat 2: zapzarap@patent (small blind) folded before Flop
Seat 3: Leopoldia (big blind) folded before Flop
Seat 4: HubertusB collected ($0.12)
Seat 5: KAMSHULER folded before Flop (didn't bet)
Seat 6: kittennose folded before Flop (didn't bet)



PokerStars Zoom Hand #186643864324:  Hold'em No Limit ($0.02/$0.05) - 2018/05/20 20:33:11 CCT [2018/05/20 8:33:11 ET]
Table 'Donati' 6-max Seat #1 is the button
Seat 1: HubertusB ($10.43 in chips) 
Seat 2: alebomos ($5.43 in chips) 
Seat 3: JazziesdadUK ($12.25 in chips) 
Seat 4: Marian V. 31 ($5.41 in chips) 
Seat 5: thekvlt ($22.25 in chips) 
Seat 6: feeling1971 ($5.46 in chips) 
alebomos: posts small blind $0.02
JazziesdadUK: posts big blind $0.05
*** HOLE CARDS ***
Dealt to HubertusB [7h Ac]
Marian V. 31: folds 
thekvlt: folds 
feeling1971: folds 
HubertusB: raises $0.10 to $0.15
alebomos: folds 
JazziesdadUK: folds 
Uncalled bet ($0.10) returned to HubertusB
HubertusB collected $0.12 from pot
HubertusB: doesn't show hand 
*** SUMMARY ***
Total pot $0.12 | Rake $0 
Seat 1: HubertusB (button) collected ($0.12)
Seat 2: alebomos (small blind) folded before Flop
Seat 3: JazziesdadUK (big blind) folded before Flop
Seat 4: Marian V. 31 folded before Flop (didn't bet)
Seat 5: thekvlt folded before Flop (didn't bet)
Seat 6: feeling1971 folded before Flop (didn't bet)



PokerStars Zoom Hand #186643873710:  Hold'em No Limit ($0.02/$0.05) - 2018/05/20 20:33:30 CCT [2018/05/20 8:33:30 ET]
Table 'Donati' 6-max Seat #1 is the button
Seat 1: 8outsLeft ($6.15 in chips) 
Seat 2: momiasuk ($10.67 in chips) 
Seat 3: Hunt3r.A.A. ($4.78 in chips) 
Seat 4: HubertusB ($10.50 in chips) 
Seat 5: thiusk ($5 in chips) 
Seat 6: andrzej4fun ($14.79 in chips) 
momiasuk: posts small blind $0.02
Hunt3r.A.A.: posts big blind $0.05
*** HOLE CARDS ***
Dealt to HubertusB [8s 8d]
HubertusB: raises $0.10 to $0.15
thiusk: folds 
andrzej4fun: folds 
8outsLeft: folds 
momiasuk: calls $0.13
Hunt3r.A.A.: folds 
*** FLOP *** [Ah 3d Js]
momiasuk: checks 
HubertusB: checks 
*** TURN *** [Ah 3d Js] [9c]
momiasuk: checks 
HubertusB: checks 
*** RIVER *** [Ah 3d Js 9c] [4c]
momiasuk: bets $0.19
HubertusB: calls $0.19
*** SHOW DOWN ***
momiasuk: shows [Kh Jh] (a pair of Jacks)
HubertusB: mucks hand 
momiasuk collected $0.70 from pot
*** SUMMARY ***
Total pot $0.73 | Rake $0.03 
Board [Ah 3d Js 9c 4c]
Seat 1: 8outsLeft (button) folded before Flop (didn't bet)
Seat 2: momiasuk (small blind) showed [Kh Jh] and won ($0.70) with a pair of Jacks
Seat 3: Hunt3r.A.A. (big blind) folded before Flop
Seat 4: HubertusB mucked [8s 8d]
Seat 5: thiusk folded before Flop (didn't bet)
Seat 6: andrzej4fun folded before Flop (didn't bet)



PokerStars Zoom Hand #186643860928:  Hold'em No Limit ($0.02/$0.05) - 2018/05/20 20:33:04 CCT [2018/05/20 8:33:04 ET]
Table 'Donati' 6-max Seat #1 is the button
Seat 1: zapzarap@patent ($6.79 in chips) 
Seat 2: barbos2009 ($19.76 in chips) 
Seat 3: Limdar737 ($5.05 in chips) 
Seat 4: Warrendown ($5.98 in chips) 
Seat 5: HubertusB ($10.43 in chips) 
Seat 6: Fredchie ($5.40 in chips) 
barbos2009: posts small blind $0.02
Limdar737: posts big blind $0.05
*** HOLE CARDS ***
Dealt to HubertusB [6c Jc]
Warrendown: raises $0.10 to $0.15
HubertusB: folds 
Fredchie: folds 
zapzarap@patent: calls $0.15
barbos2009: folds 
Limdar737: calls $0.10
*** FLOP *** [4s 5s Td]
Limdar737: checks 
Warrendown: checks 
zapzarap@patent: bets $0.30
Limdar737: calls $0.30
Warrendown: folds 
*** TURN *** [4s 5s Td] [Ac]
Limdar737: checks 
zapzarap@patent: bets $0.68
Limdar737: calls $0.68
*** RIVER *** [4s 5s Td Ac] [Ts]
Limdar737: bets $1.23
zapzarap@patent: folds 
Uncalled bet ($1.23) returned to Limdar737
Limdar737 collected $2.33 from pot
Limdar737: doesn't show hand 
*** SUMMARY ***
Total pot $2.43 | Rake $0.10 
Board [4s 5s Td Ac Ts]
Seat 1: zapzarap@patent (button) folded on the River
Seat 2: barbos2009 (small blind) folded before Flop
Seat 3: Limdar737 (big blind) collected ($2.33)
Seat 4: Warrendown folded on the Flop
Seat 5: HubertusB folded before Flop (didn't bet)
Seat 6: Fredchie folded before Flop (didn't bet)



PokerStars Zoom Hand #186643871240:  Hold'em No Limit ($0.02/$0.05) - 2018/05/20 20:33:25 CCT [2018/05/20 8:33:25 ET]
Table 'Donati' 6-max Seat #1 is the button
Seat 1: zapzarap@patent ($5.01 in chips) 
Seat 2: JazziesdadUK ($9.09 in chips) 
Seat 3: VLSALT ($10.57 in chips) 
Seat 4: gosumortiz ($5 in chips) 
Seat 5: Qebel ($5 in chips) 
Seat 6: HubertusB ($10.50 in chips) 
JazziesdadUK: posts small blind $0.02
VLSALT: posts big blind $0.05
*** HOLE CARDS ***
Dealt to HubertusB [9c 7h]
gosumortiz: folds 
Qebel: folds 
HubertusB: folds 
zapzarap@patent: raises $0.05 to $0.10
JazziesdadUK: folds 
VLSALT: calls $0.05
*** FLOP *** [Js Qh 2s]
VLSALT: checks 
zapzarap@patent: checks 
*** TURN *** [Js Qh 2s] [Kc]
VLSALT: bets $0.12
zapzarap@patent: folds 
Uncalled bet ($0.12) returned to VLSALT
VLSALT collected $0.21 from pot
VLSALT: doesn't show hand 
*** SUMMARY ***
Total pot $0.22 | Rake $0.01 
Board [Js Qh 2s Kc]
Seat 1: zapzarap@patent (button) folded on the Turn
Seat 2: JazziesdadUK (small blind) folded before Flop
Seat 3: VLSALT (big blind) collected ($0.21)
Seat 4: gosumortiz folded before Flop (didn't bet)
Seat 5: Qebel folded before Flop (didn't bet)
Seat 6: HubertusB folded before Flop (didn't bet)



PokerStars Zoom Hand #186643892142:  Hold'em No Limit ($0.02/$0.05) - 2018/05/20 20:34:07 CCT [2018/05/20 8:34:07 ET]
Table 'Donati' 6-max Seat #1 is the button
Seat 1: Oscar__62176 ($5.94 in chips) 
Seat 2: HubertusB ($10.11 in chips) 
Seat 3: fedkAa ($8.58 in chips) 
Seat 4: filifera ($3.62 in chips) 
Seat 5: MAGE%CARDS ($5.17 in chips) 
Seat 6: iKiiiLL4fun ($15.41 in chips) 
HubertusB: posts small blind $0.02
fedkAa: posts big blind $0.05
*** HOLE CARDS ***
Dealt to HubertusB [2h 4c]
filifera: folds 
MAGE%CARDS: folds 
iKiiiLL4fun: raises $0.10 to $0.15
Oscar__62176: folds 
HubertusB: folds 
fedkAa: folds 
Uncalled bet ($0.10) returned to iKiiiLL4fun
iKiiiLL4fun collected $0.12 from pot
iKiiiLL4fun: doesn't show hand 
*** SUMMARY ***
Total pot $0.12 | Rake $0 
Seat 1: Oscar__62176 (button) folded before Flop (didn't bet)
Seat 2: HubertusB (small blind) folded before Flop
Seat 3: fedkAa (big blind) folded before Flop
Seat 4: filifera folded before Flop (didn't bet)
Seat 5: MAGE%CARDS folded before Flop (didn't bet)
Seat 6: iKiiiLL4fun collected ($0.12)



PokerStars Zoom Hand #186643895216:  Hold'em No Limit ($0.02/$0.05) - 2018/05/20 20:34:13 CCT [2018/05/20 8:34:13 ET]
Table 'Donati' 6-max Seat #1 is the button
Seat 1: BL4CK11 ($9.84 in chips) 
Seat 2: M4il4o ($5 in chips) 
Seat 3: Aleksandrpby ($9.13 in chips) 
Seat 4: HubertusB ($10.09 in chips) 
Seat 5: ANN11061962 ($4.64 in chips) 
Seat 6: DarkKnajt ($5.76 in chips) 
M4il4o: posts small blind $0.02
Aleksandrpby: posts big blind $0.05
*** HOLE CARDS ***
Dealt to HubertusB [Ac Qh]
HubertusB: raises $0.10 to $0.15
ANN11061962: folds 
DarkKnajt: folds 
BL4CK11: folds 
M4il4o: folds 
Aleksandrpby: folds 
Uncalled bet ($0.10) returned to HubertusB
HubertusB collected $0.12 from pot
HubertusB: doesn't show hand 
*** SUMMARY ***
Total pot $0.12 | Rake $0 
Seat 1: BL4CK11 (button) folded before Flop (didn't bet)
Seat 2: M4il4o (small blind) folded before Flop
Seat 3: Aleksandrpby (big blind) folded before Flop
Seat 4: HubertusB collected ($0.12)
Seat 5: ANN11061962 folded before Flop (didn't bet)
Seat 6: DarkKnajt folded before Flop (didn't bet)



PokerStars Zoom Hand #186643887172:  Hold'em No Limit ($0.02/$0.05) - 2018/05/20 20:33:57 CCT [2018/05/20 8:33:57 ET]
Table 'Donati' 6-max Seat #1 is the button
Seat 1: serg197211 ($5.34 in chips) 
Seat 2: Lombitozorus ($5.29 in chips) 
Seat 3: HubertusB ($10.16 in chips) 
Seat 4: ANANATOR ($5.83 in chips) 
Seat 5: C-class man ($5.34 in chips) 
Seat 6: Janski90 ($5.16 in chips) 
Lombitozorus: posts small blind $0.02
HubertusB: posts big blind $0.05
*** HOLE CARDS ***
Dealt to HubertusB [7s 6c]
ANANATOR: folds 
C-class man: folds 
Janski90: folds 
serg197211: raises $0.05 to $0.10
Lombitozorus: folds 
HubertusB: folds 
Uncalled bet ($0.05) returned to serg197211
serg197211 collected $0.12 from pot
serg197211: doesn't show hand 
*** SUMMARY ***
Total pot $0.12 | Rake $0 
Seat 1: serg197211 (button) collected ($0.12)
Seat 2: Lombitozorus (small blind) folded before Flop
Seat 3: HubertusB (big blind) folded before Flop
Seat 4: ANANATOR folded before Flop (didn't bet)
Seat 5: C-class man folded before Flop (didn't bet)
Seat 6: Janski90 folded before Flop (didn't bet)



PokerStars Zoom Hand #186643902140:  Hold'em No Limit ($0.02/$0.05) - 2018/05/20 20:34:27 CCT [2018/05/20 8:34:27 ET]
Table 'Donati' 6-max Seat #1 is the button
Seat 1: HubertusB ($10.16 in chips) 
Seat 2: tt1210tt ($4.95 in chips) 
Seat 3: MAGE%CARDS ($7.18 in chips) 
Seat 4: c0nscience ($5 in chips) 
Seat 5: Zheka-Alaei ($8.11 in chips) 
Seat 6: 8outsLeft ($6.43 in chips) 
tt1210tt: posts small blind $0.02
MAGE%CARDS: posts big blind $0.05
*** HOLE CARDS ***
Dealt to HubertusB [3d Kc]
c0nscience: folds 
Zheka-Alaei: folds 
8outsLeft: raises $0.10 to $0.15
HubertusB: folds 
tt1210tt: folds 
MAGE%CARDS: folds 
Uncalled bet ($0.10) returned to 8outsLeft
8outsLeft collected $0.12 from pot
8outsLeft: doesn't show hand 
*** SUMMARY ***
Total pot $0.12 | Rake $0 
Seat 1: HubertusB (button) folded before Flop (didn't bet)
Seat 2: tt1210tt (small blind) folded before Flop
Seat 3: MAGE%CARDS (big blind) folded before Flop
Seat 4: c0nscience folded before Flop (didn't bet)
Seat 5: Zheka-Alaei folded before Flop (didn't bet)
Seat 6: 8outsLeft collected ($0.12)



PokerStars Zoom Hand #186643904702:  Hold'em No Limit ($0.02/$0.05) - 2018/05/20 20:34:32 CCT [2018/05/20 8:34:32 ET]
Table 'Donati' 6-max Seat #1 is the button
Seat 1: 111si@v@111 ($4.32 in chips) 
Seat 2: drbennis ($5.04 in chips) 
Seat 3: <Bogolal> ($7.95 in chips) 
Seat 4: LightDemonR ($10.53 in chips) 
Seat 5: HubertusB ($10.16 in chips) 
Seat 6: olleyzell ($4.93 in chips) 
drbennis: posts small blind $0.02
<Bogolal>: posts big blind $0.05
*** HOLE CARDS ***
Dealt to HubertusB [3c 5d]
LightDemonR: folds 
HubertusB: folds 
olleyzell: folds 
111si@v@111: folds 
drbennis: folds 
Uncalled bet ($0.03) returned to <Bogolal>
<Bogolal> collected $0.04 from pot
<Bogolal>: doesn't show hand 
*** SUMMARY ***
Total pot $0.04 | Rake $0 
Seat 1: 111si@v@111 (button) folded before Flop (didn't bet)
Seat 2: drbennis (small blind) folded before Flop
Seat 3: <Bogolal> (big blind) collected ($0.04)
Seat 4: LightDemonR folded before Flop (didn't bet)
Seat 5: HubertusB folded before Flop (didn't bet)
Seat 6: olleyzell folded before Flop (didn't bet)



PokerStars Zoom Hand #186643907214:  Hold'em No Limit ($0.02/$0.05) - 2018/05/20 20:34:37 CCT [2018/05/20 8:34:37 ET]
Table 'Donati' 6-max Seat #1 is the button
Seat 1: Zheka-Alaei ($12.95 in chips) 
Seat 2: Lady.Lyck ($5.02 in chips) 
Seat 3: HubertusB ($10.16 in chips) 
Seat 4: jolando2 ($6.46 in chips) 
Seat 5: na_onda ($5.04 in chips) 
Seat 6: Blackhare ($5.13 in chips) 
Lady.Lyck: posts small blind $0.02
HubertusB: posts big blind $0.05
*** HOLE CARDS ***
Dealt to HubertusB [5d 6h]
jolando2: folds 
na_onda: folds 
Blackhare: folds 
Zheka-Alaei: folds 
Lady.Lyck: folds 
Uncalled bet ($0.03) returned to HubertusB
HubertusB collected $0.04 from pot
HubertusB: doesn't show hand 
*** SUMMARY ***
Total pot $0.04 | Rake $0 
Seat 1: Zheka-Alaei (button) folded before Flop (didn't bet)
Seat 2: Lady.Lyck (small blind) folded before Flop
Seat 3: HubertusB (big blind) collected ($0.04)
Seat 4: jolando2 folded before Flop (didn't bet)
Seat 5: na_onda folded before Flop (didn't bet)
Seat 6: Blackhare folded before Flop (didn't bet)



PokerStars Zoom Hand #186643912255:  Hold'em No Limit ($0.02/$0.05) - 2018/05/20 20:34:47 CCT [2018/05/20 8:34:47 ET]
Table 'Donati' 6-max Seat #1 is the button
Seat 1: bamboocha88 ($9.45 in chips) 
Seat 2: Zicepig ($5.61 in chips) 
Seat 3: Janski90 ($11.27 in chips) 
Seat 4: Shamaxxx ($8.37 in chips) 
Seat 5: orangedeuce ($8.87 in chips) 
Seat 6: HubertusB ($10.18 in chips) 
Zicepig: posts small blind $0.02
Janski90: posts big blind $0.05
*** HOLE CARDS ***
Dealt to HubertusB [Qs 7d]
Shamaxxx: folds 
orangedeuce: folds 
HubertusB: folds 
bamboocha88: raises $0.06 to $0.11
Zicepig: folds 
Janski90: folds 
Uncalled bet ($0.06) returned to bamboocha88
bamboocha88 collected $0.12 from pot
bamboocha88: doesn't show hand 
*** SUMMARY ***
Total pot $0.12 | Rake $0 
Seat 1: bamboocha88 (button) collected ($0.12)
Seat 2: Zicepig (small blind) folded before Flop
Seat 3: Janski90 (big blind) folded before Flop
Seat 4: Shamaxxx folded before Flop (didn't bet)
Seat 5: orangedeuce folded before Flop (didn't bet)
Seat 6: HubertusB folded before Flop (didn't bet)



PokerStars Zoom Hand #186643926753:  Hold'em No Limit ($0.02/$0.05) - 2018/05/20 20:35:16 CCT [2018/05/20 8:35:16 ET]
Table 'Donati' 6-max Seat #1 is the button
Seat 1: maxgild85 ($5 in chips) 
Seat 2: mearlog18 ($5.07 in chips) 
Seat 3: Lady.Lyck ($4.97 in chips) 
Seat 4: sceptick ($5.91 in chips) 
Seat 5: HubertusB ($10.16 in chips) 
Seat 6: VLSALT ($10.97 in chips) 
mearlog18: posts small blind $0.02
Lady.Lyck: posts big blind $0.05
*** HOLE CARDS ***
Dealt to HubertusB [7s Jc]
sceptick: folds 
HubertusB: folds 
VLSALT: raises $0.07 to $0.12
maxgild85: folds 
mearlog18: folds 
Lady.Lyck: folds 
Uncalled bet ($0.07) returned to VLSALT
VLSALT collected $0.12 from pot
VLSALT: doesn't show hand 
*** SUMMARY ***
Total pot $0.12 | Rake $0 
Seat 1: maxgild85 (button) folded before Flop (didn't bet)
Seat 2: mearlog18 (small blind) folded before Flop
Seat 3: Lady.Lyck (big blind) folded before Flop
Seat 4: sceptick folded before Flop (didn't bet)
Seat 5: HubertusB folded before Flop (didn't bet)
Seat 6: VLSALT collected ($0.12)



PokerStars Zoom Hand #186643921270:  Hold'em No Limit ($0.02/$0.05) - 2018/05/20 20:35:05 CCT [2018/05/20 8:35:05 ET]
Table 'Donati' 6-max Seat #1 is the button
Seat 1: HubertusB ($10.16 in chips) 
Seat 2: Zheka-Alaei ($8.11 in chips) 
Seat 3: M4il4o ($5 in chips) 
Seat 4: opopo0009 ($5.43 in chips) 
Seat 5: Ente1512 ($4.75 in chips) 
Seat 6: Savavlad97 ($8.52 in chips) 
Zheka-Alaei: posts small blind $0.02
M4il4o: posts big blind $0.05
*** HOLE CARDS ***
Dealt to HubertusB [5c 7d]
opopo0009: folds 
Ente1512: folds 
Savavlad97: raises $0.07 to $0.12
HubertusB: folds 
Zheka-Alaei: folds 
M4il4o: folds 
Uncalled bet ($0.07) returned to Savavlad97
Savavlad97 collected $0.12 from pot
Savavlad97: doesn't show hand 
*** SUMMARY ***
Total pot $0.12 | Rake $0 
Seat 1: HubertusB (button) folded before Flop (didn't bet)
Seat 2: Zheka-Alaei (small blind) folded before Flop
Seat 3: M4il4o (big blind) folded before Flop
Seat 4: opopo0009 folded before Flop (didn't bet)
Seat 5: Ente1512 folded before Flop (didn't bet)
Seat 6: Savavlad97 collected ($0.12)



PokerStars Zoom Hand #186643929262:  Hold'em No Limit ($0.02/$0.05) - 2018/05/20 20:35:21 CCT [2018/05/20 8:35:21 ET]
Table 'Donati' 6-max Seat #1 is the button
Seat 1: Krawicz ($5.56 in chips) 
Seat 2: Romzes V ($16.40 in chips) 
Seat 3: MUSTANGKATE ($5 in chips) 
Seat 4: kukkertje ($5 in chips) 
Seat 5: HubertusB ($10.16 in chips) 
Seat 6: Zheka-Alaei ($8.09 in chips) 
Romzes V: posts small blind $0.02
MUSTANGKATE: posts big blind $0.05
*** HOLE CARDS ***
Dealt to HubertusB [6d 3c]
kukkertje: folds 
HubertusB: folds 
Zheka-Alaei: folds 
Krawicz: folds 
Romzes V: folds 
Uncalled bet ($0.03) returned to MUSTANGKATE
MUSTANGKATE collected $0.04 from pot
MUSTANGKATE: doesn't show hand 
*** SUMMARY ***
Total pot $0.04 | Rake $0 
Seat 1: Krawicz (button) folded before Flop (didn't bet)
Seat 2: Romzes V (small blind) folded before Flop
Seat 3: MUSTANGKATE (big blind) collected ($0.04)
Seat 4: kukkertje folded before Flop (didn't bet)
Seat 5: HubertusB folded before Flop (didn't bet)
Seat 6: Zheka-Alaei folded before Flop (didn't bet)



PokerStars Zoom Hand #186643914743:  Hold'em No Limit ($0.02/$0.05) - 2018/05/20 20:34:52 CCT [2018/05/20 8:34:52 ET]
Table 'Donati' 6-max Seat #1 is the button
Seat 1: FelixZyl ($9.95 in chips) 
Seat 2: Hunt3r.A.A. ($4.38 in chips) 
Seat 3: Lady.Lyck ($5 in chips) 
Seat 4: HubertusB ($10.18 in chips) 
Seat 5: sedoi746 ($7.51 in chips) 
Seat 6: sedoj_i ($3.49 in chips) 
Hunt3r.A.A.: posts small blind $0.02
Lady.Lyck: posts big blind $0.05
*** HOLE CARDS ***
Dealt to HubertusB [7s Ks]
HubertusB: folds 
sedoi746: folds 
sedoj_i: folds 
FelixZyl: raises $0.06 to $0.11
Hunt3r.A.A.: calls $0.09
Lady.Lyck: raises $0.44 to $0.55
FelixZyl: calls $0.44
Hunt3r.A.A.: calls $0.44
*** FLOP *** [5h 3d Ts]
Hunt3r.A.A.: checks 
Lady.Lyck: bets $1.04
FelixZyl: folds 
Hunt3r.A.A.: calls $1.04
*** TURN *** [5h 3d Ts] [6c]
Hunt3r.A.A.: checks 
Lady.Lyck: bets $2.80
Hunt3r.A.A.: calls $2.79 and is all-in
Uncalled bet ($0.01) returned to Lady.Lyck
*** RIVER *** [5h 3d Ts 6c] [2h]
*** SHOW DOWN ***
Hunt3r.A.A.: shows [4d 4c] (a straight, Deuce to Six)
Lady.Lyck: shows [As Ah] (a pair of Aces)
Hunt3r.A.A. collected $8.92 from pot
*** SUMMARY ***
Total pot $9.31 | Rake $0.39 
Board [5h 3d Ts 6c 2h]
Seat 1: FelixZyl (button) folded on the Flop
Seat 2: Hunt3r.A.A. (small blind) showed [4d 4c] and won ($8.92) with a straight, Deuce to Six
Seat 3: Lady.Lyck (big blind) showed [As Ah] and lost with a pair of Aces
Seat 4: HubertusB folded before Flop (didn't bet)
Seat 5: sedoi746 folded before Flop (didn't bet)
Seat 6: sedoj_i folded before Flop (didn't bet)



PokerStars Zoom Hand #186643932373:  Hold'em No Limit ($0.02/$0.05) - 2018/05/20 20:35:27 CCT [2018/05/20 8:35:27 ET]
Table 'Donati' 6-max Seat #1 is the button
Seat 1: dedgasik ($3.04 in chips) 
Seat 2: feeling1971 ($5.67 in chips) 
Seat 3: HubertusB ($10.16 in chips) 
Seat 4: spellwilli90 ($11.28 in chips) 
Seat 5: MAGE%CARDS ($10.71 in chips) 
Seat 6: NICooLIN333 ($12.49 in chips) 
feeling1971: posts small blind $0.02
HubertusB: posts big blind $0.05
*** HOLE CARDS ***
Dealt to HubertusB [Th 6s]
spellwilli90: folds 
MAGE%CARDS: folds 
NICooLIN333: folds 
dedgasik: calls $0.05
feeling1971: folds 
HubertusB: checks 
*** FLOP *** [2h 3h Kc]
HubertusB: checks 
dedgasik: bets $0.05
HubertusB: folds 
Uncalled bet ($0.05) returned to dedgasik
dedgasik collected $0.12 from pot
dedgasik: doesn't show hand 
*** SUMMARY ***
Total pot $0.12 | Rake $0 
Board [2h 3h Kc]
Seat 1: dedgasik (button) collected ($0.12)
Seat 2: feeling1971 (small blind) folded before Flop
Seat 3: HubertusB (big blind) folded on the Flop
Seat 4: spellwilli90 folded before Flop (didn't bet)
Seat 5: MAGE%CARDS folded before Flop (didn't bet)
Seat 6: NICooLIN333 folded before Flop (didn't bet)



PokerStars Zoom Hand #186643942843:  Hold'em No Limit ($0.02/$0.05) - 2018/05/20 20:35:48 CCT [2018/05/20 8:35:48 ET]
Table 'Donati' 6-max Seat #1 is the button
Seat 1: MAGE%CARDS ($5.07 in chips) 
Seat 2: Florea2312 ($7.90 in chips) 
Seat 3: kittennose ($5.80 in chips) 
Seat 4: rymaal ($3.53 in chips) 
Seat 5: cazro 77 ($5.73 in chips) 
Seat 6: HubertusB ($10.11 in chips) 
Florea2312: posts small blind $0.02
kittennose: posts big blind $0.05
*** HOLE CARDS ***
Dealt to HubertusB [7s Kh]
rymaal: raises $0.10 to $0.15
cazro 77: folds 
HubertusB: folds 
MAGE%CARDS: folds 
Florea2312: folds 
kittennose: folds 
Uncalled bet ($0.10) returned to rymaal
rymaal collected $0.12 from pot
rymaal: doesn't show hand 
*** SUMMARY ***
Total pot $0.12 | Rake $0 
Seat 1: MAGE%CARDS (button) folded before Flop (didn't bet)
Seat 2: Florea2312 (small blind) folded before Flop
Seat 3: kittennose (big blind) folded before Flop
Seat 4: rymaal collected ($0.12)
Seat 5: cazro 77 folded before Flop (didn't bet)
Seat 6: HubertusB folded before Flop (didn't bet)



PokerStars Zoom Hand #186643918257:  Hold'em No Limit ($0.02/$0.05) - 2018/05/20 20:34:59 CCT [2018/05/20 8:34:59 ET]
Table 'Donati' 6-max Seat #1 is the button
Seat 1: Wolvy128 ($4.03 in chips) 
Seat 2: HubertusB ($10.18 in chips) 
Seat 3: Original Flo ($2.31 in chips) 
Seat 4: C-class man ($5.43 in chips) 
Seat 5: more68dvina ($2.86 in chips) 
Seat 6: Zicepig ($5.07 in chips) 
HubertusB: posts small blind $0.02
Original Flo: posts big blind $0.05
*** HOLE CARDS ***
Dealt to HubertusB [As 5d]
C-class man: folds 
more68dvina: folds 
Zicepig: raises $0.10 to $0.15
Wolvy128: raises $0.30 to $0.45
HubertusB: folds 
Original Flo: folds 
Zicepig: raises $0.75 to $1.20
Wolvy128: calls $0.75
*** FLOP *** [9s Th 3s]
Zicepig: bets $1.19
Wolvy128: folds 
Uncalled bet ($1.19) returned to Zicepig
Zicepig collected $2.37 from pot
Zicepig: doesn't show hand 
*** SUMMARY ***
Total pot $2.47 | Rake $0.10 
Board [9s Th 3s]
Seat 1: Wolvy128 (button) folded on the Flop
Seat 2: HubertusB (small blind) folded before Flop
Seat 3: Original Flo (big blind) folded before Flop
Seat 4: C-class man folded before Flop (didn't bet)
Seat 5: more68dvina folded before Flop (didn't bet)
Seat 6: Zicepig collected ($2.37)



