PokerStars Zoom Hand #186129977204:  Hold'em No Limit ($0.02/$0.05) - 2018/05/07 22:33:59 CCT [2018/05/07 10:33:59 ET]
Table 'Donati' 6-max Seat #1 is the button
Seat 1: xiazhen ($6.37 in chips) 
Seat 2: L.Lucete ($15.16 in chips) 
Seat 3: HubertusB ($5 in chips) 
Seat 4: Peter T. 55 ($5.84 in chips) 
Seat 5: klon2311 ($3 in chips) 
Seat 6: bal1sto ($5 in chips) 
L.Lucete: posts small blind $0.02
HubertusB: posts big blind $0.05
*** HOLE CARDS ***
Dealt to HubertusB [9c Js]
Peter T. 55: folds 
klon2311: raises $0.10 to $0.15
bal1sto: folds 
xiazhen: folds 
L.Lucete: folds 
HubertusB: folds 
Uncalled bet ($0.10) returned to klon2311
klon2311 collected $0.12 from pot
klon2311: doesn't show hand 
*** SUMMARY ***
Total pot $0.12 | Rake $0 
Seat 1: xiazhen (button) folded before Flop (didn't bet)
Seat 2: L.Lucete (small blind) folded before Flop
Seat 3: HubertusB (big blind) folded before Flop
Seat 4: Peter T. 55 folded before Flop (didn't bet)
Seat 5: klon2311 collected ($0.12)
Seat 6: bal1sto folded before Flop (didn't bet)



PokerStars Zoom Hand #186129983895:  Hold'em No Limit ($0.02/$0.05) - 2018/05/07 22:34:12 CCT [2018/05/07 10:34:12 ET]
Table 'Donati' 6-max Seat #1 is the button
Seat 1: DSJekov ($10.65 in chips) 
Seat 2: HubertusB ($4.95 in chips) 
Seat 3: xaris5555 ($5 in chips) 
Seat 4: GreenBir ($5 in chips) 
Seat 5: ibraxxjmcho0 ($18.66 in chips) 
Seat 6: MaxStarLight ($9.07 in chips) 
HubertusB: posts small blind $0.02
xaris5555: posts big blind $0.05
*** HOLE CARDS ***
Dealt to HubertusB [Qs 8d]
GreenBir: folds 
ibraxxjmcho0: folds 
MaxStarLight: folds 
DSJekov: folds 
HubertusB: folds 
Uncalled bet ($0.03) returned to xaris5555
xaris5555 collected $0.04 from pot
xaris5555: doesn't show hand 
*** SUMMARY ***
Total pot $0.04 | Rake $0 
Seat 1: DSJekov (button) folded before Flop (didn't bet)
Seat 2: HubertusB (small blind) folded before Flop
Seat 3: xaris5555 (big blind) collected ($0.04)
Seat 4: GreenBir folded before Flop (didn't bet)
Seat 5: ibraxxjmcho0 folded before Flop (didn't bet)
Seat 6: MaxStarLight folded before Flop (didn't bet)



PokerStars Zoom Hand #186129986956:  Hold'em No Limit ($0.02/$0.05) - 2018/05/07 22:34:18 CCT [2018/05/07 10:34:18 ET]
Table 'Donati' 6-max Seat #1 is the button
Seat 1: HubertusB ($4.93 in chips) 
Seat 2: Tortalje ($1.71 in chips) 
Seat 3: Rubens 458 ($10.85 in chips) 
Seat 4: Cadu_171 ($12.81 in chips) 
Seat 5: GreenBir ($5 in chips) 
Seat 6: stageaze ($6.85 in chips) 
Tortalje: posts small blind $0.02
Rubens 458: posts big blind $0.05
*** HOLE CARDS ***
Dealt to HubertusB [Qc 9d]
Cadu_171: folds 
GreenBir: folds 
stageaze: calls $0.05
HubertusB: folds 
Tortalje: folds 
Rubens 458: checks 
*** FLOP *** [4c 9h Td]
Rubens 458: checks 
stageaze: bets $0.05
Rubens 458: calls $0.05
*** TURN *** [4c 9h Td] [5d]
Rubens 458: checks 
stageaze: bets $0.05
Rubens 458: calls $0.05
*** RIVER *** [4c 9h Td 5d] [Qh]
Rubens 458: checks 
stageaze: checks 
*** SHOW DOWN ***
Rubens 458: shows [6s 8s] (high card Queen)
stageaze: shows [Ac Js] (high card Ace)
stageaze collected $0.31 from pot
*** SUMMARY ***
Total pot $0.32 | Rake $0.01 
Board [4c 9h Td 5d Qh]
Seat 1: HubertusB (button) folded before Flop (didn't bet)
Seat 2: Tortalje (small blind) folded before Flop
Seat 3: Rubens 458 (big blind) showed [6s 8s] and lost with high card Queen
Seat 4: Cadu_171 folded before Flop (didn't bet)
Seat 5: GreenBir folded before Flop (didn't bet)
Seat 6: stageaze showed [Ac Js] and won ($0.31) with high card Ace



PokerStars Zoom Hand #186129991974:  Hold'em No Limit ($0.02/$0.05) - 2018/05/07 22:34:28 CCT [2018/05/07 10:34:28 ET]
Table 'Donati' 6-max Seat #1 is the button
Seat 1: rossiton ($8.24 in chips) 
Seat 2: DmitriFm ($3.24 in chips) 
Seat 3: benja510 ($3.34 in chips) 
Seat 4: Valefor72 ($2.71 in chips) 
Seat 5: sbct10 ($5 in chips) 
Seat 6: HubertusB ($4.93 in chips) 
DmitriFm: posts small blind $0.02
benja510: posts big blind $0.05
*** HOLE CARDS ***
Dealt to HubertusB [Qc Qs]
Valefor72: folds 
sbct10: folds 
HubertusB: raises $0.07 to $0.12
rossiton: folds 
DmitriFm: folds 
benja510: calls $0.07
*** FLOP *** [6s 7s 4c]
benja510: checks 
HubertusB: bets $0.13
benja510: raises $0.23 to $0.36
HubertusB: calls $0.23
*** TURN *** [6s 7s 4c] [Qh]
benja510: bets $0.60
HubertusB: raises $3.85 to $4.45 and is all-in
benja510: calls $2.26 and is all-in
Uncalled bet ($1.59) returned to HubertusB
*** RIVER *** [6s 7s 4c Qh] [3d]
*** SHOW DOWN ***
benja510: shows [6c 6h] (three of a kind, Sixes)
HubertusB: shows [Qc Qs] (three of a kind, Queens)
HubertusB collected $6.42 from pot
*** SUMMARY ***
Total pot $6.70 | Rake $0.28 
Board [6s 7s 4c Qh 3d]
Seat 1: rossiton (button) folded before Flop (didn't bet)
Seat 2: DmitriFm (small blind) folded before Flop
Seat 3: benja510 (big blind) showed [6c 6h] and lost with three of a kind, Sixes
Seat 4: Valefor72 folded before Flop (didn't bet)
Seat 5: sbct10 folded before Flop (didn't bet)
Seat 6: HubertusB showed [Qc Qs] and won ($6.42) with three of a kind, Queens



PokerStars Zoom Hand #186130038160:  Hold'em No Limit ($0.02/$0.05) - 2018/05/07 22:35:59 CCT [2018/05/07 10:35:59 ET]
Table 'Donati' 6-max Seat #1 is the button
Seat 1: iPadreMatador ($5.80 in chips) 
Seat 2: Lakenkotcha ($9.02 in chips) 
Seat 3: PhenixRubedo ($5 in chips) 
Seat 4: johancrypton ($5 in chips) 
Seat 5: 2125,90 ($8.61 in chips) 
Seat 6: HubertusB ($8.01 in chips) 
Lakenkotcha: posts small blind $0.02
PhenixRubedo: posts big blind $0.05
*** HOLE CARDS ***
Dealt to HubertusB [Jc 6c]
johancrypton: folds 
2125,90: folds 
HubertusB: folds 
iPadreMatador: calls $0.05
Lakenkotcha: folds 
PhenixRubedo: checks 
*** FLOP *** [Jh Tc Kh]
PhenixRubedo: checks 
iPadreMatador: bets $0.10
PhenixRubedo: folds 
Uncalled bet ($0.10) returned to iPadreMatador
iPadreMatador collected $0.12 from pot
iPadreMatador: doesn't show hand 
*** SUMMARY ***
Total pot $0.12 | Rake $0 
Board [Jh Tc Kh]
Seat 1: iPadreMatador (button) collected ($0.12)
Seat 2: Lakenkotcha (small blind) folded before Flop
Seat 3: PhenixRubedo (big blind) folded on the Flop
Seat 4: johancrypton folded before Flop (didn't bet)
Seat 5: 2125,90 folded before Flop (didn't bet)
Seat 6: HubertusB folded before Flop (didn't bet)



PokerStars Zoom Hand #186130035583:  Hold'em No Limit ($0.02/$0.05) - 2018/05/07 22:35:54 CCT [2018/05/07 10:35:54 ET]
Table 'Donati' 6-max Seat #1 is the button
Seat 1: Okin199 ($3.55 in chips) 
Seat 2: Irorek6643 ($5.32 in chips) 
Seat 3: csebonite ($5.17 in chips) 
Seat 4: funfun55 ($5.07 in chips) 
Seat 5: HubertusB ($8.01 in chips) 
Seat 6: cabrabagua ($9.35 in chips) 
Irorek6643: posts small blind $0.02
csebonite: posts big blind $0.05
*** HOLE CARDS ***
Dealt to HubertusB [9h Ts]
funfun55: folds 
HubertusB: folds 
cabrabagua: folds 
Okin199: raises $0.05 to $0.10
Irorek6643: calls $0.08
csebonite: calls $0.05
*** FLOP *** [Qh Jd 6d]
Irorek6643: checks 
csebonite: checks 
Okin199: checks 
*** TURN *** [Qh Jd 6d] [Kd]
Irorek6643: checks 
csebonite: checks 
Okin199: checks 
*** RIVER *** [Qh Jd 6d Kd] [Ks]
Irorek6643: bets $0.05
csebonite: folds 
Okin199: folds 
Uncalled bet ($0.05) returned to Irorek6643
Irorek6643 collected $0.29 from pot
Irorek6643: doesn't show hand 
*** SUMMARY ***
Total pot $0.30 | Rake $0.01 
Board [Qh Jd 6d Kd Ks]
Seat 1: Okin199 (button) folded on the River
Seat 2: Irorek6643 (small blind) collected ($0.29)
Seat 3: csebonite (big blind) folded on the River
Seat 4: funfun55 folded before Flop (didn't bet)
Seat 5: HubertusB folded before Flop (didn't bet)
Seat 6: cabrabagua folded before Flop (didn't bet)



PokerStars Zoom Hand #186130041258:  Hold'em No Limit ($0.02/$0.05) - 2018/05/07 22:36:05 CCT [2018/05/07 10:36:05 ET]
Table 'Donati' 6-max Seat #1 is the button
Seat 1: LuckyWarlock ($6.75 in chips) 
Seat 2: X.MatuS ($5.64 in chips) 
Seat 3: HubertusB ($8.01 in chips) 
Seat 4: adyrnicc ($5.01 in chips) 
Seat 5: opopo0009 ($6.10 in chips) 
Seat 6: mayhem7777 ($4.96 in chips) 
X.MatuS: posts small blind $0.02
HubertusB: posts big blind $0.05
*** HOLE CARDS ***
Dealt to HubertusB [8h 6h]
adyrnicc: folds 
opopo0009: folds 
mayhem7777: folds 
LuckyWarlock: folds 
X.MatuS: raises $0.10 to $0.15
HubertusB: raises $0.30 to $0.45
X.MatuS: folds 
Uncalled bet ($0.30) returned to HubertusB
HubertusB collected $0.30 from pot
HubertusB: doesn't show hand 
*** SUMMARY ***
Total pot $0.30 | Rake $0 
Seat 1: LuckyWarlock (button) folded before Flop (didn't bet)
Seat 2: X.MatuS (small blind) folded before Flop
Seat 3: HubertusB (big blind) collected ($0.30)
Seat 4: adyrnicc folded before Flop (didn't bet)
Seat 5: opopo0009 folded before Flop (didn't bet)
Seat 6: mayhem7777 folded before Flop (didn't bet)



PokerStars Zoom Hand #186130052507:  Hold'em No Limit ($0.02/$0.05) - 2018/05/07 22:36:27 CCT [2018/05/07 10:36:27 ET]
Table 'Donati' 6-max Seat #1 is the button
Seat 1: Toni2Maroni ($13.19 in chips) 
Seat 2: HubertusB ($8.16 in chips) 
Seat 3: niiaz ($2.02 in chips) 
Seat 4: justina1990 ($6.88 in chips) 
Seat 5: K.Tyler111 ($5.07 in chips) 
Seat 6: anonimas1988 ($2.87 in chips) 
HubertusB: posts small blind $0.02
niiaz: posts big blind $0.05
*** HOLE CARDS ***
Dealt to HubertusB [2d 7h]
justina1990: raises $0.10 to $0.15
K.Tyler111: folds 
anonimas1988: folds 
Toni2Maroni: folds 
HubertusB: folds 
niiaz: folds 
Uncalled bet ($0.10) returned to justina1990
justina1990 collected $0.12 from pot
justina1990: doesn't show hand 
*** SUMMARY ***
Total pot $0.12 | Rake $0 
Seat 1: Toni2Maroni (button) folded before Flop (didn't bet)
Seat 2: HubertusB (small blind) folded before Flop
Seat 3: niiaz (big blind) folded before Flop
Seat 4: justina1990 collected ($0.12)
Seat 5: K.Tyler111 folded before Flop (didn't bet)
Seat 6: anonimas1988 folded before Flop (didn't bet)



PokerStars Zoom Hand #186130055570:  Hold'em No Limit ($0.02/$0.05) - 2018/05/07 22:36:33 CCT [2018/05/07 10:36:33 ET]
Table 'Donati' 6-max Seat #1 is the button
Seat 1: HubertusB ($8.14 in chips) 
Seat 2: Dan1el.D23 ($4.46 in chips) 
Seat 3: Tosch85 ($6.87 in chips) 
Seat 4: GRAYSPRAY ($5.37 in chips) 
Seat 5: L.Lucete ($5.91 in chips) 
Seat 6: championav ($6.02 in chips) 
Dan1el.D23: posts small blind $0.02
Tosch85: posts big blind $0.05
*** HOLE CARDS ***
Dealt to HubertusB [6d Ad]
GRAYSPRAY: folds 
L.Lucete: folds 
championav: folds 
HubertusB: raises $0.05 to $0.10
Dan1el.D23: calls $0.08
Tosch85: folds 
*** FLOP *** [9c 5h 8c]
Dan1el.D23: checks 
HubertusB: bets $0.12
Dan1el.D23: calls $0.12
*** TURN *** [9c 5h 8c] [Jh]
Dan1el.D23: checks 
HubertusB: checks 
*** RIVER *** [9c 5h 8c Jh] [2h]
Dan1el.D23: checks 
HubertusB: bets $0.24
Dan1el.D23: calls $0.24
*** SHOW DOWN ***
HubertusB: shows [6d Ad] (high card Ace)
Dan1el.D23: shows [Tc As] (high card Ace - Jack+Ten kicker)
Dan1el.D23 collected $0.93 from pot
*** SUMMARY ***
Total pot $0.97 | Rake $0.04 
Board [9c 5h 8c Jh 2h]
Seat 1: HubertusB (button) showed [6d Ad] and lost with high card Ace
Seat 2: Dan1el.D23 (small blind) showed [Tc As] and won ($0.93) with high card Ace
Seat 3: Tosch85 (big blind) folded before Flop
Seat 4: GRAYSPRAY folded before Flop (didn't bet)
Seat 5: L.Lucete folded before Flop (didn't bet)
Seat 6: championav folded before Flop (didn't bet)



PokerStars Zoom Hand #186130093234:  Hold'em No Limit ($0.02/$0.05) - 2018/05/07 22:37:46 CCT [2018/05/07 10:37:46 ET]
Table 'Donati' 6-max Seat #1 is the button
Seat 1: Pokermagic123 ($2.80 in chips) 
Seat 2: anarxist29 ($15.81 in chips) 
Seat 3: HubertusB ($7.68 in chips) 
Seat 4: AASiz ($9.32 in chips) 
Seat 5: qwlmn159951 ($1.70 in chips) 
Seat 6: etd.poker ($5.61 in chips) 
anarxist29: posts small blind $0.02
HubertusB: posts big blind $0.05
*** HOLE CARDS ***
Dealt to HubertusB [2s Jc]
AASiz: folds 
qwlmn159951: folds 
etd.poker: folds 
Pokermagic123: folds 
anarxist29: folds 
Uncalled bet ($0.03) returned to HubertusB
HubertusB collected $0.04 from pot
HubertusB: doesn't show hand 
*** SUMMARY ***
Total pot $0.04 | Rake $0 
Seat 1: Pokermagic123 (button) folded before Flop (didn't bet)
Seat 2: anarxist29 (small blind) folded before Flop
Seat 3: HubertusB (big blind) collected ($0.04)
Seat 4: AASiz folded before Flop (didn't bet)
Seat 5: qwlmn159951 folded before Flop (didn't bet)
Seat 6: etd.poker folded before Flop (didn't bet)



PokerStars Zoom Hand #186130087540:  Hold'em No Limit ($0.02/$0.05) - 2018/05/07 22:37:35 CCT [2018/05/07 10:37:35 ET]
Table 'Donati' 6-max Seat #1 is the button
Seat 1: Misclee ($3.01 in chips) 
Seat 2: Rusherito87 ($5 in chips) 
Seat 3: Rep_Nothing ($5.31 in chips) 
Seat 4: HubertusB ($7.68 in chips) 
Seat 5: pa1nback ($10.16 in chips) 
Seat 6: Pokermagic123 ($2.80 in chips) 
Rusherito87: posts small blind $0.02
Rep_Nothing: posts big blind $0.05
*** HOLE CARDS ***
Dealt to HubertusB [Kh 7c]
HubertusB: folds 
pa1nback: folds 
Pokermagic123: folds 
Misclee: folds 
Rusherito87: calls $0.03
Rep_Nothing: raises $0.15 to $0.20
Rusherito87: folds 
Uncalled bet ($0.15) returned to Rep_Nothing
Rep_Nothing collected $0.10 from pot
Rep_Nothing: doesn't show hand 
*** SUMMARY ***
Total pot $0.10 | Rake $0 
Seat 1: Misclee (button) folded before Flop (didn't bet)
Seat 2: Rusherito87 (small blind) folded before Flop
Seat 3: Rep_Nothing (big blind) collected ($0.10)
Seat 4: HubertusB folded before Flop (didn't bet)
Seat 5: pa1nback folded before Flop (didn't bet)
Seat 6: Pokermagic123 folded before Flop (didn't bet)



PokerStars Zoom Hand #186130103021:  Hold'em No Limit ($0.02/$0.05) - 2018/05/07 22:38:05 CCT [2018/05/07 10:38:05 ET]
Table 'Donati' 6-max Seat #1 is the button
Seat 1: truenomusic ($7.02 in chips) 
Seat 2: Prometeu 888 ($9.78 in chips) 
Seat 3: Harry0509 ($4.31 in chips) 
Seat 4: HubertusB ($7.70 in chips) 
Seat 5: Mr.Nuttts ($7.20 in chips) 
Seat 6: Tupoun007 ($4.57 in chips) 
Prometeu 888: posts small blind $0.02
Harry0509: posts big blind $0.05
*** HOLE CARDS ***
Dealt to HubertusB [Jc 3d]
HubertusB: folds 
Mr.Nuttts: folds 
Tupoun007: folds 
truenomusic: folds 
Prometeu 888: folds 
Uncalled bet ($0.03) returned to Harry0509
Harry0509 collected $0.04 from pot
Harry0509: doesn't show hand 
*** SUMMARY ***
Total pot $0.04 | Rake $0 
Seat 1: truenomusic (button) folded before Flop (didn't bet)
Seat 2: Prometeu 888 (small blind) folded before Flop
Seat 3: Harry0509 (big blind) collected ($0.04)
Seat 4: HubertusB folded before Flop (didn't bet)
Seat 5: Mr.Nuttts folded before Flop (didn't bet)
Seat 6: Tupoun007 folded before Flop (didn't bet)



PokerStars Zoom Hand #186130090666:  Hold'em No Limit ($0.02/$0.05) - 2018/05/07 22:37:41 CCT [2018/05/07 10:37:41 ET]
Table 'Donati' 6-max Seat #1 is the button
Seat 1: Blackantz ($5 in chips) 
Seat 2: waras222 ($3.65 in chips) 
Seat 3: KAOS8484 ($5.28 in chips) 
Seat 4: opopo0009 ($5.74 in chips) 
Seat 5: mikhai21 ($3.31 in chips) 
Seat 6: HubertusB ($7.68 in chips) 
waras222: posts small blind $0.02
KAOS8484: posts big blind $0.05
*** HOLE CARDS ***
Dealt to HubertusB [Kd 4s]
opopo0009: raises $0.10 to $0.15
mikhai21: calls $0.15
HubertusB: folds 
Blackantz: folds 
waras222: folds 
KAOS8484: folds 
*** FLOP *** [Th Td 9s]
opopo0009: checks 
mikhai21: bets $0.15
opopo0009: calls $0.15
*** TURN *** [Th Td 9s] [5h]
opopo0009: checks 
mikhai21: bets $0.30
opopo0009: folds 
Uncalled bet ($0.30) returned to mikhai21
mikhai21 collected $0.64 from pot
mikhai21: doesn't show hand 
*** SUMMARY ***
Total pot $0.67 | Rake $0.03 
Board [Th Td 9s 5h]
Seat 1: Blackantz (button) folded before Flop (didn't bet)
Seat 2: waras222 (small blind) folded before Flop
Seat 3: KAOS8484 (big blind) folded before Flop
Seat 4: opopo0009 folded on the Turn
Seat 5: mikhai21 collected ($0.64)
Seat 6: HubertusB folded before Flop (didn't bet)



PokerStars Zoom Hand #186130105764:  Hold'em No Limit ($0.02/$0.05) - 2018/05/07 22:38:10 CCT [2018/05/07 10:38:10 ET]
Table 'Donati' 6-max Seat #1 is the button
Seat 1: GRAYSPRAY ($11.12 in chips) 
Seat 2: HubertusB ($7.70 in chips) 
Seat 3: barelika27 ($2.40 in chips) 
Seat 4: PiNe4ppLe ($7.56 in chips) 
Seat 5: CarlosMT883 ($9.38 in chips) 
Seat 6: 32jackass ($5 in chips) 
HubertusB: posts small blind $0.02
barelika27: posts big blind $0.05
*** HOLE CARDS ***
Dealt to HubertusB [8s 6c]
PiNe4ppLe: folds 
CarlosMT883: raises $0.10 to $0.15
32jackass: folds 
GRAYSPRAY: folds 
HubertusB: folds 
barelika27: folds 
Uncalled bet ($0.10) returned to CarlosMT883
CarlosMT883 collected $0.12 from pot
CarlosMT883: doesn't show hand 
*** SUMMARY ***
Total pot $0.12 | Rake $0 
Seat 1: GRAYSPRAY (button) folded before Flop (didn't bet)
Seat 2: HubertusB (small blind) folded before Flop
Seat 3: barelika27 (big blind) folded before Flop
Seat 4: PiNe4ppLe folded before Flop (didn't bet)
Seat 5: CarlosMT883 collected ($0.12)
Seat 6: 32jackass folded before Flop (didn't bet)



PokerStars Zoom Hand #186130099978:  Hold'em No Limit ($0.02/$0.05) - 2018/05/07 22:37:59 CCT [2018/05/07 10:37:59 ET]
Table 'Donati' 6-max Seat #1 is the button
Seat 1: cholleke ($2.08 in chips) 
Seat 2: thefr1ze ($5.27 in chips) 
Seat 3: filon21 ($9.23 in chips) 
Seat 4: GreenBir ($10.89 in chips) 
Seat 5: HubertusB ($7.70 in chips) 
Seat 6: adyrnicc ($6.28 in chips) 
thefr1ze: posts small blind $0.02
filon21: posts big blind $0.05
*** HOLE CARDS ***
Dealt to HubertusB [3d Qs]
GreenBir: folds 
HubertusB: folds 
adyrnicc: raises $0.10 to $0.15
cholleke: folds 
thefr1ze: folds 
filon21: calls $0.10
*** FLOP *** [Qd Ks Kd]
filon21: checks 
adyrnicc: checks 
*** TURN *** [Qd Ks Kd] [2h]
filon21: bets $0.23
adyrnicc: folds 
Uncalled bet ($0.23) returned to filon21
filon21 collected $0.31 from pot
filon21: doesn't show hand 
*** SUMMARY ***
Total pot $0.32 | Rake $0.01 
Board [Qd Ks Kd 2h]
Seat 1: cholleke (button) folded before Flop (didn't bet)
Seat 2: thefr1ze (small blind) folded before Flop
Seat 3: filon21 (big blind) collected ($0.31)
Seat 4: GreenBir folded before Flop (didn't bet)
Seat 5: HubertusB folded before Flop (didn't bet)
Seat 6: adyrnicc folded on the Turn



PokerStars Zoom Hand #186130112546:  Hold'em No Limit ($0.02/$0.05) - 2018/05/07 22:38:23 CCT [2018/05/07 10:38:23 ET]
Table 'Donati' 6-max Seat #1 is the button
Seat 1: qwlmn159951 ($7.16 in chips) 
Seat 2: m4g1st3r ($2.38 in chips) 
Seat 3: HubertusB ($7.68 in chips) 
Seat 4: asd636 ($5.69 in chips) 
Seat 5: piyo12300 ($5.88 in chips) 
Seat 6: CIDUL21 ($7.78 in chips) 
m4g1st3r: posts small blind $0.02
HubertusB: posts big blind $0.05
*** HOLE CARDS ***
Dealt to HubertusB [7h 5c]
asd636: folds 
piyo12300: raises $0.10 to $0.15
CIDUL21: folds 
qwlmn159951: folds 
m4g1st3r: folds 
HubertusB: folds 
Uncalled bet ($0.10) returned to piyo12300
piyo12300 collected $0.12 from pot
piyo12300: doesn't show hand 
*** SUMMARY ***
Total pot $0.12 | Rake $0 
Seat 1: qwlmn159951 (button) folded before Flop (didn't bet)
Seat 2: m4g1st3r (small blind) folded before Flop
Seat 3: HubertusB (big blind) folded before Flop
Seat 4: asd636 folded before Flop (didn't bet)
Seat 5: piyo12300 collected ($0.12)
Seat 6: CIDUL21 folded before Flop (didn't bet)



PokerStars Zoom Hand #186130108855:  Hold'em No Limit ($0.02/$0.05) - 2018/05/07 22:38:16 CCT [2018/05/07 10:38:16 ET]
Table 'Donati' 6-max Seat #1 is the button
Seat 1: HubertusB ($7.68 in chips) 
Seat 2: Zicepig ($5 in chips) 
Seat 3: Phil Ounce ($5.62 in chips) 
Seat 4: Coyot1ger ($4.90 in chips) 
Seat 5: mayhem7777 ($4.18 in chips) 
Seat 6: Igorsss3 ($5 in chips) 
Zicepig: posts small blind $0.02
Phil Ounce: posts big blind $0.05
*** HOLE CARDS ***
Dealt to HubertusB [7d Jd]
Coyot1ger: folds 
mayhem7777: raises $0.12 to $0.17
Igorsss3: folds 
HubertusB: folds 
Zicepig: folds 
Phil Ounce: calls $0.12
*** FLOP *** [Qh 8c 4d]
Phil Ounce: checks 
mayhem7777: bets $0.18
Phil Ounce: folds 
Uncalled bet ($0.18) returned to mayhem7777
mayhem7777 collected $0.35 from pot
mayhem7777: doesn't show hand 
*** SUMMARY ***
Total pot $0.36 | Rake $0.01 
Board [Qh 8c 4d]
Seat 1: HubertusB (button) folded before Flop (didn't bet)
Seat 2: Zicepig (small blind) folded before Flop
Seat 3: Phil Ounce (big blind) folded on the Flop
Seat 4: Coyot1ger folded before Flop (didn't bet)
Seat 5: mayhem7777 collected ($0.35)
Seat 6: Igorsss3 folded before Flop (didn't bet)



PokerStars Zoom Hand #186130121767:  Hold'em No Limit ($0.02/$0.05) - 2018/05/07 22:38:41 CCT [2018/05/07 10:38:41 ET]
Table 'Donati' 6-max Seat #1 is the button
Seat 1: BelSv ($5 in chips) 
Seat 2: PiNe4ppLe ($7.39 in chips) 
Seat 3: asd636 ($5.69 in chips) 
Seat 4: Dzenkoff ($7.60 in chips) 
Seat 5: HubertusB ($7.63 in chips) 
Seat 6: Guzeev1980 ($3.54 in chips) 
PiNe4ppLe: posts small blind $0.02
asd636: posts big blind $0.05
*** HOLE CARDS ***
Dealt to HubertusB [3h Th]
Dzenkoff: folds 
HubertusB: folds 
Guzeev1980: folds 
BelSv: folds 
PiNe4ppLe: folds 
Uncalled bet ($0.03) returned to asd636
asd636 collected $0.04 from pot
asd636: doesn't show hand 
*** SUMMARY ***
Total pot $0.04 | Rake $0 
Seat 1: BelSv (button) folded before Flop (didn't bet)
Seat 2: PiNe4ppLe (small blind) folded before Flop
Seat 3: asd636 (big blind) collected ($0.04)
Seat 4: Dzenkoff folded before Flop (didn't bet)
Seat 5: HubertusB folded before Flop (didn't bet)
Seat 6: Guzeev1980 folded before Flop (didn't bet)



PokerStars Zoom Hand #186130116095:  Hold'em No Limit ($0.02/$0.05) - 2018/05/07 22:38:30 CCT [2018/05/07 10:38:30 ET]
Table 'Donati' 6-max Seat #1 is the button
Seat 1: filon21 ($5.73 in chips) 
Seat 2: salavat710 ($7.13 in chips) 
Seat 3: Franxia II ($4.47 in chips) 
Seat 4: gakimoney ($7.25 in chips) 
Seat 5: HubertusB ($7.63 in chips) 
Seat 6: yumeko0001 ($10.11 in chips) 
salavat710: posts small blind $0.02
Franxia II: posts big blind $0.05
*** HOLE CARDS ***
Dealt to HubertusB [Qd 5h]
gakimoney: folds 
HubertusB: folds 
yumeko0001: folds 
filon21: folds 
salavat710: folds 
Uncalled bet ($0.03) returned to Franxia II
Franxia II collected $0.04 from pot
Franxia II: doesn't show hand 
*** SUMMARY ***
Total pot $0.04 | Rake $0 
Seat 1: filon21 (button) folded before Flop (didn't bet)
Seat 2: salavat710 (small blind) folded before Flop
Seat 3: Franxia II (big blind) collected ($0.04)
Seat 4: gakimoney folded before Flop (didn't bet)
Seat 5: HubertusB folded before Flop (didn't bet)
Seat 6: yumeko0001 folded before Flop (didn't bet)



PokerStars Zoom Hand #186130124426:  Hold'em No Limit ($0.02/$0.05) - 2018/05/07 22:38:46 CCT [2018/05/07 10:38:46 ET]
Table 'Donati' 6-max Seat #1 is the button
Seat 1: Cracking Bad ($5.52 in chips) 
Seat 2: HubertusB ($7.63 in chips) 
Seat 3: wowAAlolKK ($2.48 in chips) 
Seat 4: maspy_stars ($11.59 in chips) 
Seat 5: GRAYSPRAY ($5.68 in chips) 
Seat 6: championav ($6.11 in chips) 
HubertusB: posts small blind $0.02
wowAAlolKK: posts big blind $0.05
*** HOLE CARDS ***
Dealt to HubertusB [Qh 3s]
maspy_stars: folds 
GRAYSPRAY: folds 
championav: folds 
Cracking Bad: folds 
HubertusB: folds 
Uncalled bet ($0.03) returned to wowAAlolKK
wowAAlolKK collected $0.04 from pot
wowAAlolKK: doesn't show hand 
*** SUMMARY ***
Total pot $0.04 | Rake $0 
Seat 1: Cracking Bad (button) folded before Flop (didn't bet)
Seat 2: HubertusB (small blind) folded before Flop
Seat 3: wowAAlolKK (big blind) collected ($0.04)
Seat 4: maspy_stars folded before Flop (didn't bet)
Seat 5: GRAYSPRAY folded before Flop (didn't bet)
Seat 6: championav folded before Flop (didn't bet)



PokerStars Zoom Hand #186130119175:  Hold'em No Limit ($0.02/$0.05) - 2018/05/07 22:38:36 CCT [2018/05/07 10:38:36 ET]
Table 'Donati' 6-max Seat #1 is the button
Seat 1: titov1975 ($2.52 in chips) 
Seat 2: mayhem7777 ($6.77 in chips) 
Seat 3: zht83 ($4.19 in chips) 
Seat 4: Peter T. 55 ($5 in chips) 
Seat 5: asd636 ($5.69 in chips) 
Seat 6: HubertusB ($7.63 in chips) 
mayhem7777: posts small blind $0.02
zht83: posts big blind $0.05
*** HOLE CARDS ***
Dealt to HubertusB [9c Kh]
Peter T. 55: raises $0.13 to $0.18
asd636: folds 
HubertusB: folds 
titov1975: folds 
mayhem7777: folds 
zht83: calls $0.13
*** FLOP *** [8s Js 7d]
zht83: checks 
Peter T. 55: bets $0.28
zht83: calls $0.28
*** TURN *** [8s Js 7d] [9s]
zht83: checks 
Peter T. 55: checks 
*** RIVER *** [8s Js 7d 9s] [9d]
zht83: checks 
Peter T. 55: checks 
*** SHOW DOWN ***
zht83: shows [8d Td] (a straight, Seven to Jack)
Peter T. 55: mucks hand 
zht83 collected $0.90 from pot
*** SUMMARY ***
Total pot $0.94 | Rake $0.04 
Board [8s Js 7d 9s 9d]
Seat 1: titov1975 (button) folded before Flop (didn't bet)
Seat 2: mayhem7777 (small blind) folded before Flop
Seat 3: zht83 (big blind) showed [8d Td] and won ($0.90) with a straight, Seven to Jack
Seat 4: Peter T. 55 mucked [Jd Ah]
Seat 5: asd636 folded before Flop (didn't bet)
Seat 6: HubertusB folded before Flop (didn't bet)



PokerStars Zoom Hand #186130127020:  Hold'em No Limit ($0.02/$0.05) - 2018/05/07 22:38:51 CCT [2018/05/07 10:38:51 ET]
Table 'Donati' 6-max Seat #1 is the button
Seat 1: HubertusB ($7.61 in chips) 
Seat 2: SamangskePoker ($5.66 in chips) 
Seat 3: Rep_Nothing ($5.52 in chips) 
Seat 4: Lecter 777 ($7.59 in chips) 
Seat 5: Zicepig ($5 in chips) 
Seat 6: csebonite ($4.82 in chips) 
SamangskePoker: posts small blind $0.02
Rep_Nothing: posts big blind $0.05
*** HOLE CARDS ***
Dealt to HubertusB [Ad As]
Lecter 777: raises $0.10 to $0.15
Zicepig: folds 
csebonite: folds 
HubertusB: raises $0.30 to $0.45
SamangskePoker: folds 
Rep_Nothing: folds 
Lecter 777: raises $1.05 to $1.50
HubertusB: calls $1.05
*** FLOP *** [9d 8d 7s]
Lecter 777: bets $6.09 and is all-in
HubertusB: calls $6.09
*** TURN *** [9d 8d 7s] [2d]
*** RIVER *** [9d 8d 7s 2d] [2c]
*** SHOW DOWN ***
Lecter 777: shows [Qc Qd] (two pair, Queens and Deuces)
HubertusB: shows [Ad As] (two pair, Aces and Deuces)
HubertusB collected $14.62 from pot
*** SUMMARY ***
Total pot $15.25 | Rake $0.63 
Board [9d 8d 7s 2d 2c]
Seat 1: HubertusB (button) showed [Ad As] and won ($14.62) with two pair, Aces and Deuces
Seat 2: SamangskePoker (small blind) folded before Flop
Seat 3: Rep_Nothing (big blind) folded before Flop
Seat 4: Lecter 777 showed [Qc Qd] and lost with two pair, Queens and Deuces
Seat 5: Zicepig folded before Flop (didn't bet)
Seat 6: csebonite folded before Flop (didn't bet)



PokerStars Zoom Hand #186130154363:  Hold'em No Limit ($0.02/$0.05) - 2018/05/07 22:39:44 CCT [2018/05/07 10:39:44 ET]
Table 'Donati' 6-max Seat #1 is the button
Seat 1: daniel65415 ($4.14 in chips) 
Seat 2: Romzes V ($10.67 in chips) 
Seat 3: awl78 ($10.32 in chips) 
Seat 4: HubertusB ($14.64 in chips) 
Seat 5: Fiasko789 ($7.48 in chips) 
Seat 6: H.-Dietrich ($6.29 in chips) 
Romzes V: posts small blind $0.02
awl78: posts big blind $0.05
*** HOLE CARDS ***
Dealt to HubertusB [Js Kc]
HubertusB: folds 
Fiasko789: raises $0.10 to $0.15
H.-Dietrich: folds 
daniel65415: folds 
Romzes V: folds 
awl78: calls $0.10
*** FLOP *** [4d Ad 2c]
awl78: checks 
Fiasko789: bets $0.20
awl78: calls $0.20
*** TURN *** [4d Ad 2c] [9d]
awl78: checks 
Fiasko789: checks 
*** RIVER *** [4d Ad 2c 9d] [9h]
awl78: checks 
Fiasko789: checks 
*** SHOW DOWN ***
awl78: shows [3h 2h] (two pair, Nines and Deuces)
Fiasko789: shows [Qh Qs] (two pair, Queens and Nines)
Fiasko789 collected $0.69 from pot
*** SUMMARY ***
Total pot $0.72 | Rake $0.03 
Board [4d Ad 2c 9d 9h]
Seat 1: daniel65415 (button) folded before Flop (didn't bet)
Seat 2: Romzes V (small blind) folded before Flop
Seat 3: awl78 (big blind) showed [3h 2h] and lost with two pair, Nines and Deuces
Seat 4: HubertusB folded before Flop (didn't bet)
Seat 5: Fiasko789 showed [Qh Qs] and won ($0.69) with two pair, Queens and Nines
Seat 6: H.-Dietrich folded before Flop (didn't bet)



PokerStars Zoom Hand #186130156948:  Hold'em No Limit ($0.02/$0.05) - 2018/05/07 22:39:49 CCT [2018/05/07 10:39:49 ET]
Table 'Donati' 6-max Seat #1 is the button
Seat 1: Fiasko789 ($5.07 in chips) 
Seat 2: Zaakable ($7.35 in chips) 
Seat 3: Brest 77 ($12.30 in chips) 
Seat 4: falcao991 ($20.12 in chips) 
Seat 5: Morazmo ($5 in chips) 
Seat 6: HubertusB ($14.64 in chips) 
Zaakable: posts small blind $0.02
Brest 77: posts big blind $0.05
*** HOLE CARDS ***
Dealt to HubertusB [Ad 3d]
falcao991: folds 
Morazmo: raises $0.10 to $0.15
HubertusB: raises $0.30 to $0.45
Fiasko789: folds 
Zaakable: folds 
Brest 77: folds 
Morazmo: calls $0.30
*** FLOP *** [5s 2d 7d]
Morazmo: checks 
HubertusB: bets $0.47
Morazmo: calls $0.47
*** TURN *** [5s 2d 7d] [4h]
Morazmo: checks 
HubertusB: checks 
*** RIVER *** [5s 2d 7d 4h] [2h]
Morazmo: checks 
HubertusB: bets $0.85
Morazmo: folds 
Uncalled bet ($0.85) returned to HubertusB
HubertusB collected $1.83 from pot
HubertusB: doesn't show hand 
*** SUMMARY ***
Total pot $1.91 | Rake $0.08 
Board [5s 2d 7d 4h 2h]
Seat 1: Fiasko789 (button) folded before Flop (didn't bet)
Seat 2: Zaakable (small blind) folded before Flop
Seat 3: Brest 77 (big blind) folded before Flop
Seat 4: falcao991 folded before Flop (didn't bet)
Seat 5: Morazmo folded on the River
Seat 6: HubertusB collected ($1.83)



PokerStars Zoom Hand #186130185768:  Hold'em No Limit ($0.02/$0.05) - 2018/05/07 22:40:45 CCT [2018/05/07 10:40:45 ET]
Table 'Donati' 6-max Seat #1 is the button
Seat 1: darkman11770 ($2.65 in chips) 
Seat 2: POLIDELLI ($3.68 in chips) 
Seat 3: HubertusB ($15.55 in chips) 
Seat 4: Mr.Nuttts ($5 in chips) 
Seat 5: Tak503 ($6.14 in chips) 
Seat 6: funfun55 ($5 in chips) 
POLIDELLI: posts small blind $0.02
HubertusB: posts big blind $0.05
*** HOLE CARDS ***
Dealt to HubertusB [9d Th]
Mr.Nuttts: folds 
Tak503: folds 
funfun55: raises $0.07 to $0.12
darkman11770: folds 
POLIDELLI: folds 
HubertusB: folds 
Uncalled bet ($0.07) returned to funfun55
funfun55 collected $0.12 from pot
funfun55: doesn't show hand 
*** SUMMARY ***
Total pot $0.12 | Rake $0 
Seat 1: darkman11770 (button) folded before Flop (didn't bet)
Seat 2: POLIDELLI (small blind) folded before Flop
Seat 3: HubertusB (big blind) folded before Flop
Seat 4: Mr.Nuttts folded before Flop (didn't bet)
Seat 5: Tak503 folded before Flop (didn't bet)
Seat 6: funfun55 collected ($0.12)



PokerStars Zoom Hand #186130190917:  Hold'em No Limit ($0.02/$0.05) - 2018/05/07 22:40:55 CCT [2018/05/07 10:40:55 ET]
Table 'Donati' 6-max Seat #1 is the button
Seat 1: Rubens 458 ($11.35 in chips) 
Seat 2: HubertusB ($15.50 in chips) 
Seat 3: AASiz ($5.20 in chips) 
Seat 4: yuriibenicio ($2.87 in chips) 
Seat 5: gutevich PP ($4.84 in chips) 
Seat 6: Misclee ($3.71 in chips) 
HubertusB: posts small blind $0.02
AASiz: posts big blind $0.05
*** HOLE CARDS ***
Dealt to HubertusB [Qh Jh]
yuriibenicio: folds 
gutevich PP: calls $0.05
Misclee: calls $0.05
Rubens 458: calls $0.05
HubertusB: raises $0.25 to $0.30
AASiz: calls $0.25
gutevich PP: calls $0.25
Misclee: calls $0.25
Rubens 458: calls $0.25
*** FLOP *** [8c Kd 3c]
HubertusB: checks 
AASiz: checks 
gutevich PP: bets $0.72
Misclee: calls $0.72
Rubens 458: folds 
HubertusB: folds 
AASiz: folds 
*** TURN *** [8c Kd 3c] [9d]
gutevich PP: checks 
Misclee: bets $1.22
gutevich PP: folds 
Uncalled bet ($1.22) returned to Misclee
Misclee collected $2.82 from pot
Misclee: doesn't show hand 
*** SUMMARY ***
Total pot $2.94 | Rake $0.12 
Board [8c Kd 3c 9d]
Seat 1: Rubens 458 (button) folded on the Flop
Seat 2: HubertusB (small blind) folded on the Flop
Seat 3: AASiz (big blind) folded on the Flop
Seat 4: yuriibenicio folded before Flop (didn't bet)
Seat 5: gutevich PP folded on the Turn
Seat 6: Misclee collected ($2.82)



PokerStars Zoom Hand #186130228234:  Hold'em No Limit ($0.02/$0.05) - 2018/05/07 22:42:07 CCT [2018/05/07 10:42:07 ET]
Table 'Donati' 6-max Seat #1 is the button
Seat 1: the_mise ($7.06 in chips) 
Seat 2: Brest 77 ($13.12 in chips) 
Seat 3: 1blanqueanu1 ($5.99 in chips) 
Seat 4: HubertusB ($15.20 in chips) 
Seat 5: sceptick ($5.51 in chips) 
Seat 6: qwlmn159951 ($6.81 in chips) 
Brest 77: posts small blind $0.02
1blanqueanu1: posts big blind $0.05
*** HOLE CARDS ***
Dealt to HubertusB [8c 6h]
HubertusB: folds 
sceptick: folds 
qwlmn159951: folds 
the_mise: folds 
Brest 77: folds 
Uncalled bet ($0.03) returned to 1blanqueanu1
1blanqueanu1 collected $0.04 from pot
1blanqueanu1: doesn't show hand 
*** SUMMARY ***
Total pot $0.04 | Rake $0 
Seat 1: the_mise (button) folded before Flop (didn't bet)
Seat 2: Brest 77 (small blind) folded before Flop
Seat 3: 1blanqueanu1 (big blind) collected ($0.04)
Seat 4: HubertusB folded before Flop (didn't bet)
Seat 5: sceptick folded before Flop (didn't bet)
Seat 6: qwlmn159951 folded before Flop (didn't bet)



PokerStars Zoom Hand #186130230799:  Hold'em No Limit ($0.02/$0.05) - 2018/05/07 22:42:12 CCT [2018/05/07 10:42:12 ET]
Table 'Donati' 6-max Seat #1 is the button
Seat 1: HubertusB ($15.20 in chips) 
Seat 2: Yuravas ($5.30 in chips) 
Seat 3: asd636 ($6.44 in chips) 
Seat 4: Guest533 ($7.21 in chips) 
Seat 5: Sarfus ($10.43 in chips) 
Seat 6: lightman124 ($5.09 in chips) 
Yuravas: posts small blind $0.02
asd636: posts big blind $0.05
*** HOLE CARDS ***
Dealt to HubertusB [Kc Kh]
Guest533: folds 
Sarfus: folds 
lightman124: raises $0.07 to $0.12
HubertusB: raises $0.23 to $0.35
Yuravas: folds 
asd636: folds 
lightman124: folds 
Uncalled bet ($0.23) returned to HubertusB
HubertusB collected $0.31 from pot
HubertusB: doesn't show hand 
*** SUMMARY ***
Total pot $0.31 | Rake $0 
Seat 1: HubertusB (button) collected ($0.31)
Seat 2: Yuravas (small blind) folded before Flop
Seat 3: asd636 (big blind) folded before Flop
Seat 4: Guest533 folded before Flop (didn't bet)
Seat 5: Sarfus folded before Flop (didn't bet)
Seat 6: lightman124 folded before Flop



PokerStars Zoom Hand #186130241324:  Hold'em No Limit ($0.02/$0.05) - 2018/05/07 22:42:32 CCT [2018/05/07 10:42:32 ET]
Table 'Donati' 6-max Seat #1 is the button
Seat 1: ewgen33 ($4.96 in chips) 
Seat 2: Zaakable ($6.54 in chips) 
Seat 3: Wickednobody ($5 in chips) 
Seat 4: thefr1ze ($5.76 in chips) 
Seat 5: HubertusB ($15.39 in chips) 
Seat 6: mayhem7777 ($3.94 in chips) 
Zaakable: posts small blind $0.02
Wickednobody: posts big blind $0.05
*** HOLE CARDS ***
Dealt to HubertusB [Jd Kc]
thefr1ze: folds 
HubertusB: raises $0.07 to $0.12
mayhem7777: folds 
ewgen33: folds 
Zaakable: folds 
Wickednobody: calls $0.07
*** FLOP *** [7d 4d 9c]
Wickednobody: checks 
HubertusB: checks 
*** TURN *** [7d 4d 9c] [Qs]
Wickednobody: checks 
HubertusB: bets $0.17
Wickednobody: folds 
Uncalled bet ($0.17) returned to HubertusB
HubertusB collected $0.25 from pot
HubertusB: doesn't show hand 
*** SUMMARY ***
Total pot $0.26 | Rake $0.01 
Board [7d 4d 9c Qs]
Seat 1: ewgen33 (button) folded before Flop (didn't bet)
Seat 2: Zaakable (small blind) folded before Flop
Seat 3: Wickednobody (big blind) folded on the Turn
Seat 4: thefr1ze folded before Flop (didn't bet)
Seat 5: HubertusB collected ($0.25)
Seat 6: mayhem7777 folded before Flop (didn't bet)



PokerStars Zoom Hand #186130260597:  Hold'em No Limit ($0.02/$0.05) - 2018/05/07 22:43:09 CCT [2018/05/07 10:43:09 ET]
Table 'Donati' 6-max Seat #1 is the button
Seat 1: 32jackass ($6.41 in chips) 
Seat 2: DSJekov ($9.62 in chips) 
Seat 3: perry623 ($5.04 in chips) 
Seat 4: asd636 ($6.44 in chips) 
Seat 5: PhenixRubedo ($6.07 in chips) 
Seat 6: HubertusB ($15.52 in chips) 
DSJekov: posts small blind $0.02
perry623: posts big blind $0.05
*** HOLE CARDS ***
Dealt to HubertusB [7s Tc]
asd636: folds 
PhenixRubedo: folds 
HubertusB: folds 
32jackass: folds 
DSJekov: raises $0.10 to $0.15
perry623: folds 
Uncalled bet ($0.10) returned to DSJekov
DSJekov collected $0.10 from pot
DSJekov: doesn't show hand 
*** SUMMARY ***
Total pot $0.10 | Rake $0 
Seat 1: 32jackass (button) folded before Flop (didn't bet)
Seat 2: DSJekov (small blind) collected ($0.10)
Seat 3: perry623 (big blind) folded before Flop
Seat 4: asd636 folded before Flop (didn't bet)
Seat 5: PhenixRubedo folded before Flop (didn't bet)
Seat 6: HubertusB folded before Flop (didn't bet)



PokerStars Zoom Hand #186130263700:  Hold'em No Limit ($0.02/$0.05) - 2018/05/07 22:43:15 CCT [2018/05/07 10:43:15 ET]
Table 'Donati' 6-max Seat #1 is the button
Seat 1: tatkoto_bg ($5.64 in chips) 
Seat 2: veasna ($28.83 in chips) 
Seat 3: Coyot1ger ($3 in chips) 
Seat 4: HubertusB ($15.52 in chips) 
Seat 5: Raven434 ($6.65 in chips) 
Seat 6: PSMo3ak ($5.43 in chips) 
veasna: posts small blind $0.02
Coyot1ger: posts big blind $0.05
*** HOLE CARDS ***
Dealt to HubertusB [8d 6h]
HubertusB: folds 
Raven434: folds 
PSMo3ak: raises $0.10 to $0.15
tatkoto_bg: folds 
veasna: folds 
Coyot1ger: calls $0.10
*** FLOP *** [4s 6s 9c]
Coyot1ger: checks 
PSMo3ak: bets $0.27
Coyot1ger: folds 
Uncalled bet ($0.27) returned to PSMo3ak
PSMo3ak collected $0.31 from pot
PSMo3ak: doesn't show hand 
*** SUMMARY ***
Total pot $0.32 | Rake $0.01 
Board [4s 6s 9c]
Seat 1: tatkoto_bg (button) folded before Flop (didn't bet)
Seat 2: veasna (small blind) folded before Flop
Seat 3: Coyot1ger (big blind) folded on the Flop
Seat 4: HubertusB folded before Flop (didn't bet)
Seat 5: Raven434 folded before Flop (didn't bet)
Seat 6: PSMo3ak collected ($0.31)



PokerStars Zoom Hand #186130266326:  Hold'em No Limit ($0.02/$0.05) - 2018/05/07 22:43:20 CCT [2018/05/07 10:43:20 ET]
Table 'Donati' 6-max Seat #1 is the button
Seat 1: Tosch85 ($5.21 in chips) 
Seat 2: sada1488 ($8.10 in chips) 
Seat 3: HubertusB ($15.52 in chips) 
Seat 4: andrej_@7995 ($5.56 in chips) 
Seat 5: johancrypton ($5.58 in chips) 
Seat 6: mojomike13 ($8.43 in chips) 
sada1488: posts small blind $0.02
HubertusB: posts big blind $0.05
*** HOLE CARDS ***
Dealt to HubertusB [7d 6d]
andrej_@7995: raises $0.10 to $0.15
johancrypton: folds 
mojomike13: folds 
Tosch85: folds 
sada1488: raises $0.10 to $0.25
HubertusB: folds 
andrej_@7995: calls $0.10
*** FLOP *** [Th 6c 3d]
sada1488: bets $0.27
andrej_@7995: folds 
Uncalled bet ($0.27) returned to sada1488
sada1488 collected $0.53 from pot
sada1488: doesn't show hand 
*** SUMMARY ***
Total pot $0.55 | Rake $0.02 
Board [Th 6c 3d]
Seat 1: Tosch85 (button) folded before Flop (didn't bet)
Seat 2: sada1488 (small blind) collected ($0.53)
Seat 3: HubertusB (big blind) folded before Flop
Seat 4: andrej_@7995 folded on the Flop
Seat 5: johancrypton folded before Flop (didn't bet)
Seat 6: mojomike13 folded before Flop (didn't bet)



PokerStars Zoom Hand #186130276250:  Hold'em No Limit ($0.02/$0.05) - 2018/05/07 22:43:39 CCT [2018/05/07 10:43:39 ET]
Table 'Donati' 6-max Seat #1 is the button
Seat 1: HubertusB ($15.47 in chips) 
Seat 2: Blackantz ($5.40 in chips) 
Seat 3: Rusherito87 ($6.83 in chips) 
Seat 4: Wickednobody ($5.05 in chips) 
Seat 5: PSMo3ak ($5.57 in chips) 
Seat 6: chesm ($5.30 in chips) 
Blackantz: posts small blind $0.02
Rusherito87: posts big blind $0.05
*** HOLE CARDS ***
Dealt to HubertusB [Kh 6c]
Wickednobody: folds 
PSMo3ak: raises $0.10 to $0.15
chesm: folds 
HubertusB: folds 
Blackantz: folds 
Rusherito87: folds 
Uncalled bet ($0.10) returned to PSMo3ak
PSMo3ak collected $0.12 from pot
PSMo3ak: doesn't show hand 
*** SUMMARY ***
Total pot $0.12 | Rake $0 
Seat 1: HubertusB (button) folded before Flop (didn't bet)
Seat 2: Blackantz (small blind) folded before Flop
Seat 3: Rusherito87 (big blind) folded before Flop
Seat 4: Wickednobody folded before Flop (didn't bet)
Seat 5: PSMo3ak collected ($0.12)
Seat 6: chesm folded before Flop (didn't bet)



PokerStars Zoom Hand #186130278896:  Hold'em No Limit ($0.02/$0.05) - 2018/05/07 22:43:44 CCT [2018/05/07 10:43:44 ET]
Table 'Donati' 6-max Seat #1 is the button
Seat 1: Casinoca$h ($8.32 in chips) 
Seat 2: HubertusB ($15.47 in chips) 
Seat 3: Yuravas ($5 in chips) 
Seat 4: 32jackass ($5 in chips) 
Seat 5: geass0621 ($4.95 in chips) 
Seat 6: AASiz ($5 in chips) 
HubertusB: posts small blind $0.02
Yuravas: posts big blind $0.05
*** HOLE CARDS ***
Dealt to HubertusB [9d 8h]
32jackass: folds 
geass0621: raises $0.10 to $0.15
AASiz: folds 
Casinoca$h: calls $0.15
HubertusB: folds 
Yuravas: folds 
*** FLOP *** [9c Tc Kh]
geass0621: checks 
Casinoca$h: checks 
*** TURN *** [9c Tc Kh] [Jc]
geass0621: checks 
Casinoca$h: bets $0.15
geass0621: folds 
Uncalled bet ($0.15) returned to Casinoca$h
Casinoca$h collected $0.35 from pot
Casinoca$h: doesn't show hand 
*** SUMMARY ***
Total pot $0.37 | Rake $0.02 
Board [9c Tc Kh Jc]
Seat 1: Casinoca$h (button) collected ($0.35)
Seat 2: HubertusB (small blind) folded before Flop
Seat 3: Yuravas (big blind) folded before Flop
Seat 4: 32jackass folded before Flop (didn't bet)
Seat 5: geass0621 folded on the Turn
Seat 6: AASiz folded before Flop (didn't bet)



PokerStars Zoom Hand #186130281956:  Hold'em No Limit ($0.02/$0.05) - 2018/05/07 22:43:50 CCT [2018/05/07 10:43:50 ET]
Table 'Donati' 6-max Seat #1 is the button
Seat 1: BelSv ($5 in chips) 
Seat 2: BLEF-ALLIN ($4.48 in chips) 
Seat 3: Brejk96 ($3.27 in chips) 
Seat 4: GrindSven ($5.12 in chips) 
Seat 5: frostie96 ($0.94 in chips) 
Seat 6: HubertusB ($15.45 in chips) 
BLEF-ALLIN: posts small blind $0.02
Brejk96: posts big blind $0.05
*** HOLE CARDS ***
Dealt to HubertusB [Kd Kc]
GrindSven: folds 
frostie96: calls $0.05
HubertusB: raises $0.15 to $0.20
BelSv: folds 
BLEF-ALLIN: folds 
Brejk96: folds 
frostie96: raises $0.74 to $0.94 and is all-in
HubertusB: calls $0.74
*** FLOP *** [6d Ts 2d]
*** TURN *** [6d Ts 2d] [8h]
*** RIVER *** [6d Ts 2d 8h] [8c]
*** SHOW DOWN ***
frostie96: shows [Th Ah] (two pair, Tens and Eights)
HubertusB: shows [Kd Kc] (two pair, Kings and Eights)
HubertusB collected $1.87 from pot
*** SUMMARY ***
Total pot $1.95 | Rake $0.08 
Board [6d Ts 2d 8h 8c]
Seat 1: BelSv (button) folded before Flop (didn't bet)
Seat 2: BLEF-ALLIN (small blind) folded before Flop
Seat 3: Brejk96 (big blind) folded before Flop
Seat 4: GrindSven folded before Flop (didn't bet)
Seat 5: frostie96 showed [Th Ah] and lost with two pair, Tens and Eights
Seat 6: HubertusB showed [Kd Kc] and won ($1.87) with two pair, Kings and Eights



PokerStars Zoom Hand #186130303064:  Hold'em No Limit ($0.02/$0.05) - 2018/05/07 22:44:30 CCT [2018/05/07 10:44:30 ET]
Table 'Donati' 6-max Seat #1 is the button
Seat 1: xiazhen ($9.80 in chips) 
Seat 2: dumpassos ($5.09 in chips) 
Seat 3: HubertusB ($16.38 in chips) 
Seat 4: pa1nback ($9.36 in chips) 
Seat 5: DmitriFm ($2.51 in chips) 
Seat 6: B. Bomfim ($12.43 in chips) 
dumpassos: posts small blind $0.02
HubertusB: posts big blind $0.05
*** HOLE CARDS ***
Dealt to HubertusB [7d 3s]
pa1nback: folds 
DmitriFm: folds 
B. Bomfim: folds 
xiazhen: folds 
dumpassos: raises $0.10 to $0.15
HubertusB: folds 
Uncalled bet ($0.10) returned to dumpassos
dumpassos collected $0.10 from pot
dumpassos: doesn't show hand 
*** SUMMARY ***
Total pot $0.10 | Rake $0 
Seat 1: xiazhen (button) folded before Flop (didn't bet)
Seat 2: dumpassos (small blind) collected ($0.10)
Seat 3: HubertusB (big blind) folded before Flop
Seat 4: pa1nback folded before Flop (didn't bet)
Seat 5: DmitriFm folded before Flop (didn't bet)
Seat 6: B. Bomfim folded before Flop (didn't bet)



PokerStars Zoom Hand #186130309857:  Hold'em No Limit ($0.02/$0.05) - 2018/05/07 22:44:43 CCT [2018/05/07 10:44:43 ET]
Table 'Donati' 6-max Seat #1 is the button
Seat 1: HubertusB ($16.33 in chips) 
Seat 2: Tosch85 ($7.44 in chips) 
Seat 3: remark800 ($3.66 in chips) 
Seat 4: BelSv ($5.16 in chips) 
Seat 5: Blackantz ($5.79 in chips) 
Seat 6: csebonite ($5.82 in chips) 
Tosch85: posts small blind $0.02
remark800: posts big blind $0.05
*** HOLE CARDS ***
Dealt to HubertusB [Td Ac]
BelSv: folds 
Blackantz: raises $0.09 to $0.14
csebonite: folds 
HubertusB: folds 
Tosch85: folds 
remark800: folds 
Uncalled bet ($0.09) returned to Blackantz
Blackantz collected $0.12 from pot
Blackantz: doesn't show hand 
*** SUMMARY ***
Total pot $0.12 | Rake $0 
Seat 1: HubertusB (button) folded before Flop (didn't bet)
Seat 2: Tosch85 (small blind) folded before Flop
Seat 3: remark800 (big blind) folded before Flop
Seat 4: BelSv folded before Flop (didn't bet)
Seat 5: Blackantz collected ($0.12)
Seat 6: csebonite folded before Flop (didn't bet)



PokerStars Zoom Hand #186130318644:  Hold'em No Limit ($0.02/$0.05) - 2018/05/07 22:45:00 CCT [2018/05/07 10:45:00 ET]
Table 'Donati' 6-max Seat #1 is the button
Seat 1: Guest533 ($8.37 in chips) 
Seat 2: rossiton ($3.07 in chips) 
Seat 3: awl78 ($7.15 in chips) 
Seat 4: opopo0009 ($5.33 in chips) 
Seat 5: HubertusB ($16.33 in chips) 
Seat 6: moizec ($4.78 in chips) 
rossiton: posts small blind $0.02
awl78: posts big blind $0.05
*** HOLE CARDS ***
Dealt to HubertusB [2h 2c]
opopo0009: folds 
HubertusB: raises $0.07 to $0.12
moizec: folds 
Guest533: folds 
rossiton: folds 
awl78: folds 
Uncalled bet ($0.07) returned to HubertusB
HubertusB collected $0.12 from pot
HubertusB: doesn't show hand 
*** SUMMARY ***
Total pot $0.12 | Rake $0 
Seat 1: Guest533 (button) folded before Flop (didn't bet)
Seat 2: rossiton (small blind) folded before Flop
Seat 3: awl78 (big blind) folded before Flop
Seat 4: opopo0009 folded before Flop (didn't bet)
Seat 5: HubertusB collected ($0.12)
Seat 6: moizec folded before Flop (didn't bet)



PokerStars Zoom Hand #186130332521:  Hold'em No Limit ($0.02/$0.05) - 2018/05/07 22:45:27 CCT [2018/05/07 10:45:27 ET]
Table 'Donati' 6-max Seat #1 is the button
Seat 1: GIIELLL ($10.31 in chips) 
Seat 2: HubertusB ($16.40 in chips) 
Seat 3: chiicoo=] ($9.85 in chips) 
Seat 4: CIDUL21 ($4.84 in chips) 
Seat 5: Elijah888 ($4.94 in chips) 
Seat 6: D.Braginson ($3.60 in chips) 
HubertusB: posts small blind $0.02
chiicoo=]: posts big blind $0.05
*** HOLE CARDS ***
Dealt to HubertusB [5c 4h]
CIDUL21: folds 
Elijah888: folds 
D.Braginson: folds 
GIIELLL: folds 
HubertusB: folds 
Uncalled bet ($0.03) returned to chiicoo=]
chiicoo=] collected $0.04 from pot
chiicoo=]: doesn't show hand 
*** SUMMARY ***
Total pot $0.04 | Rake $0 
Seat 1: GIIELLL (button) folded before Flop (didn't bet)
Seat 2: HubertusB (small blind) folded before Flop
Seat 3: chiicoo=] (big blind) collected ($0.04)
Seat 4: CIDUL21 folded before Flop (didn't bet)
Seat 5: Elijah888 folded before Flop (didn't bet)
Seat 6: D.Braginson folded before Flop (didn't bet)



PokerStars Zoom Hand #186130335654:  Hold'em No Limit ($0.02/$0.05) - 2018/05/07 22:45:33 CCT [2018/05/07 10:45:33 ET]
Table 'Donati' 6-max Seat #1 is the button
Seat 1: Romzes V ($5 in chips) 
Seat 2: Blackantz ($5.81 in chips) 
Seat 3: DreamW1zard ($10.55 in chips) 
Seat 4: pa1nback ($9.36 in chips) 
Seat 5: falcao991 ($12.63 in chips) 
Seat 6: HubertusB ($16.38 in chips) 
Blackantz: posts small blind $0.02
DreamW1zard: posts big blind $0.05
*** HOLE CARDS ***
Dealt to HubertusB [4d 2s]
pa1nback: folds 
falcao991: raises $0.10 to $0.15
HubertusB: folds 
Romzes V: folds 
Blackantz: folds 
DreamW1zard: calls $0.10
*** FLOP *** [2d 7c Ts]
DreamW1zard: checks 
falcao991: checks 
*** TURN *** [2d 7c Ts] [9c]
DreamW1zard: bets $0.17
falcao991: calls $0.17
*** RIVER *** [2d 7c Ts 9c] [4c]
DreamW1zard: bets $0.35
falcao991: calls $0.35
*** SHOW DOWN ***
DreamW1zard: shows [2h 9h] (two pair, Nines and Deuces)
falcao991: mucks hand 
DreamW1zard collected $1.30 from pot
*** SUMMARY ***
Total pot $1.36 | Rake $0.06 
Board [2d 7c Ts 9c 4c]
Seat 1: Romzes V (button) folded before Flop (didn't bet)
Seat 2: Blackantz (small blind) folded before Flop
Seat 3: DreamW1zard (big blind) showed [2h 9h] and won ($1.30) with two pair, Nines and Deuces
Seat 4: pa1nback folded before Flop (didn't bet)
Seat 5: falcao991 mucked [7d Ad]
Seat 6: HubertusB folded before Flop (didn't bet)



PokerStars Zoom Hand #186130330561:  Hold'em No Limit ($0.02/$0.05) - 2018/05/07 22:45:23 CCT [2018/05/07 10:45:23 ET]
Table 'Donati' 6-max Seat #1 is the button
Seat 1: qwlmn159951 ($4.49 in chips) 
Seat 2: PSMo3ak ($5.38 in chips) 
Seat 3: ps-vadik ($26.37 in chips) 
Seat 4: HubertusB ($16.40 in chips) 
Seat 5: chesm ($6.03 in chips) 
Seat 6: CarlosMT883 ($8.08 in chips) 
PSMo3ak: posts small blind $0.02
ps-vadik: posts big blind $0.05
*** HOLE CARDS ***
Dealt to HubertusB [4h Td]
HubertusB: folds 
chesm: raises $0.10 to $0.15
CarlosMT883: folds 
qwlmn159951: folds 
PSMo3ak: folds 
ps-vadik: calls $0.10
*** FLOP *** [7s 9h Qh]
ps-vadik: bets $0.15
chesm: raises $0.31 to $0.46
ps-vadik: calls $0.31
*** TURN *** [7s 9h Qh] [Ac]
ps-vadik: checks 
chesm: bets $1.10
ps-vadik: folds 
Uncalled bet ($1.10) returned to chesm
chesm collected $1.19 from pot
chesm: doesn't show hand 
*** SUMMARY ***
Total pot $1.24 | Rake $0.05 
Board [7s 9h Qh Ac]
Seat 1: qwlmn159951 (button) folded before Flop (didn't bet)
Seat 2: PSMo3ak (small blind) folded before Flop
Seat 3: ps-vadik (big blind) folded on the Turn
Seat 4: HubertusB folded before Flop (didn't bet)
Seat 5: chesm collected ($1.19)
Seat 6: CarlosMT883 folded before Flop (didn't bet)



PokerStars Zoom Hand #186130338306:  Hold'em No Limit ($0.02/$0.05) - 2018/05/07 22:45:38 CCT [2018/05/07 10:45:38 ET]
Table 'Donati' 6-max Seat #1 is the button
Seat 1: alanz1982 ($6.59 in chips) 
Seat 2: SeU85 ($9.58 in chips) 
Seat 3: CIDUL21 ($4.84 in chips) 
Seat 4: GRAYSPRAY ($13.80 in chips) 
Seat 5: HubertusB ($16.38 in chips) 
Seat 6: Draugsvoll ($5.14 in chips) 
SeU85: posts small blind $0.02
CIDUL21: posts big blind $0.05
*** HOLE CARDS ***
Dealt to HubertusB [4d Jd]
GRAYSPRAY: folds 
HubertusB: folds 
Draugsvoll: folds 
alanz1982: raises $0.10 to $0.15
SeU85: folds 
CIDUL21: calls $0.10
*** FLOP *** [3d 9h 6c]
CIDUL21: checks 
alanz1982: bets $0.16
CIDUL21: calls $0.16
*** TURN *** [3d 9h 6c] [8d]
CIDUL21: checks 
alanz1982: checks 
*** RIVER *** [3d 9h 6c 8d] [3h]
CIDUL21: bets $0.42
alanz1982: folds 
Uncalled bet ($0.42) returned to CIDUL21
CIDUL21 collected $0.61 from pot
CIDUL21: doesn't show hand 
*** SUMMARY ***
Total pot $0.64 | Rake $0.03 
Board [3d 9h 6c 8d 3h]
Seat 1: alanz1982 (button) folded on the River
Seat 2: SeU85 (small blind) folded before Flop
Seat 3: CIDUL21 (big blind) collected ($0.61)
Seat 4: GRAYSPRAY folded before Flop (didn't bet)
Seat 5: HubertusB folded before Flop (didn't bet)
Seat 6: Draugsvoll folded before Flop (didn't bet)



PokerStars Zoom Hand #186130359058:  Hold'em No Limit ($0.02/$0.05) - 2018/05/07 22:46:18 CCT [2018/05/07 10:46:18 ET]
Table 'Donati' 6-max Seat #1 is the button
Seat 1: Alexnik59 ($2.36 in chips) 
Seat 2: KuoSai ($5 in chips) 
Seat 3: aslan_bm ($5.55 in chips) 
Seat 4: HubertusB ($16.33 in chips) 
Seat 5: FOX 0027 ($6.91 in chips) 
Seat 6: alfa846 ($5 in chips) 
KuoSai: posts small blind $0.02
aslan_bm: posts big blind $0.05
*** HOLE CARDS ***
Dealt to HubertusB [3c 7s]
HubertusB: folds 
FOX 0027: folds 
alfa846: folds 
Alexnik59: raises $0.10 to $0.15
KuoSai: folds 
aslan_bm: folds 
Uncalled bet ($0.10) returned to Alexnik59
Alexnik59 collected $0.12 from pot
Alexnik59: doesn't show hand 
*** SUMMARY ***
Total pot $0.12 | Rake $0 
Seat 1: Alexnik59 (button) collected ($0.12)
Seat 2: KuoSai (small blind) folded before Flop
Seat 3: aslan_bm (big blind) folded before Flop
Seat 4: HubertusB folded before Flop (didn't bet)
Seat 5: FOX 0027 folded before Flop (didn't bet)
Seat 6: alfa846 folded before Flop (didn't bet)



PokerStars Zoom Hand #186130362107:  Hold'em No Limit ($0.02/$0.05) - 2018/05/07 22:46:24 CCT [2018/05/07 10:46:24 ET]
Table 'Donati' 6-max Seat #1 is the button
Seat 1: Quorthon_Zei ($5.81 in chips) 
Seat 2: HubertusB ($16.33 in chips) 
Seat 3: remark800 ($3.73 in chips) 
Seat 4: CarlosMT883 ($8.02 in chips) 
Seat 5: yumeko0001 ($8.33 in chips) 
Seat 6: GabrielCH88 ($7.16 in chips) 
HubertusB: posts small blind $0.02
remark800: posts big blind $0.05
*** HOLE CARDS ***
Dealt to HubertusB [9c 5c]
CarlosMT883: folds 
yumeko0001: folds 
GabrielCH88: folds 
Quorthon_Zei: folds 
HubertusB: raises $0.07 to $0.12
remark800: calls $0.07
*** FLOP *** [Jd 7d As]
HubertusB: bets $0.16
remark800: raises $0.29 to $0.45
HubertusB: folds 
Uncalled bet ($0.29) returned to remark800
remark800 collected $0.54 from pot
remark800: doesn't show hand 
*** SUMMARY ***
Total pot $0.56 | Rake $0.02 
Board [Jd 7d As]
Seat 1: Quorthon_Zei (button) folded before Flop (didn't bet)
Seat 2: HubertusB (small blind) folded on the Flop
Seat 3: remark800 (big blind) collected ($0.54)
Seat 4: CarlosMT883 folded before Flop (didn't bet)
Seat 5: yumeko0001 folded before Flop (didn't bet)
Seat 6: GabrielCH88 folded before Flop (didn't bet)



PokerStars Zoom Hand #186130378122:  Hold'em No Limit ($0.02/$0.05) - 2018/05/07 22:46:55 CCT [2018/05/07 10:46:55 ET]
Table 'Donati' 6-max Seat #1 is the button
Seat 1: HubertusB ($16.05 in chips) 
Seat 2: DrWholmes ($5.15 in chips) 
Seat 3: Big Ludadig ($2.50 in chips) 
Seat 4: crawerman ($9.21 in chips) 
Seat 5: ReFleXHH ($5.25 in chips) 
Seat 6: PhenixRubedo ($5.33 in chips) 
DrWholmes: posts small blind $0.02
Big Ludadig: posts big blind $0.05
*** HOLE CARDS ***
Dealt to HubertusB [8d 5d]
crawerman: folds 
ReFleXHH: folds 
PhenixRubedo: folds 
HubertusB: raises $0.05 to $0.10
DrWholmes: folds 
Big Ludadig: folds 
Uncalled bet ($0.05) returned to HubertusB
HubertusB collected $0.12 from pot
HubertusB: doesn't show hand 
*** SUMMARY ***
Total pot $0.12 | Rake $0 
Seat 1: HubertusB (button) collected ($0.12)
Seat 2: DrWholmes (small blind) folded before Flop
Seat 3: Big Ludadig (big blind) folded before Flop
Seat 4: crawerman folded before Flop (didn't bet)
Seat 5: ReFleXHH folded before Flop (didn't bet)
Seat 6: PhenixRubedo folded before Flop (didn't bet)



PokerStars Zoom Hand #186130384760:  Hold'em No Limit ($0.02/$0.05) - 2018/05/07 22:47:08 CCT [2018/05/07 10:47:08 ET]
Table 'Donati' 6-max Seat #1 is the button
Seat 1: Bahom ($5 in chips) 
Seat 2: alfa846 ($5.22 in chips) 
Seat 3: suger309 ($6.52 in chips) 
Seat 4: chesm ($6.13 in chips) 
Seat 5: trombe325 ($8.16 in chips) 
Seat 6: HubertusB ($16.12 in chips) 
alfa846: posts small blind $0.02
suger309: posts big blind $0.05
*** HOLE CARDS ***
Dealt to HubertusB [7d Tc]
chesm: folds 
trombe325: raises $0.10 to $0.15
HubertusB: folds 
Bahom: folds 
alfa846: folds 
suger309: folds 
Uncalled bet ($0.10) returned to trombe325
trombe325 collected $0.12 from pot
trombe325: doesn't show hand 
*** SUMMARY ***
Total pot $0.12 | Rake $0 
Seat 1: Bahom (button) folded before Flop (didn't bet)
Seat 2: alfa846 (small blind) folded before Flop
Seat 3: suger309 (big blind) folded before Flop
Seat 4: chesm folded before Flop (didn't bet)
Seat 5: trombe325 collected ($0.12)
Seat 6: HubertusB folded before Flop (didn't bet)



PokerStars Zoom Hand #186130342447:  Hold'em No Limit ($0.02/$0.05) - 2018/05/07 22:45:46 CCT [2018/05/07 10:45:46 ET]
Table 'Donati' 6-max Seat #1 is the button
Seat 1: Morazmo ($5 in chips) 
Seat 2: St_Curly21 ($15.95 in chips) 
Seat 3: HubertusB ($16.38 in chips) 
Seat 4: PonyBoyP ($17.01 in chips) 
Seat 5: AASiz ($11.90 in chips) 
Seat 6: chiicoo=] ($14.83 in chips) 
St_Curly21: posts small blind $0.02
HubertusB: posts big blind $0.05
*** HOLE CARDS ***
Dealt to HubertusB [Td 8d]
PonyBoyP: raises $0.10 to $0.15
AASiz: folds 
chiicoo=]: raises $0.40 to $0.55
Morazmo: folds 
St_Curly21: folds 
HubertusB: folds 
PonyBoyP: calls $0.40
*** FLOP *** [5s 6d 8s]
PonyBoyP: checks 
chiicoo=]: bets $0.60
PonyBoyP: calls $0.60
*** TURN *** [5s 6d 8s] [6s]
PonyBoyP: checks 
chiicoo=]: checks 
*** RIVER *** [5s 6d 8s 6s] [2h]
PonyBoyP: checks 
chiicoo=]: bets $1.10
PonyBoyP: calls $1.10
*** SHOW DOWN ***
chiicoo=]: shows [Jh 9h] (a pair of Sixes)
PonyBoyP: shows [Ks Ac] (a pair of Sixes - Ace kicker)
PonyBoyP collected $4.38 from pot
*** SUMMARY ***
Total pot $4.57 | Rake $0.19 
Board [5s 6d 8s 6s 2h]
Seat 1: Morazmo (button) folded before Flop (didn't bet)
Seat 2: St_Curly21 (small blind) folded before Flop
Seat 3: HubertusB (big blind) folded before Flop
Seat 4: PonyBoyP showed [Ks Ac] and won ($4.38) with a pair of Sixes
Seat 5: AASiz folded before Flop (didn't bet)
Seat 6: chiicoo=] showed [Jh 9h] and lost with a pair of Sixes



PokerStars Zoom Hand #186130375564:  Hold'em No Limit ($0.02/$0.05) - 2018/05/07 22:46:50 CCT [2018/05/07 10:46:50 ET]
Table 'Donati' 6-max Seat #1 is the button
Seat 1: GabrielCH88 ($7.23 in chips) 
Seat 2: IssyE ($1.89 in chips) 
Seat 3: Draugsvoll ($5.54 in chips) 
Seat 4: mojomike13 ($6.28 in chips) 
Seat 5: HubertusB ($16.05 in chips) 
Seat 6: kdenev ($5.18 in chips) 
IssyE: posts small blind $0.02
Draugsvoll: posts big blind $0.05
*** HOLE CARDS ***
Dealt to HubertusB [Qc 3c]
mojomike13: raises $0.07 to $0.12
HubertusB: folds 
kdenev: folds 
GabrielCH88: raises $0.33 to $0.45
IssyE: calls $0.43
Draugsvoll: folds 
mojomike13: calls $0.33
*** FLOP *** [8h Jd 2s]
IssyE: checks 
mojomike13: checks 
GabrielCH88: checks 
*** TURN *** [8h Jd 2s] [8c]
IssyE: checks 
mojomike13: bets $0.80
GabrielCH88: calls $0.80
IssyE: calls $0.80
*** RIVER *** [8h Jd 2s 8c] [2h]
IssyE: checks 
mojomike13: bets $5.03 and is all-in
GabrielCH88: folds 
IssyE: calls $0.64 and is all-in
Uncalled bet ($4.39) returned to mojomike13
*** SHOW DOWN ***
mojomike13: shows [7h 7c] (two pair, Eights and Sevens)
IssyE: shows [Qh Ah] (two pair, Eights and Deuces)
mojomike13 collected $4.87 from pot
*** SUMMARY ***
Total pot $5.08 | Rake $0.21 
Board [8h Jd 2s 8c 2h]
Seat 1: GabrielCH88 (button) folded on the River
Seat 2: IssyE (small blind) showed [Qh Ah] and lost with two pair, Eights and Deuces
Seat 3: Draugsvoll (big blind) folded before Flop
Seat 4: mojomike13 showed [7h 7c] and won ($4.87) with two pair, Eights and Sevens
Seat 5: HubertusB folded before Flop (didn't bet)
Seat 6: kdenev folded before Flop (didn't bet)



PokerStars Zoom Hand #186130387949:  Hold'em No Limit ($0.02/$0.05) - 2018/05/07 22:47:14 CCT [2018/05/07 10:47:14 ET]
Table 'Donati' 6-max Seat #1 is the button
Seat 1: Zigibit ($2.44 in chips) 
Seat 2: Draugsvoll ($5.49 in chips) 
Seat 3: HubertusB ($16.12 in chips) 
Seat 4: Variance3k ($14.53 in chips) 
Seat 5: PhenixRubedo ($6.82 in chips) 
Seat 6: lokomotywa80 ($5.08 in chips) 
Draugsvoll: posts small blind $0.02
HubertusB: posts big blind $0.05
*** HOLE CARDS ***
Dealt to HubertusB [Kh Js]
Variance3k: folds 
PhenixRubedo: folds 
lokomotywa80: folds 
Zigibit: calls $0.05
Draugsvoll: raises $0.17 to $0.22
HubertusB: raises $0.53 to $0.75
Zigibit: folds 
Draugsvoll: calls $0.53
*** FLOP *** [Td 7c As]
Draugsvoll: checks 
HubertusB: bets $0.70
Draugsvoll: calls $0.70
*** TURN *** [Td 7c As] [9d]
Draugsvoll: checks 
HubertusB: checks 
*** RIVER *** [Td 7c As 9d] [Kd]
Draugsvoll: checks 
HubertusB: checks 
*** SHOW DOWN ***
Draugsvoll: shows [Ad Ah] (three of a kind, Aces)
HubertusB: mucks hand 
Draugsvoll collected $2.83 from pot
*** SUMMARY ***
Total pot $2.95 | Rake $0.12 
Board [Td 7c As 9d Kd]
Seat 1: Zigibit (button) folded before Flop
Seat 2: Draugsvoll (small blind) showed [Ad Ah] and won ($2.83) with three of a kind, Aces
Seat 3: HubertusB (big blind) mucked [Kh Js]
Seat 4: Variance3k folded before Flop (didn't bet)
Seat 5: PhenixRubedo folded before Flop (didn't bet)
Seat 6: lokomotywa80 folded before Flop (didn't bet)



PokerStars Zoom Hand #186130444484:  Hold'em No Limit ($0.02/$0.05) - 2018/05/07 22:49:03 CCT [2018/05/07 10:49:03 ET]
Table 'Donati' 6-max Seat #1 is the button
Seat 1: PhenixRubedo ($10.06 in chips) 
Seat 2: Blackantz ($5.60 in chips) 
Seat 3: Guest533 ($7.80 in chips) 
Seat 4: HubertusB ($14.67 in chips) 
Seat 5: crawerman ($8.97 in chips) 
Seat 6: leshiy277 ($4.91 in chips) 
Blackantz: posts small blind $0.02
Guest533: posts big blind $0.05
*** HOLE CARDS ***
Dealt to HubertusB [7s Qh]
HubertusB: folds 
crawerman: raises $0.10 to $0.15
leshiy277: folds 
PhenixRubedo: folds 
Blackantz: folds 
Guest533: folds 
Uncalled bet ($0.10) returned to crawerman
crawerman collected $0.12 from pot
crawerman: doesn't show hand 
*** SUMMARY ***
Total pot $0.12 | Rake $0 
Seat 1: PhenixRubedo (button) folded before Flop (didn't bet)
Seat 2: Blackantz (small blind) folded before Flop
Seat 3: Guest533 (big blind) folded before Flop
Seat 4: HubertusB folded before Flop (didn't bet)
Seat 5: crawerman collected ($0.12)
Seat 6: leshiy277 folded before Flop (didn't bet)



PokerStars Zoom Hand #186130448144:  Hold'em No Limit ($0.02/$0.05) - 2018/05/07 22:49:10 CCT [2018/05/07 10:49:10 ET]
Table 'Donati' 6-max Seat #1 is the button
Seat 1: HubertusB ($14.67 in chips) 
Seat 2: Pokernoid777 ($8.40 in chips) 
Seat 3: CarlosMT883 ($7.17 in chips) 
Seat 4: DmitriFm ($2.18 in chips) 
Seat 5: Rocbis ($5.53 in chips) 
Seat 6: KAOS8484 ($5.56 in chips) 
Pokernoid777: posts small blind $0.02
CarlosMT883: posts big blind $0.05
*** HOLE CARDS ***
Dealt to HubertusB [As 6c]
DmitriFm: folds 
Rocbis: raises $0.10 to $0.15
KAOS8484: raises $0.30 to $0.45
HubertusB: folds 
Pokernoid777: folds 
CarlosMT883: folds 
Rocbis: folds 
Uncalled bet ($0.30) returned to KAOS8484
KAOS8484 collected $0.37 from pot
KAOS8484: doesn't show hand 
*** SUMMARY ***
Total pot $0.37 | Rake $0 
Seat 1: HubertusB (button) folded before Flop (didn't bet)
Seat 2: Pokernoid777 (small blind) folded before Flop
Seat 3: CarlosMT883 (big blind) folded before Flop
Seat 4: DmitriFm folded before Flop (didn't bet)
Seat 5: Rocbis folded before Flop
Seat 6: KAOS8484 collected ($0.37)



PokerStars Zoom Hand #186130453914:  Hold'em No Limit ($0.02/$0.05) - 2018/05/07 22:49:21 CCT [2018/05/07 10:49:21 ET]
Table 'Donati' 6-max Seat #1 is the button
Seat 1: alfa846 ($5.98 in chips) 
Seat 2: Morazmo ($8.42 in chips) 
Seat 3: crawerman ($9.04 in chips) 
Seat 4: petrovich131 ($1.75 in chips) 
Seat 5: PSMo3ak ($10.44 in chips) 
Seat 6: HubertusB ($14.67 in chips) 
Morazmo: posts small blind $0.02
crawerman: posts big blind $0.05
*** HOLE CARDS ***
Dealt to HubertusB [Ah Qc]
petrovich131: folds 
PSMo3ak: folds 
HubertusB: raises $0.07 to $0.12
alfa846: raises $0.24 to $0.36
Morazmo: folds 
crawerman: folds 
HubertusB: calls $0.24
*** FLOP *** [5s Jh Th]
HubertusB: checks 
alfa846: bets $0.42
HubertusB: raises $0.98 to $1.40
alfa846: calls $0.98
*** TURN *** [5s Jh Th] [8h]
HubertusB: bets $12.91 and is all-in
alfa846: calls $4.22 and is all-in
Uncalled bet ($8.69) returned to HubertusB
*** RIVER *** [5s Jh Th 8h] [Kc]
*** SHOW DOWN ***
HubertusB: shows [Ah Qc] (a straight, Ten to Ace)
alfa846: shows [Jd Td] (two pair, Jacks and Tens)
HubertusB collected $11.53 from pot
*** SUMMARY ***
Total pot $12.03 | Rake $0.50 
Board [5s Jh Th 8h Kc]
Seat 1: alfa846 (button) showed [Jd Td] and lost with two pair, Jacks and Tens
Seat 2: Morazmo (small blind) folded before Flop
Seat 3: crawerman (big blind) folded before Flop
Seat 4: petrovich131 folded before Flop (didn't bet)
Seat 5: PSMo3ak folded before Flop (didn't bet)
Seat 6: HubertusB showed [Ah Qc] and won ($11.53) with a straight, Ten to Ace



PokerStars Zoom Hand #186130499020:  Hold'em No Limit ($0.02/$0.05) - 2018/05/07 22:50:48 CCT [2018/05/07 10:50:48 ET]
Table 'Donati' 6-max Seat #1 is the button
Seat 1: qk rodriguez ($5.56 in chips) 
Seat 2: HubertusB ($20.22 in chips) 
Seat 3: Bahom ($6.61 in chips) 
Seat 4: Morazmo ($5.30 in chips) 
Seat 5: L.Lucete ($5.36 in chips) 
Seat 6: hcpalli ($5.04 in chips) 
HubertusB: posts small blind $0.02
Bahom: posts big blind $0.05
*** HOLE CARDS ***
Dealt to HubertusB [5s 4s]
Morazmo: folds 
L.Lucete: folds 
hcpalli: folds 
qk rodriguez: folds 
HubertusB: raises $0.07 to $0.12
Bahom: calls $0.07
*** FLOP *** [Ks 7s 9d]
HubertusB: bets $0.12
Bahom: calls $0.12
*** TURN *** [Ks 7s 9d] [5h]
HubertusB: checks 
Bahom: checks 
*** RIVER *** [Ks 7s 9d 5h] [7c]
HubertusB: checks 
Bahom: bets $0.30
HubertusB: folds 
Uncalled bet ($0.30) returned to Bahom
Bahom collected $0.46 from pot
Bahom: doesn't show hand 
*** SUMMARY ***
Total pot $0.48 | Rake $0.02 
Board [Ks 7s 9d 5h 7c]
Seat 1: qk rodriguez (button) folded before Flop (didn't bet)
Seat 2: HubertusB (small blind) folded on the River
Seat 3: Bahom (big blind) collected ($0.46)
Seat 4: Morazmo folded before Flop (didn't bet)
Seat 5: L.Lucete folded before Flop (didn't bet)
Seat 6: hcpalli folded before Flop (didn't bet)



PokerStars Zoom Hand #186130539884:  Hold'em No Limit ($0.02/$0.05) - 2018/05/07 22:52:07 CCT [2018/05/07 10:52:07 ET]
Table 'Donati' 6-max Seat #1 is the button
Seat 1: Tosch85 ($13.50 in chips) 
Seat 2: Nurik1111 ($9.08 in chips) 
Seat 3: funfun55 ($5.65 in chips) 
Seat 4: m4g1st3r ($6.33 in chips) 
Seat 5: HubertusB ($19.98 in chips) 
Seat 6: Ritik ($8.23 in chips) 
Nurik1111: posts small blind $0.02
funfun55: posts big blind $0.05
*** HOLE CARDS ***
Dealt to HubertusB [8h Ac]
m4g1st3r: folds 
HubertusB: folds 
Ritik: folds 
Tosch85: raises $0.07 to $0.12
Nurik1111: raises $0.29 to $0.41
funfun55: folds 
Tosch85: folds 
Uncalled bet ($0.29) returned to Nurik1111
Nurik1111 collected $0.29 from pot
Nurik1111: doesn't show hand 
*** SUMMARY ***
Total pot $0.29 | Rake $0 
Seat 1: Tosch85 (button) folded before Flop
Seat 2: Nurik1111 (small blind) collected ($0.29)
Seat 3: funfun55 (big blind) folded before Flop
Seat 4: m4g1st3r folded before Flop (didn't bet)
Seat 5: HubertusB folded before Flop (didn't bet)
Seat 6: Ritik folded before Flop (didn't bet)



PokerStars Zoom Hand #186130543538:  Hold'em No Limit ($0.02/$0.05) - 2018/05/07 22:52:14 CCT [2018/05/07 10:52:14 ET]
Table 'Donati' 6-max Seat #1 is the button
Seat 1: alfa846 ($22.26 in chips) 
Seat 2: Pantani4 ($6.78 in chips) 
Seat 3: funfun55 ($5.16 in chips) 
Seat 4: HubertusB ($19.98 in chips) 
Seat 5: Tosch85 ($5.55 in chips) 
Seat 6: metalblack ($4.71 in chips) 
Pantani4: posts small blind $0.02
funfun55: posts big blind $0.05
*** HOLE CARDS ***
Dealt to HubertusB [6s 9d]
HubertusB: folds 
Tosch85: raises $0.10 to $0.15
metalblack: folds 
alfa846: folds 
Pantani4: folds 
funfun55: folds 
Uncalled bet ($0.10) returned to Tosch85
Tosch85 collected $0.12 from pot
Tosch85: doesn't show hand 
*** SUMMARY ***
Total pot $0.12 | Rake $0 
Seat 1: alfa846 (button) folded before Flop (didn't bet)
Seat 2: Pantani4 (small blind) folded before Flop
Seat 3: funfun55 (big blind) folded before Flop
Seat 4: HubertusB folded before Flop (didn't bet)
Seat 5: Tosch85 collected ($0.12)
Seat 6: metalblack folded before Flop (didn't bet)



PokerStars Zoom Hand #186130546636:  Hold'em No Limit ($0.02/$0.05) - 2018/05/07 22:52:20 CCT [2018/05/07 10:52:20 ET]
Table 'Donati' 6-max Seat #1 is the button
Seat 1: torpedossa69 ($4.17 in chips) 
Seat 2: Sayenaro ($5.73 in chips) 
Seat 3: HubertusB ($19.98 in chips) 
Seat 4: Bra_alexandr ($9.61 in chips) 
Seat 5: etrofonaip ($11.02 in chips) 
Seat 6: Rep_Nothing ($5.12 in chips) 
Sayenaro: posts small blind $0.02
HubertusB: posts big blind $0.05
*** HOLE CARDS ***
Dealt to HubertusB [7c 8c]
Bra_alexandr: folds 
etrofonaip: folds 
Rep_Nothing: raises $0.07 to $0.12
torpedossa69: folds 
Sayenaro: folds 
HubertusB: raises $0.26 to $0.38
Rep_Nothing: calls $0.26
*** FLOP *** [6s Kd Ah]
HubertusB: bets $0.38
Rep_Nothing: calls $0.38
*** TURN *** [6s Kd Ah] [5d]
HubertusB: bets $1.05
Rep_Nothing: calls $1.05
*** RIVER *** [6s Kd Ah 5d] [Jd]
HubertusB: checks 
Rep_Nothing: bets $3.31 and is all-in
HubertusB: folds 
Uncalled bet ($3.31) returned to Rep_Nothing
Rep_Nothing collected $3.49 from pot
Rep_Nothing: doesn't show hand 
*** SUMMARY ***
Total pot $3.64 | Rake $0.15 
Board [6s Kd Ah 5d Jd]
Seat 1: torpedossa69 (button) folded before Flop (didn't bet)
Seat 2: Sayenaro (small blind) folded before Flop
Seat 3: HubertusB (big blind) folded on the River
Seat 4: Bra_alexandr folded before Flop (didn't bet)
Seat 5: etrofonaip folded before Flop (didn't bet)
Seat 6: Rep_Nothing collected ($3.49)



PokerStars Zoom Hand #186130588267:  Hold'em No Limit ($0.02/$0.05) - 2018/05/07 22:53:40 CCT [2018/05/07 10:53:40 ET]
Table 'Donati' 6-max Seat #1 is the button
Seat 1: Igorsss3 ($5.27 in chips) 
Seat 2: HubertusB ($18.17 in chips) 
Seat 3: Rusherito87 ($34.19 in chips) 
Seat 4: lethalcarrot47 ($5 in chips) 
Seat 5: metalblack ($6.82 in chips) 
Seat 6: LukVol ($4.65 in chips) 
HubertusB: posts small blind $0.02
Rusherito87: posts big blind $0.05
*** HOLE CARDS ***
Dealt to HubertusB [Qc Tc]
lethalcarrot47: folds 
metalblack: folds 
LukVol: folds 
Igorsss3: raises $0.05 to $0.10
HubertusB: raises $0.25 to $0.35
Rusherito87: folds 
Igorsss3: folds 
Uncalled bet ($0.25) returned to HubertusB
HubertusB collected $0.25 from pot
HubertusB: doesn't show hand 
*** SUMMARY ***
Total pot $0.25 | Rake $0 
Seat 1: Igorsss3 (button) folded before Flop
Seat 2: HubertusB (small blind) collected ($0.25)
Seat 3: Rusherito87 (big blind) folded before Flop
Seat 4: lethalcarrot47 folded before Flop (didn't bet)
Seat 5: metalblack folded before Flop (didn't bet)
Seat 6: LukVol folded before Flop (didn't bet)



PokerStars Zoom Hand #186130604687:  Hold'em No Limit ($0.02/$0.05) - 2018/05/07 22:54:12 CCT [2018/05/07 10:54:12 ET]
Table 'Donati' 6-max Seat #1 is the button
Seat 1: Peter T. 55 ($5 in chips) 
Seat 2: Freedomqoo ($5.86 in chips) 
Seat 3: Nurik1111 ($9.44 in chips) 
Seat 4: HubertusB ($18.32 in chips) 
Seat 5: jackaoliver ($5 in chips) 
Seat 6: Phil Ounce ($3.93 in chips) 
Freedomqoo: posts small blind $0.02
Nurik1111: posts big blind $0.05
*** HOLE CARDS ***
Dealt to HubertusB [Ac 9d]
HubertusB: folds 
jackaoliver: folds 
Phil Ounce: folds 
Peter T. 55: folds 
Freedomqoo: raises $0.10 to $0.15
Nurik1111: calls $0.10
*** FLOP *** [Js 5s 4c]
Freedomqoo: checks 
Nurik1111: bets $0.20
Freedomqoo: folds 
Uncalled bet ($0.20) returned to Nurik1111
Nurik1111 collected $0.29 from pot
Nurik1111: doesn't show hand 
*** SUMMARY ***
Total pot $0.30 | Rake $0.01 
Board [Js 5s 4c]
Seat 1: Peter T. 55 (button) folded before Flop (didn't bet)
Seat 2: Freedomqoo (small blind) folded on the Flop
Seat 3: Nurik1111 (big blind) collected ($0.29)
Seat 4: HubertusB folded before Flop (didn't bet)
Seat 5: jackaoliver folded before Flop (didn't bet)
Seat 6: Phil Ounce folded before Flop (didn't bet)



PokerStars Zoom Hand #186130607615:  Hold'em No Limit ($0.02/$0.05) - 2018/05/07 22:54:17 CCT [2018/05/07 10:54:17 ET]
Table 'Donati' 6-max Seat #1 is the button
Seat 1: HubertusB ($18.32 in chips) 
Seat 2: LuvM11 ($5 in chips) 
Seat 3: Elijah888 ($6.06 in chips) 
Seat 4: Ritik ($7.54 in chips) 
Seat 5: Mirel.B ($7.61 in chips) 
Seat 6: AJDG*25 ($11.11 in chips) 
LuvM11: posts small blind $0.02
Elijah888: posts big blind $0.05
*** HOLE CARDS ***
Dealt to HubertusB [Qh 2h]
Ritik: folds 
Mirel.B: folds 
AJDG*25: folds 
HubertusB: raises $0.05 to $0.10
LuvM11: calls $0.08
Elijah888: folds 
*** FLOP *** [7d Kd 8h]
LuvM11: checks 
HubertusB: checks 
*** TURN *** [7d Kd 8h] [5h]
LuvM11: bets $0.10
HubertusB: calls $0.10
*** RIVER *** [7d Kd 8h 5h] [Jd]
LuvM11: checks 
HubertusB: bets $0.30
LuvM11: folds 
Uncalled bet ($0.30) returned to HubertusB
HubertusB collected $0.43 from pot
HubertusB: doesn't show hand 
*** SUMMARY ***
Total pot $0.45 | Rake $0.02 
Board [7d Kd 8h 5h Jd]
Seat 1: HubertusB (button) collected ($0.43)
Seat 2: LuvM11 (small blind) folded on the River
Seat 3: Elijah888 (big blind) folded before Flop
Seat 4: Ritik folded before Flop (didn't bet)
Seat 5: Mirel.B folded before Flop (didn't bet)
Seat 6: AJDG*25 folded before Flop (didn't bet)



PokerStars Zoom Hand #186130601665:  Hold'em No Limit ($0.02/$0.05) - 2018/05/07 22:54:06 CCT [2018/05/07 10:54:06 ET]
Table 'Donati' 6-max Seat #1 is the button
Seat 1: HubertusB ($18.32 in chips) 
Seat 2: gakimoney ($6.89 in chips) 
Seat 3: PSMo3ak ($5.58 in chips) 
Seat 4: Raven434 ($6.35 in chips) 
Seat 5: Tak503 ($5.46 in chips) 
Seat 6: japanese171 ($4.93 in chips) 
gakimoney: posts small blind $0.02
PSMo3ak: posts big blind $0.05
*** HOLE CARDS ***
Dealt to HubertusB [2h 9d]
Raven434: folds 
Tak503: raises $0.05 to $0.10
japanese171: folds 
HubertusB: folds 
gakimoney: calls $0.08
PSMo3ak: folds 
*** FLOP *** [2s Jc Ks]
gakimoney: checks 
Tak503: bets $0.17
gakimoney: calls $0.17
*** TURN *** [2s Jc Ks] [Ah]
gakimoney: checks 
Tak503: checks 
*** RIVER *** [2s Jc Ks Ah] [2c]
gakimoney: bets $0.19
Tak503: calls $0.19
*** SHOW DOWN ***
gakimoney: shows [Ac Jd] (two pair, Aces and Jacks)
Tak503: mucks hand 
gakimoney collected $0.93 from pot
*** SUMMARY ***
Total pot $0.97 | Rake $0.04 
Board [2s Jc Ks Ah 2c]
Seat 1: HubertusB (button) folded before Flop (didn't bet)
Seat 2: gakimoney (small blind) showed [Ac Jd] and won ($0.93) with two pair, Aces and Jacks
Seat 3: PSMo3ak (big blind) folded before Flop
Seat 4: Raven434 folded before Flop (didn't bet)
Seat 5: Tak503 mucked [Tc Kd]
Seat 6: japanese171 folded before Flop (didn't bet)



PokerStars Zoom Hand #186130631893:  Hold'em No Limit ($0.02/$0.05) - 2018/05/07 22:55:04 CCT [2018/05/07 10:55:04 ET]
Table 'Donati' 6-max Seat #1 is the button
Seat 1: kakaxx1 ($4.38 in chips) 
Seat 2: edger4013 ($5.07 in chips) 
Seat 3: DSJekov ($5.07 in chips) 
Seat 4: snuki.mix ($7.90 in chips) 
Seat 5: POKERMON 06 ($3.97 in chips) 
Seat 6: HubertusB ($18.55 in chips) 
edger4013: posts small blind $0.02
DSJekov: posts big blind $0.05
*** HOLE CARDS ***
Dealt to HubertusB [Qd 3s]
snuki.mix: raises $0.10 to $0.15
POKERMON 06: folds 
HubertusB: folds 
kakaxx1: folds 
edger4013: folds 
DSJekov: folds 
Uncalled bet ($0.10) returned to snuki.mix
snuki.mix collected $0.12 from pot
snuki.mix: doesn't show hand 
*** SUMMARY ***
Total pot $0.12 | Rake $0 
Seat 1: kakaxx1 (button) folded before Flop (didn't bet)
Seat 2: edger4013 (small blind) folded before Flop
Seat 3: DSJekov (big blind) folded before Flop
Seat 4: snuki.mix collected ($0.12)
Seat 5: POKERMON 06 folded before Flop (didn't bet)
Seat 6: HubertusB folded before Flop (didn't bet)



PokerStars Zoom Hand #186130634501:  Hold'em No Limit ($0.02/$0.05) - 2018/05/07 22:55:09 CCT [2018/05/07 10:55:09 ET]
Table 'Donati' 6-max Seat #1 is the button
Seat 1: crawerman ($8.83 in chips) 
Seat 2: sersom555 ($1.50 in chips) 
Seat 3: HubertusB ($18.55 in chips) 
Seat 4: Anna luidor ($5.52 in chips) 
Seat 5: qk rodriguez ($7.02 in chips) 
Seat 6: Romzes V ($5 in chips) 
sersom555: posts small blind $0.02
HubertusB: posts big blind $0.05
*** HOLE CARDS ***
Dealt to HubertusB [9c Js]
Anna luidor: folds 
qk rodriguez: folds 
Romzes V: raises $0.10 to $0.15
crawerman: folds 
sersom555: folds 
HubertusB: folds 
Uncalled bet ($0.10) returned to Romzes V
Romzes V collected $0.12 from pot
Romzes V: doesn't show hand 
*** SUMMARY ***
Total pot $0.12 | Rake $0 
Seat 1: crawerman (button) folded before Flop (didn't bet)
Seat 2: sersom555 (small blind) folded before Flop
Seat 3: HubertusB (big blind) folded before Flop
Seat 4: Anna luidor folded before Flop (didn't bet)
Seat 5: qk rodriguez folded before Flop (didn't bet)
Seat 6: Romzes V collected ($0.12)



PokerStars Zoom Hand #186130640298:  Hold'em No Limit ($0.02/$0.05) - 2018/05/07 22:55:22 CCT [2018/05/07 10:55:22 ET]
Table 'Donati' 6-max Seat #1 is the button
Seat 1: m.k123455 ($5.57 in chips) 
Seat 2: Zicepig ($6.96 in chips) 
Seat 3: lasuking ($13.92 in chips) 
Seat 4: BA32110R16 ($9.07 in chips) 
Seat 5: Ritik ($7.69 in chips) 
Seat 6: HubertusB ($18.50 in chips) 
Zicepig: posts small blind $0.02
lasuking: posts big blind $0.05
*** HOLE CARDS ***
Dealt to HubertusB [Ac Td]
BA32110R16: raises $0.10 to $0.15
Ritik: folds 
HubertusB: raises $0.30 to $0.45
m.k123455: folds 
Zicepig: folds 
lasuking: folds 
BA32110R16: calls $0.30
*** FLOP *** [3c 6h 2d]
BA32110R16: checks 
HubertusB: bets $0.47
BA32110R16: calls $0.47
*** TURN *** [3c 6h 2d] [Jd]
BA32110R16: checks 
HubertusB: bets $1.24
BA32110R16: folds 
Uncalled bet ($1.24) returned to HubertusB
HubertusB collected $1.83 from pot
HubertusB: doesn't show hand 
*** SUMMARY ***
Total pot $1.91 | Rake $0.08 
Board [3c 6h 2d Jd]
Seat 1: m.k123455 (button) folded before Flop (didn't bet)
Seat 2: Zicepig (small blind) folded before Flop
Seat 3: lasuking (big blind) folded before Flop
Seat 4: BA32110R16 folded on the Turn
Seat 5: Ritik folded before Flop (didn't bet)
Seat 6: HubertusB collected ($1.83)



PokerStars Zoom Hand #186130667421:  Hold'em No Limit ($0.02/$0.05) - 2018/05/07 22:56:24 CCT [2018/05/07 10:56:24 ET]
Table 'Donati' 6-max Seat #1 is the button
Seat 1: asim767 ($6.63 in chips) 
Seat 2: HubertusB ($19.41 in chips) 
Seat 3: Zherabitu ($4.91 in chips) 
Seat 4: Tanusikpups ($5.47 in chips) 
Seat 5: Marquess14 ($5.67 in chips) 
Seat 6: Franxia II ($5.24 in chips) 
HubertusB: posts small blind $0.02
Zherabitu: posts big blind $0.05
*** HOLE CARDS ***
Dealt to HubertusB [9s 9c]
Tanusikpups: folds 
Marquess14: folds 
Franxia II: raises $0.07 to $0.12
asim767: folds 
HubertusB: raises $0.29 to $0.41
Zherabitu: folds 
Franxia II: folds 
Uncalled bet ($0.29) returned to HubertusB
HubertusB collected $0.29 from pot
HubertusB: doesn't show hand 
*** SUMMARY ***
Total pot $0.29 | Rake $0 
Seat 1: asim767 (button) folded before Flop (didn't bet)
Seat 2: HubertusB (small blind) collected ($0.29)
Seat 3: Zherabitu (big blind) folded before Flop
Seat 4: Tanusikpups folded before Flop (didn't bet)
Seat 5: Marquess14 folded before Flop (didn't bet)
Seat 6: Franxia II folded before Flop



PokerStars Zoom Hand #186130681474:  Hold'em No Limit ($0.02/$0.05) - 2018/05/07 22:56:56 CCT [2018/05/07 10:56:56 ET]
Table 'Donati' 6-max Seat #1 is the button
Seat 1: crawerman ($21.14 in chips) 
Seat 2: SS526 ($4.47 in chips) 
Seat 3: salamandryko ($5.03 in chips) 
Seat 4: HubertusB ($19.58 in chips) 
Seat 5: oleg777886 ($5.07 in chips) 
Seat 6: kferte ($5.29 in chips) 
SS526: posts small blind $0.02
salamandryko: posts big blind $0.05
*** HOLE CARDS ***
Dealt to HubertusB [Jc Jh]
HubertusB: raises $0.10 to $0.15
oleg777886: folds 
kferte: folds 
crawerman: folds 
SS526: folds 
salamandryko: folds 
Uncalled bet ($0.10) returned to HubertusB
HubertusB collected $0.12 from pot
HubertusB: doesn't show hand 
*** SUMMARY ***
Total pot $0.12 | Rake $0 
Seat 1: crawerman (button) folded before Flop (didn't bet)
Seat 2: SS526 (small blind) folded before Flop
Seat 3: salamandryko (big blind) folded before Flop
Seat 4: HubertusB collected ($0.12)
Seat 5: oleg777886 folded before Flop (didn't bet)
Seat 6: kferte folded before Flop (didn't bet)



PokerStars Zoom Hand #186130676172:  Hold'em No Limit ($0.02/$0.05) - 2018/05/07 22:56:44 CCT [2018/05/07 10:56:44 ET]
Table 'Donati' 6-max Seat #1 is the button
Seat 1: Toni2Maroni ($16.12 in chips) 
Seat 2: HSGVB81 ($5 in chips) 
Seat 3: Mallorny ($5 in chips) 
Seat 4: sbct10 ($11.65 in chips) 
Seat 5: HubertusB ($19.58 in chips) 
Seat 6: krasotka465 ($3.36 in chips) 
HSGVB81: posts small blind $0.02
Mallorny: posts big blind $0.05
*** HOLE CARDS ***
Dealt to HubertusB [7d Ks]
sbct10: raises $0.10 to $0.15
HubertusB: folds 
krasotka465: raises $0.10 to $0.25
Toni2Maroni: folds 
HSGVB81: folds 
Mallorny: folds 
sbct10: raises $8.13 to $8.38
krasotka465: calls $3.11 and is all-in
Uncalled bet ($5.02) returned to sbct10
*** FLOP *** [6d Th 9s]
*** TURN *** [6d Th 9s] [7c]
*** RIVER *** [6d Th 9s 7c] [4d]
*** SHOW DOWN ***
sbct10: shows [Kd As] (high card Ace)
krasotka465: shows [Kh Qc] (high card King)
sbct10 collected $6.51 from pot
*** SUMMARY ***
Total pot $6.79 | Rake $0.28 
Board [6d Th 9s 7c 4d]
Seat 1: Toni2Maroni (button) folded before Flop (didn't bet)
Seat 2: HSGVB81 (small blind) folded before Flop
Seat 3: Mallorny (big blind) folded before Flop
Seat 4: sbct10 showed [Kd As] and won ($6.51) with high card Ace
Seat 5: HubertusB folded before Flop (didn't bet)
Seat 6: krasotka465 showed [Kh Qc] and lost with high card King



PokerStars Zoom Hand #186130688503:  Hold'em No Limit ($0.02/$0.05) - 2018/05/07 22:57:12 CCT [2018/05/07 10:57:12 ET]
Table 'Donati' 6-max Seat #1 is the button
Seat 1: HubertusB ($19.65 in chips) 
Seat 2: SeU85 ($10.16 in chips) 
Seat 3: Quorthon_Zei ($6.51 in chips) 
Seat 4: johancrypton ($6.36 in chips) 
Seat 5: Bandos_2 ($5 in chips) 
Seat 6: drk55 ($13.62 in chips) 
SeU85: posts small blind $0.02
Quorthon_Zei: posts big blind $0.05
*** HOLE CARDS ***
Dealt to HubertusB [Td 6c]
johancrypton: raises $0.06 to $0.11
Bandos_2: folds 
drk55: folds 
HubertusB: folds 
SeU85: folds 
Quorthon_Zei: folds 
Uncalled bet ($0.06) returned to johancrypton
johancrypton collected $0.12 from pot
johancrypton: doesn't show hand 
*** SUMMARY ***
Total pot $0.12 | Rake $0 
Seat 1: HubertusB (button) folded before Flop (didn't bet)
Seat 2: SeU85 (small blind) folded before Flop
Seat 3: Quorthon_Zei (big blind) folded before Flop
Seat 4: johancrypton collected ($0.12)
Seat 5: Bandos_2 folded before Flop (didn't bet)
Seat 6: drk55 folded before Flop (didn't bet)



PokerStars Zoom Hand #186130679270:  Hold'em No Limit ($0.02/$0.05) - 2018/05/07 22:56:51 CCT [2018/05/07 10:56:51 ET]
Table 'Donati' 6-max Seat #1 is the button
Seat 1: chiicoo=] ($5 in chips) 
Seat 2: 1DollarDude ($8.34 in chips) 
Seat 3: the_mise ($12.50 in chips) 
Seat 4: SartyBallz ($5.22 in chips) 
Seat 5: HubertusB ($19.58 in chips) 
Seat 6: allekönige ($5.77 in chips) 
1DollarDude: posts small blind $0.02
the_mise: posts big blind $0.05
*** HOLE CARDS ***
Dealt to HubertusB [4c Ts]
SartyBallz: folds 
HubertusB: folds 
allekönige: folds 
chiicoo=]: folds 
1DollarDude: raises $0.10 to $0.15
the_mise: calls $0.10
*** FLOP *** [4h Kd Td]
1DollarDude: bets $0.16
the_mise: calls $0.16
*** TURN *** [4h Kd Td] [2d]
1DollarDude: checks 
the_mise: checks 
*** RIVER *** [4h Kd Td 2d] [4d]
1DollarDude: checks 
the_mise: bets $0.25
1DollarDude: folds 
Uncalled bet ($0.25) returned to the_mise
the_mise collected $0.59 from pot
the_mise: doesn't show hand 
*** SUMMARY ***
Total pot $0.62 | Rake $0.03 
Board [4h Kd Td 2d 4d]
Seat 1: chiicoo=] (button) folded before Flop (didn't bet)
Seat 2: 1DollarDude (small blind) folded on the River
Seat 3: the_mise (big blind) collected ($0.59)
Seat 4: SartyBallz folded before Flop (didn't bet)
Seat 5: HubertusB folded before Flop (didn't bet)
Seat 6: allekönige folded before Flop (didn't bet)



PokerStars Zoom Hand #186130692034:  Hold'em No Limit ($0.02/$0.05) - 2018/05/07 22:57:20 CCT [2018/05/07 10:57:20 ET]
Table 'Donati' 6-max Seat #1 is the button
Seat 1: d. activity ($5.06 in chips) 
Seat 2: HubertusB ($19.65 in chips) 
Seat 3: negrosantino ($5 in chips) 
Seat 4: Tanusikpups ($5 in chips) 
Seat 5: K.Tyler111 ($4.73 in chips) 
Seat 6: HAMBURGERY ($3.87 in chips) 
HubertusB: posts small blind $0.02
negrosantino: posts big blind $0.05
*** HOLE CARDS ***
Dealt to HubertusB [9d 9s]
Tanusikpups: folds 
K.Tyler111: raises $0.10 to $0.15
HAMBURGERY: folds 
d. activity: calls $0.15
HubertusB: raises $0.50 to $0.65
negrosantino: folds 
K.Tyler111: folds 
d. activity: folds 
Uncalled bet ($0.50) returned to HubertusB
HubertusB collected $0.50 from pot
HubertusB: doesn't show hand 
*** SUMMARY ***
Total pot $0.50 | Rake $0 
Seat 1: d. activity (button) folded before Flop
Seat 2: HubertusB (small blind) collected ($0.50)
Seat 3: negrosantino (big blind) folded before Flop
Seat 4: Tanusikpups folded before Flop (didn't bet)
Seat 5: K.Tyler111 folded before Flop
Seat 6: HAMBURGERY folded before Flop (didn't bet)



PokerStars Zoom Hand #186130707059:  Hold'em No Limit ($0.02/$0.05) - 2018/05/07 22:57:54 CCT [2018/05/07 10:57:54 ET]
Table 'Donati' 6-max Seat #1 is the button
Seat 1: Dzenkoff ($5.60 in chips) 
Seat 2: mayhem7777 ($4.32 in chips) 
Seat 3: HubertusB ($20 in chips) 
Seat 4: Bahom ($7.59 in chips) 
Seat 5: oleg777886 ($5 in chips) 
Seat 6: Romzes V ($7.62 in chips) 
mayhem7777: posts small blind $0.02
HubertusB: posts big blind $0.05
*** HOLE CARDS ***
Dealt to HubertusB [2c Ad]
Bahom: folds 
oleg777886: folds 
Romzes V: folds 
Dzenkoff: folds 
mayhem7777: folds 
Uncalled bet ($0.03) returned to HubertusB
HubertusB collected $0.04 from pot
HubertusB: doesn't show hand 
*** SUMMARY ***
Total pot $0.04 | Rake $0 
Seat 1: Dzenkoff (button) folded before Flop (didn't bet)
Seat 2: mayhem7777 (small blind) folded before Flop
Seat 3: HubertusB (big blind) collected ($0.04)
Seat 4: Bahom folded before Flop (didn't bet)
Seat 5: oleg777886 folded before Flop (didn't bet)
Seat 6: Romzes V folded before Flop (didn't bet)



PokerStars Zoom Hand #186130710185:  Hold'em No Limit ($0.02/$0.05) - 2018/05/07 22:58:01 CCT [2018/05/07 10:58:01 ET]
Table 'Donati' 6-max Seat #1 is the button
Seat 1: lethalcarrot47 ($5 in chips) 
Seat 2: NastyaRu17 ($3.22 in chips) 
Seat 3: Draugsvoll ($5.09 in chips) 
Seat 4: Rock0428 ($5.30 in chips) 
Seat 5: m.k123455 ($5.26 in chips) 
Seat 6: HubertusB ($20.02 in chips) 
NastyaRu17: posts small blind $0.02
Draugsvoll: posts big blind $0.05
*** HOLE CARDS ***
Dealt to HubertusB [Js 5c]
Rock0428: folds 
m.k123455: folds 
HubertusB: folds 
lethalcarrot47: raises $0.10 to $0.15
NastyaRu17: calls $0.13
Draugsvoll: folds 
*** FLOP *** [Qc 7s Ah]
NastyaRu17: checks 
lethalcarrot47: bets $0.17
NastyaRu17: folds 
Uncalled bet ($0.17) returned to lethalcarrot47
lethalcarrot47 collected $0.34 from pot
lethalcarrot47: doesn't show hand 
*** SUMMARY ***
Total pot $0.35 | Rake $0.01 
Board [Qc 7s Ah]
Seat 1: lethalcarrot47 (button) collected ($0.34)
Seat 2: NastyaRu17 (small blind) folded on the Flop
Seat 3: Draugsvoll (big blind) folded before Flop
Seat 4: Rock0428 folded before Flop (didn't bet)
Seat 5: m.k123455 folded before Flop (didn't bet)
Seat 6: HubertusB folded before Flop (didn't bet)



PokerStars Zoom Hand #186130715122:  Hold'em No Limit ($0.02/$0.05) - 2018/05/07 22:58:12 CCT [2018/05/07 10:58:12 ET]
Table 'Donati' 6-max Seat #1 is the button
Seat 1: blacksnow364 ($2.49 in chips) 
Seat 2: leshiy277 ($5.49 in chips) 
Seat 3: iPadreMatador ($4.55 in chips) 
Seat 4: HubertusB ($20.02 in chips) 
Seat 5: the_mise ($9.25 in chips) 
Seat 6: opopo0009 ($5 in chips) 
leshiy277: posts small blind $0.02
iPadreMatador: posts big blind $0.05
*** HOLE CARDS ***
Dealt to HubertusB [Js 6h]
HubertusB: folds 
the_mise: folds 
opopo0009: raises $0.10 to $0.15
blacksnow364: folds 
leshiy277: folds 
iPadreMatador: calls $0.10
*** FLOP *** [Qs Qh 6c]
iPadreMatador: checks 
opopo0009: bets $0.10
iPadreMatador: calls $0.10
*** TURN *** [Qs Qh 6c] [Jd]
iPadreMatador: checks 
opopo0009: checks 
*** RIVER *** [Qs Qh 6c Jd] [8h]
iPadreMatador: checks 
opopo0009: checks 
*** SHOW DOWN ***
iPadreMatador: shows [Ac 9s] (a pair of Queens)
opopo0009: shows [Kc Kd] (two pair, Kings and Queens)
opopo0009 collected $0.50 from pot
*** SUMMARY ***
Total pot $0.52 | Rake $0.02 
Board [Qs Qh 6c Jd 8h]
Seat 1: blacksnow364 (button) folded before Flop (didn't bet)
Seat 2: leshiy277 (small blind) folded before Flop
Seat 3: iPadreMatador (big blind) showed [Ac 9s] and lost with a pair of Queens
Seat 4: HubertusB folded before Flop (didn't bet)
Seat 5: the_mise folded before Flop (didn't bet)
Seat 6: opopo0009 showed [Kc Kd] and won ($0.50) with two pair, Kings and Queens



PokerStars Zoom Hand #186130712942:  Hold'em No Limit ($0.02/$0.05) - 2018/05/07 22:58:07 CCT [2018/05/07 10:58:07 ET]
Table 'Donati' 6-max Seat #1 is the button
Seat 1: HubertusB ($20.02 in chips) 
Seat 2: IGOR14RUS ($5 in chips) 
Seat 3: zecateto ($7.24 in chips) 
Seat 4: Mallorny ($5.25 in chips) 
Seat 5: ElectroSNB ($5.99 in chips) 
Seat 6: Rocbis ($5.39 in chips) 
IGOR14RUS: posts small blind $0.02
zecateto: posts big blind $0.05
*** HOLE CARDS ***
Dealt to HubertusB [Jc 8h]
Mallorny: folds 
ElectroSNB: folds 
Rocbis: folds 
HubertusB: folds 
IGOR14RUS: raises $0.07 to $0.12
zecateto: calls $0.07
*** FLOP *** [9h 6h Js]
IGOR14RUS: checks 
zecateto: bets $0.08
IGOR14RUS: folds 
Uncalled bet ($0.08) returned to zecateto
zecateto collected $0.23 from pot
zecateto: doesn't show hand 
*** SUMMARY ***
Total pot $0.24 | Rake $0.01 
Board [9h 6h Js]
Seat 1: HubertusB (button) folded before Flop (didn't bet)
Seat 2: IGOR14RUS (small blind) folded on the Flop
Seat 3: zecateto (big blind) collected ($0.23)
Seat 4: Mallorny folded before Flop (didn't bet)
Seat 5: ElectroSNB folded before Flop (didn't bet)
Seat 6: Rocbis folded before Flop (didn't bet)



PokerStars Zoom Hand #186130717323:  Hold'em No Limit ($0.02/$0.05) - 2018/05/07 22:58:17 CCT [2018/05/07 10:58:17 ET]
Table 'Donati' 6-max Seat #1 is the button
Seat 1: ilynskiy ($5.20 in chips) 
Seat 2: alfa846 ($7.91 in chips) 
Seat 3: m4g1st3r ($6.65 in chips) 
Seat 4: Marcek1981 ($2.50 in chips) 
Seat 5: HubertusB ($20.02 in chips) 
Seat 6: ZvatBorat ($13.37 in chips) 
alfa846: posts small blind $0.02
m4g1st3r: posts big blind $0.05
*** HOLE CARDS ***
Dealt to HubertusB [Qc Tc]
Marcek1981: calls $0.05
HubertusB: raises $0.15 to $0.20
ZvatBorat: calls $0.20
ilynskiy: folds 
alfa846: folds 
m4g1st3r: folds 
Marcek1981: folds 
*** FLOP *** [6d 4d 7h]
HubertusB: bets $0.25
ZvatBorat: raises $0.25 to $0.50
HubertusB: folds 
Uncalled bet ($0.25) returned to ZvatBorat
ZvatBorat collected $0.98 from pot
ZvatBorat: doesn't show hand 
*** SUMMARY ***
Total pot $1.02 | Rake $0.04 
Board [6d 4d 7h]
Seat 1: ilynskiy (button) folded before Flop (didn't bet)
Seat 2: alfa846 (small blind) folded before Flop
Seat 3: m4g1st3r (big blind) folded before Flop
Seat 4: Marcek1981 folded before Flop
Seat 5: HubertusB folded on the Flop
Seat 6: ZvatBorat collected ($0.98)



PokerStars Zoom Hand #186130730854:  Hold'em No Limit ($0.02/$0.05) - 2018/05/07 22:58:47 CCT [2018/05/07 10:58:47 ET]
Table 'Donati' 6-max Seat #1 is the button
Seat 1: fishumad888 ($8.33 in chips) 
Seat 2: etd.poker ($5.14 in chips) 
Seat 3: HubertusB ($19.57 in chips) 
Seat 4: 32jackass ($7.12 in chips) 
Seat 5: opopo0009 ($5.25 in chips) 
Seat 6: anunak29 ($6.38 in chips) 
etd.poker: posts small blind $0.02
HubertusB: posts big blind $0.05
*** HOLE CARDS ***
Dealt to HubertusB [2d 6s]
32jackass: folds 
opopo0009: raises $0.10 to $0.15
anunak29: folds 
fishumad888: folds 
etd.poker: folds 
HubertusB: folds 
Uncalled bet ($0.10) returned to opopo0009
opopo0009 collected $0.12 from pot
opopo0009: doesn't show hand 
*** SUMMARY ***
Total pot $0.12 | Rake $0 
Seat 1: fishumad888 (button) folded before Flop (didn't bet)
Seat 2: etd.poker (small blind) folded before Flop
Seat 3: HubertusB (big blind) folded before Flop
Seat 4: 32jackass folded before Flop (didn't bet)
Seat 5: opopo0009 collected ($0.12)
Seat 6: anunak29 folded before Flop (didn't bet)



PokerStars Zoom Hand #186130744216:  Hold'em No Limit ($0.02/$0.05) - 2018/05/07 22:59:17 CCT [2018/05/07 10:59:17 ET]
Table 'Donati' 6-max Seat #1 is the button
Seat 1: Morazmo ($6.28 in chips) 
Seat 2: leshiy277 ($6.32 in chips) 
Seat 3: asim767 ($5.84 in chips) 
Seat 4: Tosch85 ($5.50 in chips) 
Seat 5: Zherabitu ($6.36 in chips) 
Seat 6: HubertusB ($19.50 in chips) 
leshiy277: posts small blind $0.02
asim767: posts big blind $0.05
*** HOLE CARDS ***
Dealt to HubertusB [7s 8s]
Tosch85: folds 
Zherabitu: raises $0.10 to $0.15
HubertusB: raises $0.30 to $0.45
Morazmo: folds 
leshiy277: folds 
asim767: folds 
Zherabitu: folds 
Uncalled bet ($0.30) returned to HubertusB
HubertusB collected $0.37 from pot
HubertusB: doesn't show hand 
*** SUMMARY ***
Total pot $0.37 | Rake $0 
Seat 1: Morazmo (button) folded before Flop (didn't bet)
Seat 2: leshiy277 (small blind) folded before Flop
Seat 3: asim767 (big blind) folded before Flop
Seat 4: Tosch85 folded before Flop (didn't bet)
Seat 5: Zherabitu folded before Flop
Seat 6: HubertusB collected ($0.37)



PokerStars Zoom Hand #186130737041:  Hold'em No Limit ($0.02/$0.05) - 2018/05/07 22:59:01 CCT [2018/05/07 10:59:01 ET]
Table 'Donati' 6-max Seat #1 is the button
Seat 1: hcpalli ($12 in chips) 
Seat 2: GrafVolskiu ($7.33 in chips) 
Seat 3: kferte ($5.20 in chips) 
Seat 4: gakimoney ($7.34 in chips) 
Seat 5: HubertusB ($19.52 in chips) 
Seat 6: Yury0000 ($4.01 in chips) 
GrafVolskiu: posts small blind $0.02
kferte: posts big blind $0.05
*** HOLE CARDS ***
Dealt to HubertusB [7s Jc]
gakimoney: folds 
HubertusB: folds 
Yury0000: folds 
hcpalli: raises $0.10 to $0.15
GrafVolskiu: folds 
kferte: calls $0.10
*** FLOP *** [2d Qc Kc]
kferte: checks 
hcpalli: checks 
*** TURN *** [2d Qc Kc] [3s]
kferte: checks 
hcpalli: bets $0.20
kferte: folds 
Uncalled bet ($0.20) returned to hcpalli
hcpalli collected $0.31 from pot
hcpalli: doesn't show hand 
*** SUMMARY ***
Total pot $0.32 | Rake $0.01 
Board [2d Qc Kc 3s]
Seat 1: hcpalli (button) collected ($0.31)
Seat 2: GrafVolskiu (small blind) folded before Flop
Seat 3: kferte (big blind) folded on the Turn
Seat 4: gakimoney folded before Flop (didn't bet)
Seat 5: HubertusB folded before Flop (didn't bet)
Seat 6: Yury0000 folded before Flop (didn't bet)



PokerStars Zoom Hand #186130741485:  Hold'em No Limit ($0.02/$0.05) - 2018/05/07 22:59:11 CCT [2018/05/07 10:59:11 ET]
Table 'Donati' 6-max Seat #1 is the button
Seat 1: spensor1 ($6.52 in chips) 
Seat 2: HubertusB ($19.52 in chips) 
Seat 3: Fiasko789 ($5.63 in chips) 
Seat 4: qk rodriguez ($5.22 in chips) 
Seat 5: PSMo3ak ($5.94 in chips) 
Seat 6: etd.poker ($5 in chips) 
HubertusB: posts small blind $0.02
Fiasko789: posts big blind $0.05
*** HOLE CARDS ***
Dealt to HubertusB [Jd 4c]
qk rodriguez: folds 
PSMo3ak: folds 
etd.poker: folds 
spensor1: raises $0.07 to $0.12
HubertusB: folds 
Fiasko789: calls $0.07
*** FLOP *** [4d Kd Jc]
Fiasko789: checks 
spensor1: bets $0.13
Fiasko789: raises $0.27 to $0.40
spensor1: folds 
Uncalled bet ($0.27) returned to Fiasko789
Fiasko789 collected $0.50 from pot
Fiasko789: doesn't show hand 
*** SUMMARY ***
Total pot $0.52 | Rake $0.02 
Board [4d Kd Jc]
Seat 1: spensor1 (button) folded on the Flop
Seat 2: HubertusB (small blind) folded before Flop
Seat 3: Fiasko789 (big blind) collected ($0.50)
Seat 4: qk rodriguez folded before Flop (didn't bet)
Seat 5: PSMo3ak folded before Flop (didn't bet)
Seat 6: etd.poker folded before Flop (didn't bet)



PokerStars Zoom Hand #186130755333:  Hold'em No Limit ($0.02/$0.05) - 2018/05/07 22:59:42 CCT [2018/05/07 10:59:42 ET]
Table 'Donati' 6-max Seat #1 is the button
Seat 1: zorellPS ($2.43 in chips) 
Seat 2: kittennose ($9.49 in chips) 
Seat 3: IGOR14RUS ($5 in chips) 
Seat 4: HubertusB ($19.72 in chips) 
Seat 5: donevi4 ($5 in chips) 
Seat 6: K.Tyler111 ($4.53 in chips) 
kittennose: posts small blind $0.02
IGOR14RUS: posts big blind $0.05
*** HOLE CARDS ***
Dealt to HubertusB [Qc 8h]
HubertusB: folds 
donevi4: folds 
K.Tyler111: folds 
zorellPS: folds 
kittennose: raises $0.15 to $0.20
IGOR14RUS: folds 
Uncalled bet ($0.15) returned to kittennose
kittennose collected $0.10 from pot
kittennose: doesn't show hand 
*** SUMMARY ***
Total pot $0.10 | Rake $0 
Seat 1: zorellPS (button) folded before Flop (didn't bet)
Seat 2: kittennose (small blind) collected ($0.10)
Seat 3: IGOR14RUS (big blind) folded before Flop
Seat 4: HubertusB folded before Flop (didn't bet)
Seat 5: donevi4 folded before Flop (didn't bet)
Seat 6: K.Tyler111 folded before Flop (didn't bet)



PokerStars Zoom Hand #186130758513:  Hold'em No Limit ($0.02/$0.05) - 2018/05/07 22:59:49 CCT [2018/05/07 10:59:49 ET]
Table 'Donati' 6-max Seat #1 is the button
Seat 1: dino2682 ($6.47 in chips) 
Seat 2: hcpalli ($5 in chips) 
Seat 3: HubertusB ($19.72 in chips) 
Seat 4: bymer06 ($5.53 in chips) 
Seat 5: PhenixRubedo ($7.53 in chips) 
Seat 6: the_mise ($12.87 in chips) 
hcpalli: posts small blind $0.02
HubertusB: posts big blind $0.05
*** HOLE CARDS ***
Dealt to HubertusB [7d 6s]
bymer06: folds 
PhenixRubedo: folds 
the_mise: folds 
dino2682: folds 
hcpalli: folds 
Uncalled bet ($0.03) returned to HubertusB
HubertusB collected $0.04 from pot
HubertusB: doesn't show hand 
*** SUMMARY ***
Total pot $0.04 | Rake $0 
Seat 1: dino2682 (button) folded before Flop (didn't bet)
Seat 2: hcpalli (small blind) folded before Flop
Seat 3: HubertusB (big blind) collected ($0.04)
Seat 4: bymer06 folded before Flop (didn't bet)
Seat 5: PhenixRubedo folded before Flop (didn't bet)
Seat 6: the_mise folded before Flop (didn't bet)



PokerStars Zoom Hand #186130763786:  Hold'em No Limit ($0.02/$0.05) - 2018/05/07 23:00:01 CCT [2018/05/07 11:00:01 ET]
Table 'Donati' 6-max Seat #1 is the button
Seat 1: HubertusB ($19.74 in chips) 
Seat 2: Rusakov Andr ($4.88 in chips) 
Seat 3: drk55 ($12.70 in chips) 
Seat 4: lethalcarrot47 ($5 in chips) 
Seat 5: Ozloglaseni ($5.70 in chips) 
Seat 6: filon21 ($5.49 in chips) 
Rusakov Andr: posts small blind $0.02
drk55: posts big blind $0.05
*** HOLE CARDS ***
Dealt to HubertusB [3h 5c]
lethalcarrot47: folds 
Ozloglaseni: folds 
filon21: folds 
HubertusB: folds 
Rusakov Andr: raises $0.07 to $0.12
drk55: folds 
Uncalled bet ($0.07) returned to Rusakov Andr
Rusakov Andr collected $0.10 from pot
Rusakov Andr: doesn't show hand 
*** SUMMARY ***
Total pot $0.10 | Rake $0 
Seat 1: HubertusB (button) folded before Flop (didn't bet)
Seat 2: Rusakov Andr (small blind) collected ($0.10)
Seat 3: drk55 (big blind) folded before Flop
Seat 4: lethalcarrot47 folded before Flop (didn't bet)
Seat 5: Ozloglaseni folded before Flop (didn't bet)
Seat 6: filon21 folded before Flop (didn't bet)



PokerStars Zoom Hand #186130769437:  Hold'em No Limit ($0.02/$0.05) - 2018/05/07 23:00:14 CCT [2018/05/07 11:00:14 ET]
Table 'Donati' 6-max Seat #1 is the button
Seat 1: DreamW1zard ($12.35 in chips) 
Seat 2: HubertusB ($19.74 in chips) 
Seat 3: HSGVB81 ($5 in chips) 
Seat 4: dumpassos ($5.39 in chips) 
Seat 5: Quorthon_Zei ($7 in chips) 
Seat 6: Rus krym ($5.77 in chips) 
HubertusB: posts small blind $0.02
HSGVB81: posts big blind $0.05
*** HOLE CARDS ***
Dealt to HubertusB [Jh Jd]
dumpassos: folds 
Quorthon_Zei: raises $0.10 to $0.15
Rus krym: calls $0.15
DreamW1zard: folds 
HubertusB: raises $0.50 to $0.65
HSGVB81: folds 
Quorthon_Zei: folds 
Rus krym: calls $0.50
*** FLOP *** [5d 6s As]
HubertusB: bets $0.75
Rus krym: folds 
Uncalled bet ($0.75) returned to HubertusB
HubertusB collected $1.44 from pot
HubertusB: doesn't show hand 
*** SUMMARY ***
Total pot $1.50 | Rake $0.06 
Board [5d 6s As]
Seat 1: DreamW1zard (button) folded before Flop (didn't bet)
Seat 2: HubertusB (small blind) collected ($1.44)
Seat 3: HSGVB81 (big blind) folded before Flop
Seat 4: dumpassos folded before Flop (didn't bet)
Seat 5: Quorthon_Zei folded before Flop
Seat 6: Rus krym folded on the Flop



PokerStars Zoom Hand #186130766298:  Hold'em No Limit ($0.02/$0.05) - 2018/05/07 23:00:07 CCT [2018/05/07 11:00:07 ET]
Table 'Donati' 6-max Seat #1 is the button
Seat 1: the_mise ($12.87 in chips) 
Seat 2: PSMo3ak ($5.29 in chips) 
Seat 3: L.Lucete ($5.92 in chips) 
Seat 4: toninho1000 ($4.69 in chips) 
Seat 5: zecateto ($7.26 in chips) 
Seat 6: HubertusB ($19.74 in chips) 
PSMo3ak: posts small blind $0.02
L.Lucete: posts big blind $0.05
*** HOLE CARDS ***
Dealt to HubertusB [6c 5d]
toninho1000: folds 
zecateto: folds 
HubertusB: folds 
the_mise: raises $0.07 to $0.12
PSMo3ak: folds 
L.Lucete: calls $0.07
*** FLOP *** [8h Qh Jc]
L.Lucete: checks 
the_mise: checks 
*** TURN *** [8h Qh Jc] [2h]
L.Lucete: checks 
the_mise: checks 
*** RIVER *** [8h Qh Jc 2h] [Qd]
L.Lucete: checks 
the_mise: checks 
*** SHOW DOWN ***
L.Lucete: shows [9h As] (a pair of Queens)
the_mise: mucks hand 
L.Lucete collected $0.25 from pot
*** SUMMARY ***
Total pot $0.26 | Rake $0.01 
Board [8h Qh Jc 2h Qd]
Seat 1: the_mise (button) mucked [3h Kc]
Seat 2: PSMo3ak (small blind) folded before Flop
Seat 3: L.Lucete (big blind) showed [9h As] and won ($0.25) with a pair of Queens
Seat 4: toninho1000 folded before Flop (didn't bet)
Seat 5: zecateto folded before Flop (didn't bet)
Seat 6: HubertusB folded before Flop (didn't bet)



PokerStars Zoom Hand #186130791061:  Hold'em No Limit ($0.02/$0.05) - 2018/05/07 23:01:00 CCT [2018/05/07 11:01:00 ET]
Table 'Donati' 6-max Seat #1 is the button
Seat 1: bymer06 ($5 in chips) 
Seat 2: Marquess14 ($6.44 in chips) 
Seat 3: Moonwalker742 ($5.41 in chips) 
Seat 4: HubertusB ($20.53 in chips) 
Seat 5: Fiasko789 ($13.34 in chips) 
Seat 6: eddye23 ($5.96 in chips) 
Marquess14: posts small blind $0.02
Moonwalker742: posts big blind $0.05
*** HOLE CARDS ***
Dealt to HubertusB [6s Qd]
HubertusB: folds 
Fiasko789: folds 
eddye23: folds 
bymer06: raises $0.10 to $0.15
Marquess14: folds 
Moonwalker742: folds 
Uncalled bet ($0.10) returned to bymer06
bymer06 collected $0.12 from pot
bymer06: doesn't show hand 
*** SUMMARY ***
Total pot $0.12 | Rake $0 
Seat 1: bymer06 (button) collected ($0.12)
Seat 2: Marquess14 (small blind) folded before Flop
Seat 3: Moonwalker742 (big blind) folded before Flop
Seat 4: HubertusB folded before Flop (didn't bet)
Seat 5: Fiasko789 folded before Flop (didn't bet)
Seat 6: eddye23 folded before Flop (didn't bet)



PokerStars Zoom Hand #186130793933:  Hold'em No Limit ($0.02/$0.05) - 2018/05/07 23:01:06 CCT [2018/05/07 11:01:06 ET]
Table 'Donati' 6-max Seat #1 is the button
Seat 1: m.k123455 ($5.23 in chips) 
Seat 2: Zherabitu ($5.60 in chips) 
Seat 3: Rusherito87 ($34.39 in chips) 
Seat 4: HubertusB ($20.53 in chips) 
Seat 5: yumeko0001 ($5 in chips) 
Seat 6: Harry0509 ($5.03 in chips) 
Zherabitu: posts small blind $0.02
Rusherito87: posts big blind $0.05
*** HOLE CARDS ***
Dealt to HubertusB [3s Ad]
HubertusB: folds 
yumeko0001: folds 
Harry0509: folds 
m.k123455: folds 
Zherabitu: folds 
Uncalled bet ($0.03) returned to Rusherito87
Rusherito87 collected $0.04 from pot
Rusherito87: doesn't show hand 
*** SUMMARY ***
Total pot $0.04 | Rake $0 
Seat 1: m.k123455 (button) folded before Flop (didn't bet)
Seat 2: Zherabitu (small blind) folded before Flop
Seat 3: Rusherito87 (big blind) collected ($0.04)
Seat 4: HubertusB folded before Flop (didn't bet)
Seat 5: yumeko0001 folded before Flop (didn't bet)
Seat 6: Harry0509 folded before Flop (didn't bet)



PokerStars Zoom Hand #186130796925:  Hold'em No Limit ($0.02/$0.05) - 2018/05/07 23:01:12 CCT [2018/05/07 11:01:12 ET]
Table 'Donati' 6-max Seat #1 is the button
Seat 1: qwlmn159951 ($4.70 in chips) 
Seat 2: lethalcarrot47 ($5.02 in chips) 
Seat 3: yumeko0001 ($5.05 in chips) 
Seat 4: fiat.678 ($4.76 in chips) 
Seat 5: HubertusB ($20.53 in chips) 
Seat 6: Tanusikpups ($5 in chips) 
lethalcarrot47: posts small blind $0.02
yumeko0001: posts big blind $0.05
*** HOLE CARDS ***
Dealt to HubertusB [6c 7h]
fiat.678: folds 
HubertusB: folds 
Tanusikpups: folds 
qwlmn159951: folds 
lethalcarrot47: folds 
Uncalled bet ($0.03) returned to yumeko0001
yumeko0001 collected $0.04 from pot
yumeko0001: doesn't show hand 
*** SUMMARY ***
Total pot $0.04 | Rake $0 
Seat 1: qwlmn159951 (button) folded before Flop (didn't bet)
Seat 2: lethalcarrot47 (small blind) folded before Flop
Seat 3: yumeko0001 (big blind) collected ($0.04)
Seat 4: fiat.678 folded before Flop (didn't bet)
Seat 5: HubertusB folded before Flop (didn't bet)
Seat 6: Tanusikpups folded before Flop (didn't bet)



PokerStars Zoom Hand #186130799855:  Hold'em No Limit ($0.02/$0.05) - 2018/05/07 23:01:18 CCT [2018/05/07 11:01:18 ET]
Table 'Donati' 6-max Seat #1 is the button
Seat 1: salav.udinov ($1.05 in chips) 
Seat 2: Toro6998 ($1.36 in chips) 
Seat 3: HubertusB ($20.53 in chips) 
Seat 4: Mallorny ($13.35 in chips) 
Seat 5: anunak29 ($6.18 in chips) 
Seat 6: 6tukatuka ($15.87 in chips) 
Toro6998: posts small blind $0.02
HubertusB: posts big blind $0.05
*** HOLE CARDS ***
Dealt to HubertusB [5d Js]
Mallorny: folds 
anunak29: raises $0.10 to $0.15
6tukatuka: folds 
salav.udinov: raises $0.90 to $1.05 and is all-in
Toro6998: folds 
HubertusB: folds 
anunak29: calls $0.90
*** FLOP *** [9c Td 3c]
*** TURN *** [9c Td 3c] [Qc]
*** RIVER *** [9c Td 3c Qc] [Kh]
*** SHOW DOWN ***
anunak29: shows [Kc Kd] (three of a kind, Kings)
salav.udinov: shows [Ks Ah] (a pair of Kings)
anunak29 collected $2.08 from pot
*** SUMMARY ***
Total pot $2.17 | Rake $0.09 
Board [9c Td 3c Qc Kh]
Seat 1: salav.udinov (button) showed [Ks Ah] and lost with a pair of Kings
Seat 2: Toro6998 (small blind) folded before Flop
Seat 3: HubertusB (big blind) folded before Flop
Seat 4: Mallorny folded before Flop (didn't bet)
Seat 5: anunak29 showed [Kc Kd] and won ($2.08) with three of a kind, Kings
Seat 6: 6tukatuka folded before Flop (didn't bet)



PokerStars Zoom Hand #186130802847:  Hold'em No Limit ($0.02/$0.05) - 2018/05/07 23:01:24 CCT [2018/05/07 11:01:24 ET]
Table 'Donati' 6-max Seat #1 is the button
Seat 1: HubertusB ($20.48 in chips) 
Seat 2: Tosch85 ($15.67 in chips) 
Seat 3: Moonwalker742 ($6.17 in chips) 
Seat 4: GabrielCH88 ($8.11 in chips) 
Seat 5: norm247 ($4.03 in chips) 
Seat 6: Quorthon_Zei ($6.23 in chips) 
Tosch85: posts small blind $0.02
Moonwalker742: posts big blind $0.05
*** HOLE CARDS ***
Dealt to HubertusB [Ad 5s]
GabrielCH88: folds 
norm247: calls $0.05
Quorthon_Zei: calls $0.05
HubertusB: folds 
Tosch85: raises $0.20 to $0.25
Moonwalker742: folds 
norm247: calls $0.20
Quorthon_Zei: calls $0.20
*** FLOP *** [7d 8c Kd]
Tosch85: bets $0.39
norm247: folds 
Quorthon_Zei: folds 
Uncalled bet ($0.39) returned to Tosch85
Tosch85 collected $0.77 from pot
Tosch85: doesn't show hand 
*** SUMMARY ***
Total pot $0.80 | Rake $0.03 
Board [7d 8c Kd]
Seat 1: HubertusB (button) folded before Flop (didn't bet)
Seat 2: Tosch85 (small blind) collected ($0.77)
Seat 3: Moonwalker742 (big blind) folded before Flop
Seat 4: GabrielCH88 folded before Flop (didn't bet)
Seat 5: norm247 folded on the Flop
Seat 6: Quorthon_Zei folded on the Flop



PokerStars Zoom Hand #186130805470:  Hold'em No Limit ($0.02/$0.05) - 2018/05/07 23:01:29 CCT [2018/05/07 11:01:29 ET]
Table 'Donati' 6-max Seat #1 is the button
Seat 1: ~TheWiseGuyz~ ($5.72 in chips) 
Seat 2: HubertusB ($20.48 in chips) 
Seat 3: Prometeu 888 ($4.78 in chips) 
Seat 4: letstry10 ($5 in chips) 
Seat 5: Rocbis ($5.64 in chips) 
Seat 6: etd.poker ($5.49 in chips) 
HubertusB: posts small blind $0.02
Prometeu 888: posts big blind $0.05
*** HOLE CARDS ***
Dealt to HubertusB [4h Ac]
letstry10: folds 
Rocbis: folds 
etd.poker: folds 
~TheWiseGuyz~: raises $0.05 to $0.10
HubertusB: raises $0.25 to $0.35
Prometeu 888: calls $0.30
~TheWiseGuyz~: calls $0.25
*** FLOP *** [2d Tc Jd]
HubertusB: checks 
Prometeu 888: checks 
~TheWiseGuyz~: bets $0.56
HubertusB: folds 
Prometeu 888: folds 
Uncalled bet ($0.56) returned to ~TheWiseGuyz~
~TheWiseGuyz~ collected $1.01 from pot
~TheWiseGuyz~: doesn't show hand 
*** SUMMARY ***
Total pot $1.05 | Rake $0.04 
Board [2d Tc Jd]
Seat 1: ~TheWiseGuyz~ (button) collected ($1.01)
Seat 2: HubertusB (small blind) folded on the Flop
Seat 3: Prometeu 888 (big blind) folded on the Flop
Seat 4: letstry10 folded before Flop (didn't bet)
Seat 5: Rocbis folded before Flop (didn't bet)
Seat 6: etd.poker folded before Flop (didn't bet)



PokerStars Zoom Hand #186130831960:  Hold'em No Limit ($0.02/$0.05) - 2018/05/07 23:02:20 CCT [2018/05/07 11:02:20 ET]
Table 'Donati' 6-max Seat #1 is the button
Seat 1: HubertusB ($20.13 in chips) 
Seat 2: moizec ($4.35 in chips) 
Seat 3: ~TheWiseGuyz~ ($6.38 in chips) 
Seat 4: GrafVolskiu ($5 in chips) 
Seat 5: Nurik1111 ($5 in chips) 
Seat 6: PiNe4ppLe ($7.56 in chips) 
moizec: posts small blind $0.02
~TheWiseGuyz~: posts big blind $0.05
*** HOLE CARDS ***
Dealt to HubertusB [6c 6d]
GrafVolskiu: folds 
Nurik1111: folds 
PiNe4ppLe: folds 
HubertusB: raises $0.05 to $0.10
moizec: folds 
~TheWiseGuyz~: folds 
Uncalled bet ($0.05) returned to HubertusB
HubertusB collected $0.12 from pot
HubertusB: doesn't show hand 
*** SUMMARY ***
Total pot $0.12 | Rake $0 
Seat 1: HubertusB (button) collected ($0.12)
Seat 2: moizec (small blind) folded before Flop
Seat 3: ~TheWiseGuyz~ (big blind) folded before Flop
Seat 4: GrafVolskiu folded before Flop (didn't bet)
Seat 5: Nurik1111 folded before Flop (didn't bet)
Seat 6: PiNe4ppLe folded before Flop (didn't bet)



PokerStars Zoom Hand #186130828984:  Hold'em No Limit ($0.02/$0.05) - 2018/05/07 23:02:14 CCT [2018/05/07 11:02:14 ET]
Table 'Donati' 6-max Seat #1 is the button
Seat 1: GRAYSPRAY ($6.74 in chips) 
Seat 2: edger4013 ($5 in chips) 
Seat 3: KostiaSA ($5.22 in chips) 
Seat 4: HubertusB ($20.13 in chips) 
Seat 5: jAO01889 ($6.33 in chips) 
Seat 6: johancrypton ($7 in chips) 
edger4013: posts small blind $0.02
KostiaSA: posts big blind $0.05
*** HOLE CARDS ***
Dealt to HubertusB [3s Ks]
HubertusB: folds 
jAO01889: raises $0.07 to $0.12
johancrypton: calls $0.12
GRAYSPRAY: folds 
edger4013: folds 
KostiaSA: folds 
*** FLOP *** [Ad Tc Kh]
jAO01889: bets $0.21
johancrypton: folds 
Uncalled bet ($0.21) returned to jAO01889
jAO01889 collected $0.30 from pot
jAO01889: doesn't show hand 
*** SUMMARY ***
Total pot $0.31 | Rake $0.01 
Board [Ad Tc Kh]
Seat 1: GRAYSPRAY (button) folded before Flop (didn't bet)
Seat 2: edger4013 (small blind) folded before Flop
Seat 3: KostiaSA (big blind) folded before Flop
Seat 4: HubertusB folded before Flop (didn't bet)
Seat 5: jAO01889 collected ($0.30)
Seat 6: johancrypton folded on the Flop



PokerStars Zoom Hand #186130840429:  Hold'em No Limit ($0.02/$0.05) - 2018/05/07 23:02:36 CCT [2018/05/07 11:02:36 ET]
Table 'Donati' 6-max Seat #1 is the button
Seat 1: AxeldarPS ($5 in chips) 
Seat 2: HubertusB ($20.20 in chips) 
Seat 3: Casinoca$h ($6.19 in chips) 
Seat 4: hcpalli ($5 in chips) 
Seat 5: alesha566 ($5.82 in chips) 
Seat 6: Peter T. 55 ($7.08 in chips) 
HubertusB: posts small blind $0.02
Casinoca$h: posts big blind $0.05
*** HOLE CARDS ***
Dealt to HubertusB [Qd Kc]
hcpalli: folds 
alesha566: folds 
Peter T. 55: raises $0.10 to $0.15
AxeldarPS: calls $0.15
HubertusB: raises $0.50 to $0.65
Casinoca$h: calls $0.60
Peter T. 55: folds 
AxeldarPS: folds 
*** FLOP *** [2s 8c Ts]
HubertusB: checks 
Casinoca$h: checks 
*** TURN *** [2s 8c Ts] [Js]
HubertusB: checks 
Casinoca$h: checks 
*** RIVER *** [2s 8c Ts Js] [Qc]
HubertusB: checks 
Casinoca$h: bets $1.53
HubertusB: folds 
Uncalled bet ($1.53) returned to Casinoca$h
Casinoca$h collected $1.53 from pot
Casinoca$h: doesn't show hand 
*** SUMMARY ***
Total pot $1.60 | Rake $0.07 
Board [2s 8c Ts Js Qc]
Seat 1: AxeldarPS (button) folded before Flop
Seat 2: HubertusB (small blind) folded on the River
Seat 3: Casinoca$h (big blind) collected ($1.53)
Seat 4: hcpalli folded before Flop (didn't bet)
Seat 5: alesha566 folded before Flop (didn't bet)
Seat 6: Peter T. 55 folded before Flop



PokerStars Zoom Hand #186130893548:  Hold'em No Limit ($0.02/$0.05) - 2018/05/07 23:04:17 CCT [2018/05/07 11:04:17 ET]
Table 'Donati' 6-max Seat #1 is the button
Seat 1: FTeeeX ($9.84 in chips) 
Seat 2: L.Lucete ($5.29 in chips) 
Seat 3: letstry10 ($5.41 in chips) 
Seat 4: PiNe4ppLe ($10.58 in chips) 
Seat 5: Zicepig ($6.03 in chips) 
Seat 6: HubertusB ($19.55 in chips) 
L.Lucete: posts small blind $0.02
letstry10: posts big blind $0.05
*** HOLE CARDS ***
Dealt to HubertusB [Jc Kd]
PiNe4ppLe: folds 
Zicepig: raises $0.12 to $0.17
HubertusB: folds 
FTeeeX: folds 
L.Lucete: folds 
letstry10: folds 
Uncalled bet ($0.12) returned to Zicepig
Zicepig collected $0.12 from pot
Zicepig: doesn't show hand 
*** SUMMARY ***
Total pot $0.12 | Rake $0 
Seat 1: FTeeeX (button) folded before Flop (didn't bet)
Seat 2: L.Lucete (small blind) folded before Flop
Seat 3: letstry10 (big blind) folded before Flop
Seat 4: PiNe4ppLe folded before Flop (didn't bet)
Seat 5: Zicepig collected ($0.12)
Seat 6: HubertusB folded before Flop (didn't bet)



PokerStars Zoom Hand #186130899326:  Hold'em No Limit ($0.02/$0.05) - 2018/05/07 23:04:28 CCT [2018/05/07 11:04:28 ET]
Table 'Donati' 6-max Seat #1 is the button
Seat 1: fiat.678 ($4.83 in chips) 
Seat 2: oleg777886 ($5.05 in chips) 
Seat 3: HubertusB ($19.55 in chips) 
Seat 4: chiicoo=] ($10.99 in chips) 
Seat 5: Aleks J.K. ($5.69 in chips) 
Seat 6: Bur1k ($5 in chips) 
oleg777886: posts small blind $0.02
HubertusB: posts big blind $0.05
*** HOLE CARDS ***
Dealt to HubertusB [6h Tc]
chiicoo=]: folds 
Aleks J.K.: folds 
Bur1k: folds 
fiat.678: folds 
oleg777886: folds 
Uncalled bet ($0.03) returned to HubertusB
HubertusB collected $0.04 from pot
HubertusB: doesn't show hand 
*** SUMMARY ***
Total pot $0.04 | Rake $0 
Seat 1: fiat.678 (button) folded before Flop (didn't bet)
Seat 2: oleg777886 (small blind) folded before Flop
Seat 3: HubertusB (big blind) collected ($0.04)
Seat 4: chiicoo=] folded before Flop (didn't bet)
Seat 5: Aleks J.K. folded before Flop (didn't bet)
Seat 6: Bur1k folded before Flop (didn't bet)



PokerStars Zoom Hand #186130908929:  Hold'em No Limit ($0.02/$0.05) - 2018/05/07 23:04:46 CCT [2018/05/07 11:04:46 ET]
Table 'Donati' 6-max Seat #1 is the button
Seat 1: Zicepig ($5.48 in chips) 
Seat 2: Bandos_2 ($2.66 in chips) 
Seat 3: VSCHru ($5.30 in chips) 
Seat 4: someep1ck ($5.40 in chips) 
Seat 5: HubertusB ($19.57 in chips) 
Seat 6: letstry10 ($5.33 in chips) 
Bandos_2: posts small blind $0.02
VSCHru: posts big blind $0.05
*** HOLE CARDS ***
Dealt to HubertusB [9c 6d]
someep1ck: raises $0.10 to $0.15
HubertusB: folds 
letstry10: folds 
Zicepig: folds 
Bandos_2: folds 
VSCHru: folds 
Uncalled bet ($0.10) returned to someep1ck
someep1ck collected $0.12 from pot
someep1ck: doesn't show hand 
*** SUMMARY ***
Total pot $0.12 | Rake $0 
Seat 1: Zicepig (button) folded before Flop (didn't bet)
Seat 2: Bandos_2 (small blind) folded before Flop
Seat 3: VSCHru (big blind) folded before Flop
Seat 4: someep1ck collected ($0.12)
Seat 5: HubertusB folded before Flop (didn't bet)
Seat 6: letstry10 folded before Flop (didn't bet)



PokerStars Zoom Hand #186130905749:  Hold'em No Limit ($0.02/$0.05) - 2018/05/07 23:04:40 CCT [2018/05/07 11:04:40 ET]
Table 'Donati' 6-max Seat #1 is the button
Seat 1: Basan95.2012 ($6.41 in chips) 
Seat 2: alfa846 ($8.74 in chips) 
Seat 3: Freedomqoo ($7.30 in chips) 
Seat 4: PiNe4ppLe ($8.49 in chips) 
Seat 5: Verwolf Max ($11.03 in chips) 
Seat 6: HubertusB ($19.57 in chips) 
alfa846: posts small blind $0.02
Freedomqoo: posts big blind $0.05
*** HOLE CARDS ***
Dealt to HubertusB [4c 2d]
PiNe4ppLe: folds 
Verwolf Max: folds 
HubertusB: folds 
Basan95.2012: raises $0.10 to $0.15
alfa846: raises $0.30 to $0.45
Freedomqoo: raises $1 to $1.45
Basan95.2012: folds 
alfa846: folds 
Uncalled bet ($1) returned to Freedomqoo
Freedomqoo collected $1.05 from pot
Freedomqoo: doesn't show hand 
*** SUMMARY ***
Total pot $1.05 | Rake $0 
Seat 1: Basan95.2012 (button) folded before Flop
Seat 2: alfa846 (small blind) folded before Flop
Seat 3: Freedomqoo (big blind) collected ($1.05)
Seat 4: PiNe4ppLe folded before Flop (didn't bet)
Seat 5: Verwolf Max folded before Flop (didn't bet)
Seat 6: HubertusB folded before Flop (didn't bet)



PokerStars Zoom Hand #186130912072:  Hold'em No Limit ($0.02/$0.05) - 2018/05/07 23:04:52 CCT [2018/05/07 11:04:52 ET]
Table 'Donati' 6-max Seat #1 is the button
Seat 1: sbct10 ($14.88 in chips) 
Seat 2: salamandryko ($5.12 in chips) 
Seat 3: Moshviktor ($2.50 in chips) 
Seat 4: 13maxik13 ($5.13 in chips) 
Seat 5: HubertusB ($19.57 in chips) 
Seat 6: championav ($5.26 in chips) 
salamandryko: posts small blind $0.02
Moshviktor: posts big blind $0.05
*** HOLE CARDS ***
Dealt to HubertusB [Ac Tc]
13maxik13: folds 
HubertusB: raises $0.07 to $0.12
championav: folds 
sbct10: folds 
salamandryko: folds 
Moshviktor: calls $0.07
*** FLOP *** [Kc 7h As]
Moshviktor: checks 
HubertusB: checks 
*** TURN *** [Kc 7h As] [9c]
Moshviktor: bets $0.35
HubertusB: calls $0.35
*** RIVER *** [Kc 7h As 9c] [Ks]
Moshviktor: checks 
HubertusB: checks 
*** SHOW DOWN ***
Moshviktor: shows [3c Qh] (a pair of Kings)
HubertusB: shows [Ac Tc] (two pair, Aces and Kings)
HubertusB collected $0.92 from pot
*** SUMMARY ***
Total pot $0.96 | Rake $0.04 
Board [Kc 7h As 9c Ks]
Seat 1: sbct10 (button) folded before Flop (didn't bet)
Seat 2: salamandryko (small blind) folded before Flop
Seat 3: Moshviktor (big blind) showed [3c Qh] and lost with a pair of Kings
Seat 4: 13maxik13 folded before Flop (didn't bet)
Seat 5: HubertusB showed [Ac Tc] and won ($0.92) with two pair, Aces and Kings
Seat 6: championav folded before Flop (didn't bet)



PokerStars Zoom Hand #186130936674:  Hold'em No Limit ($0.02/$0.05) - 2018/05/07 23:05:38 CCT [2018/05/07 11:05:38 ET]
Table 'Donati' 6-max Seat #1 is the button
Seat 1: HubertusB ($20.02 in chips) 
Seat 2: allekönige ($4.35 in chips) 
Seat 3: someep1ck ($5 in chips) 
Seat 4: Lecter 777 ($5.86 in chips) 
Seat 5: raul12345119 ($0.57 in chips) 
Seat 6: josah321 ($5 in chips) 
allekönige: posts small blind $0.02
someep1ck: posts big blind $0.05
*** HOLE CARDS ***
Dealt to HubertusB [Jd 7c]
Lecter 777: folds 
raul12345119: folds 
josah321: raises $0.10 to $0.15
HubertusB: folds 
allekönige: folds 
someep1ck: folds 
Uncalled bet ($0.10) returned to josah321
josah321 collected $0.12 from pot
josah321: doesn't show hand 
*** SUMMARY ***
Total pot $0.12 | Rake $0 
Seat 1: HubertusB (button) folded before Flop (didn't bet)
Seat 2: allekönige (small blind) folded before Flop
Seat 3: someep1ck (big blind) folded before Flop
Seat 4: Lecter 777 folded before Flop (didn't bet)
Seat 5: raul12345119 folded before Flop (didn't bet)
Seat 6: josah321 collected ($0.12)



PokerStars Zoom Hand #186130954723:  Hold'em No Limit ($0.02/$0.05) - 2018/05/07 23:06:12 CCT [2018/05/07 11:06:12 ET]
Table 'Donati' 6-max Seat #1 is the button
Seat 1: AndreyK11 ($5.09 in chips) 
Seat 2: Zicepig ($5.91 in chips) 
Seat 3: fishumad888 ($7.65 in chips) 
Seat 4: opopo0009 ($5.97 in chips) 
Seat 5: AASiz ($5 in chips) 
Seat 6: HubertusB ($20 in chips) 
Zicepig: posts small blind $0.02
fishumad888: posts big blind $0.05
*** HOLE CARDS ***
Dealt to HubertusB [7h 9d]
opopo0009: raises $0.10 to $0.15
AASiz: folds 
HubertusB: folds 
AndreyK11: folds 
Zicepig: folds 
fishumad888: folds 
Uncalled bet ($0.10) returned to opopo0009
opopo0009 collected $0.12 from pot
opopo0009: doesn't show hand 
*** SUMMARY ***
Total pot $0.12 | Rake $0 
Seat 1: AndreyK11 (button) folded before Flop (didn't bet)
Seat 2: Zicepig (small blind) folded before Flop
Seat 3: fishumad888 (big blind) folded before Flop
Seat 4: opopo0009 collected ($0.12)
Seat 5: AASiz folded before Flop (didn't bet)
Seat 6: HubertusB folded before Flop (didn't bet)



PokerStars Zoom Hand #186130957925:  Hold'em No Limit ($0.02/$0.05) - 2018/05/07 23:06:18 CCT [2018/05/07 11:06:18 ET]
Table 'Donati' 6-max Seat #1 is the button
Seat 1: Pikivaa ($5.20 in chips) 
Seat 2: chp0ker7Let ($4.52 in chips) 
Seat 3: HubertusB ($20 in chips) 
Seat 4: IGOR14RUS ($8.39 in chips) 
Seat 5: F1895 ($4.95 in chips) 
Seat 6: dumpassos ($5.21 in chips) 
chp0ker7Let: posts small blind $0.02
HubertusB: posts big blind $0.05
*** HOLE CARDS ***
Dealt to HubertusB [9h 6c]
IGOR14RUS: folds 
F1895: folds 
dumpassos: raises $0.10 to $0.15
Pikivaa: folds 
chp0ker7Let: folds 
HubertusB: folds 
Uncalled bet ($0.10) returned to dumpassos
dumpassos collected $0.12 from pot
dumpassos: doesn't show hand 
*** SUMMARY ***
Total pot $0.12 | Rake $0 
Seat 1: Pikivaa (button) folded before Flop (didn't bet)
Seat 2: chp0ker7Let (small blind) folded before Flop
Seat 3: HubertusB (big blind) folded before Flop
Seat 4: IGOR14RUS folded before Flop (didn't bet)
Seat 5: F1895 folded before Flop (didn't bet)
Seat 6: dumpassos collected ($0.12)



PokerStars Zoom Hand #186130945218:  Hold'em No Limit ($0.02/$0.05) - 2018/05/07 23:05:54 CCT [2018/05/07 11:05:54 ET]
Table 'Donati' 6-max Seat #1 is the button
Seat 1: MyFantassy ($0.76 in chips) 
Seat 2: HubertusB ($20.02 in chips) 
Seat 3: olegov934 ($2.37 in chips) 
Seat 4: Moonwalker742 ($5 in chips) 
Seat 5: Mr.Nuttts ($8.08 in chips) 
Seat 6: Raven434 ($6.57 in chips) 
HubertusB: posts small blind $0.02
olegov934: posts big blind $0.05
*** HOLE CARDS ***
Dealt to HubertusB [Ad 6h]
Moonwalker742: folds 
Mr.Nuttts: raises $0.07 to $0.12
Raven434: calls $0.12
MyFantassy: folds 
HubertusB: folds 
olegov934: folds 
*** FLOP *** [8d 7d Ts]
Mr.Nuttts: bets $0.22
Raven434: calls $0.22
*** TURN *** [8d 7d Ts] [2h]
Mr.Nuttts: bets $0.37
Raven434: raises $0.65 to $1.02
Mr.Nuttts: calls $0.65
*** RIVER *** [8d 7d Ts 2h] [Th]
Mr.Nuttts: checks 
Raven434: checks 
*** SHOW DOWN ***
Mr.Nuttts: shows [9c 9s] (two pair, Tens and Nines)
Raven434: shows [Jc Jd] (two pair, Jacks and Tens)
Raven434 collected $2.67 from pot
*** SUMMARY ***
Total pot $2.79 | Rake $0.12 
Board [8d 7d Ts 2h Th]
Seat 1: MyFantassy (button) folded before Flop (didn't bet)
Seat 2: HubertusB (small blind) folded before Flop
Seat 3: olegov934 (big blind) folded before Flop
Seat 4: Moonwalker742 folded before Flop (didn't bet)
Seat 5: Mr.Nuttts showed [9c 9s] and lost with two pair, Tens and Nines
Seat 6: Raven434 showed [Jc Jd] and won ($2.67) with two pair, Jacks and Tens



