PokerStars Zoom Hand #186126943741:  Hold'em No Limit ($0.05/$0.10) - 2018/05/07 20:46:06 CCT [2018/05/07 8:46:06 ET]
Table 'Aludra' 6-max Seat #1 is the button
Seat 1: ursachi1983 ($6.90 in chips) 
Seat 2: platypus681 ($11.52 in chips) 
Seat 3: HubertusB ($10 in chips) 
Seat 4: Tittula ($31.19 in chips) 
Seat 5: highlandparking ($12.41 in chips) 
Seat 6: Somik4032 ($10.96 in chips) 
platypus681: posts small blind $0.05
HubertusB: posts big blind $0.10
*** HOLE CARDS ***
Dealt to HubertusB [Kc 4c]
Tittula: raises $0.20 to $0.30
highlandparking: folds 
Somik4032: folds 
ursachi1983: folds 
platypus681: folds 
HubertusB: folds 
Uncalled bet ($0.20) returned to Tittula
Tittula collected $0.25 from pot
Tittula: doesn't show hand 
*** SUMMARY ***
Total pot $0.25 | Rake $0 
Seat 1: ursachi1983 (button) folded before Flop (didn't bet)
Seat 2: platypus681 (small blind) folded before Flop
Seat 3: HubertusB (big blind) folded before Flop
Seat 4: Tittula collected ($0.25)
Seat 5: highlandparking folded before Flop (didn't bet)
Seat 6: Somik4032 folded before Flop (didn't bet)



PokerStars Zoom Hand #186126949768:  Hold'em No Limit ($0.05/$0.10) - 2018/05/07 20:46:20 CCT [2018/05/07 8:46:20 ET]
Table 'Aludra' 6-max Seat #1 is the button
Seat 1: 12360 ($21.46 in chips) 
Seat 2: jackdu110 ($10.70 in chips) 
Seat 3: Galgamation ($7.62 in chips) 
Seat 4: Thor767 ($26.31 in chips) 
Seat 5: eclibrise ($11.50 in chips) 
Seat 6: HubertusB ($9.90 in chips) 
jackdu110: posts small blind $0.05
Galgamation: posts big blind $0.10
*** HOLE CARDS ***
Dealt to HubertusB [Ks Ah]
Thor767: folds 
eclibrise: folds 
HubertusB: raises $0.14 to $0.24
12360: folds 
jackdu110: folds 
Galgamation: folds 
Uncalled bet ($0.14) returned to HubertusB
HubertusB collected $0.25 from pot
HubertusB: doesn't show hand 
*** SUMMARY ***
Total pot $0.25 | Rake $0 
Seat 1: 12360 (button) folded before Flop (didn't bet)
Seat 2: jackdu110 (small blind) folded before Flop
Seat 3: Galgamation (big blind) folded before Flop
Seat 4: Thor767 folded before Flop (didn't bet)
Seat 5: eclibrise folded before Flop (didn't bet)
Seat 6: HubertusB collected ($0.25)



PokerStars Zoom Hand #186126962953:  Hold'em No Limit ($0.05/$0.10) - 2018/05/07 20:46:50 CCT [2018/05/07 8:46:50 ET]
Table 'Aludra' 6-max Seat #1 is the button
Seat 1: ORV65 ($11.85 in chips) 
Seat 2: HubertusB ($10.05 in chips) 
Seat 3: stoik83 ($9.83 in chips) 
Seat 4: Vandar1988 ($10 in chips) 
Seat 5: sviiit1 ($10 in chips) 
Seat 6: nonpoint1987 ($10 in chips) 
HubertusB: posts small blind $0.05
stoik83: posts big blind $0.10
*** HOLE CARDS ***
Dealt to HubertusB [6d Ks]
Vandar1988: folds 
sviiit1: folds 
nonpoint1987: folds 
ORV65: raises $0.20 to $0.30
HubertusB: folds 
stoik83: folds 
Uncalled bet ($0.20) returned to ORV65
ORV65 collected $0.25 from pot
ORV65: doesn't show hand 
*** SUMMARY ***
Total pot $0.25 | Rake $0 
Seat 1: ORV65 (button) collected ($0.25)
Seat 2: HubertusB (small blind) folded before Flop
Seat 3: stoik83 (big blind) folded before Flop
Seat 4: Vandar1988 folded before Flop (didn't bet)
Seat 5: sviiit1 folded before Flop (didn't bet)
Seat 6: nonpoint1987 folded before Flop (didn't bet)



PokerStars Zoom Hand #186126965693:  Hold'em No Limit ($0.05/$0.10) - 2018/05/07 20:46:56 CCT [2018/05/07 8:46:56 ET]
Table 'Aludra' 6-max Seat #1 is the button
Seat 1: HubertusB ($10 in chips) 
Seat 2: HUsge12 ($9.01 in chips) 
Seat 3: DeM!st3r ($15.02 in chips) 
Seat 4: NeNiferr ($12.19 in chips) 
Seat 5: valenaloha ($17.91 in chips) 
Seat 6: Hur10Alber10 ($11.91 in chips) 
HUsge12: posts small blind $0.05
DeM!st3r: posts big blind $0.10
*** HOLE CARDS ***
Dealt to HubertusB [Tc 5c]
NeNiferr: folds 
valenaloha: folds 
Hur10Alber10: folds 
HubertusB: folds 
HUsge12: folds 
Uncalled bet ($0.05) returned to DeM!st3r
DeM!st3r collected $0.10 from pot
DeM!st3r: doesn't show hand 
*** SUMMARY ***
Total pot $0.10 | Rake $0 
Seat 1: HubertusB (button) folded before Flop (didn't bet)
Seat 2: HUsge12 (small blind) folded before Flop
Seat 3: DeM!st3r (big blind) collected ($0.10)
Seat 4: NeNiferr folded before Flop (didn't bet)
Seat 5: valenaloha folded before Flop (didn't bet)
Seat 6: Hur10Alber10 folded before Flop (didn't bet)



PokerStars Zoom Hand #186126968701:  Hold'em No Limit ($0.05/$0.10) - 2018/05/07 20:47:03 CCT [2018/05/07 8:47:03 ET]
Table 'Aludra' 6-max Seat #1 is the button
Seat 1: 9supernova9 ($28.10 in chips) 
Seat 2: xtcwarmaster ($10 in chips) 
Seat 3: CasterLee ($17.72 in chips) 
Seat 4: sumpfkrote ($13.82 in chips) 
Seat 5: HubertusB ($10 in chips) 
Seat 6: Aknada777 ($5.34 in chips) 
xtcwarmaster: posts small blind $0.05
CasterLee: posts big blind $0.10
*** HOLE CARDS ***
Dealt to HubertusB [Ks Kh]
sumpfkrote: raises $0.20 to $0.30
HubertusB: raises $0.60 to $0.90
Aknada777: folds 
9supernova9: folds 
xtcwarmaster: folds 
CasterLee: folds 
sumpfkrote: folds 
Uncalled bet ($0.60) returned to HubertusB
HubertusB collected $0.75 from pot
HubertusB: doesn't show hand 
*** SUMMARY ***
Total pot $0.75 | Rake $0 
Seat 1: 9supernova9 (button) folded before Flop (didn't bet)
Seat 2: xtcwarmaster (small blind) folded before Flop
Seat 3: CasterLee (big blind) folded before Flop
Seat 4: sumpfkrote folded before Flop
Seat 5: HubertusB collected ($0.75)
Seat 6: Aknada777 folded before Flop (didn't bet)



PokerStars Zoom Hand #186126981985:  Hold'em No Limit ($0.05/$0.10) - 2018/05/07 20:47:33 CCT [2018/05/07 8:47:33 ET]
Table 'Aludra' 6-max Seat #1 is the button
Seat 1: nonpoint1987 ($10.32 in chips) 
Seat 2: NeNiferr ($14.26 in chips) 
Seat 3: HubertusB ($10.45 in chips) 
Seat 4: mocho1499 ($2.33 in chips) 
Seat 5: CasterLee ($15.85 in chips) 
Seat 6: valenaloha ($10.61 in chips) 
NeNiferr: posts small blind $0.05
HubertusB: posts big blind $0.10
*** HOLE CARDS ***
Dealt to HubertusB [9d 2s]
mocho1499: raises $0.10 to $0.20
CasterLee: folds 
valenaloha: folds 
nonpoint1987: calls $0.20
NeNiferr: folds 
HubertusB: folds 
*** FLOP *** [8s Jh Ad]
mocho1499: bets $0.27
nonpoint1987: calls $0.27
*** TURN *** [8s Jh Ad] [Kc]
mocho1499: bets $0.52
nonpoint1987: folds 
Uncalled bet ($0.52) returned to mocho1499
mocho1499 collected $1.04 from pot
mocho1499: doesn't show hand 
*** SUMMARY ***
Total pot $1.09 | Rake $0.05 
Board [8s Jh Ad Kc]
Seat 1: nonpoint1987 (button) folded on the Turn
Seat 2: NeNiferr (small blind) folded before Flop
Seat 3: HubertusB (big blind) folded before Flop
Seat 4: mocho1499 collected ($1.04)
Seat 5: CasterLee folded before Flop (didn't bet)
Seat 6: valenaloha folded before Flop (didn't bet)



PokerStars Zoom Hand #186126984550:  Hold'em No Limit ($0.05/$0.10) - 2018/05/07 20:47:39 CCT [2018/05/07 8:47:39 ET]
Table 'Aludra' 6-max Seat #1 is the button
Seat 1: acd_045 ($11.84 in chips) 
Seat 2: HubertusB ($10.35 in chips) 
Seat 3: AKafer ($26.66 in chips) 
Seat 4: JohnSF7 ($10.02 in chips) 
Seat 5: Kaspesfiesta ($12.44 in chips) 
Seat 6: Podber777 ($11.71 in chips) 
HubertusB: posts small blind $0.05
AKafer: posts big blind $0.10
*** HOLE CARDS ***
Dealt to HubertusB [Ad Qh]
JohnSF7: folds 
Kaspesfiesta: folds 
Podber777: folds 
acd_045: raises $0.20 to $0.30
HubertusB: raises $0.70 to $1
AKafer: folds 
acd_045: calls $0.70
*** FLOP *** [6s 3d Th]
HubertusB: bets $0.84
acd_045: calls $0.84
*** TURN *** [6s 3d Th] [5s]
HubertusB: checks 
acd_045: checks 
*** RIVER *** [6s 3d Th 5s] [8h]
HubertusB: checks 
acd_045: checks 
*** SHOW DOWN ***
HubertusB: shows [Ad Qh] (high card Ace)
acd_045: shows [Qd As] (high card Ace)
HubertusB collected $1.81 from pot
acd_045 collected $1.80 from pot
*** SUMMARY ***
Total pot $3.78 | Rake $0.17 
Board [6s 3d Th 5s 8h]
Seat 1: acd_045 (button) showed [Qd As] and won ($1.80) with high card Ace
Seat 2: HubertusB (small blind) showed [Ad Qh] and won ($1.81) with high card Ace
Seat 3: AKafer (big blind) folded before Flop
Seat 4: JohnSF7 folded before Flop (didn't bet)
Seat 5: Kaspesfiesta folded before Flop (didn't bet)
Seat 6: Podber777 folded before Flop (didn't bet)



PokerStars Zoom Hand #186127010975:  Hold'em No Limit ($0.05/$0.10) - 2018/05/07 20:48:39 CCT [2018/05/07 8:48:39 ET]
Table 'Aludra' 6-max Seat #1 is the button
Seat 1: AKafer ($34.23 in chips) 
Seat 2: 31ohnescharf ($8.89 in chips) 
Seat 3: klausius248 ($2.46 in chips) 
Seat 4: nonpoint1987 ($14.27 in chips) 
Seat 5: NeNiferr ($10.97 in chips) 
Seat 6: HubertusB ($10.32 in chips) 
31ohnescharf: posts small blind $0.05
klausius248: posts big blind $0.10
*** HOLE CARDS ***
Dealt to HubertusB [8h Ks]
nonpoint1987: folds 
NeNiferr: folds 
HubertusB: folds 
AKafer: raises $0.15 to $0.25
31ohnescharf: calls $0.20
klausius248: folds 
*** FLOP *** [4d As 6h]
31ohnescharf: checks 
AKafer: checks 
*** TURN *** [4d As 6h] [2h]
31ohnescharf: checks 
AKafer: checks 
*** RIVER *** [4d As 6h 2h] [Kh]
31ohnescharf: checks 
AKafer: checks 
*** SHOW DOWN ***
31ohnescharf: shows [Td Ts] (a pair of Tens)
AKafer: mucks hand 
31ohnescharf collected $0.57 from pot
*** SUMMARY ***
Total pot $0.60 | Rake $0.03 
Board [4d As 6h 2h Kh]
Seat 1: AKafer (button) mucked [3d 2d]
Seat 2: 31ohnescharf (small blind) showed [Td Ts] and won ($0.57) with a pair of Tens
Seat 3: klausius248 (big blind) folded before Flop
Seat 4: nonpoint1987 folded before Flop (didn't bet)
Seat 5: NeNiferr folded before Flop (didn't bet)
Seat 6: HubertusB folded before Flop (didn't bet)



PokerStars Zoom Hand #186127021231:  Hold'em No Limit ($0.05/$0.10) - 2018/05/07 20:49:02 CCT [2018/05/07 8:49:02 ET]
Table 'Aludra' 6-max Seat #1 is the button
Seat 1: HubertusB ($10.32 in chips) 
Seat 2: sviiit1 ($10.27 in chips) 
Seat 3: g3justin ($10.10 in chips) 
Seat 4: keenakeena73 ($10.32 in chips) 
Seat 5: raihidayo ($18.35 in chips) 
Seat 6: Old Saxon ($5.38 in chips) 
sviiit1: posts small blind $0.05
g3justin: posts big blind $0.10
*** HOLE CARDS ***
Dealt to HubertusB [Td Qc]
keenakeena73: folds 
raihidayo: raises $0.20 to $0.30
Old Saxon: folds 
HubertusB: folds 
sviiit1: folds 
g3justin: folds 
Uncalled bet ($0.20) returned to raihidayo
raihidayo collected $0.25 from pot
raihidayo: doesn't show hand 
*** SUMMARY ***
Total pot $0.25 | Rake $0 
Seat 1: HubertusB (button) folded before Flop (didn't bet)
Seat 2: sviiit1 (small blind) folded before Flop
Seat 3: g3justin (big blind) folded before Flop
Seat 4: keenakeena73 folded before Flop (didn't bet)
Seat 5: raihidayo collected ($0.25)
Seat 6: Old Saxon folded before Flop (didn't bet)



PokerStars Zoom Hand #186127015052:  Hold'em No Limit ($0.05/$0.10) - 2018/05/07 20:48:48 CCT [2018/05/07 8:48:48 ET]
Table 'Aludra' 6-max Seat #1 is the button
Seat 1: 12360 ($21.42 in chips) 
Seat 2: kolykam ($10 in chips) 
Seat 3: Lost_Gambit ($17.28 in chips) 
Seat 4: highlandparking ($12.45 in chips) 
Seat 5: HubertusB ($10.32 in chips) 
Seat 6: kasta33 ($11.47 in chips) 
kolykam: posts small blind $0.05
Lost_Gambit: posts big blind $0.10
*** HOLE CARDS ***
Dealt to HubertusB [8h Kh]
highlandparking: folds 
HubertusB: folds 
kasta33: folds 
12360: raises $0.10 to $0.20
kolykam: folds 
Lost_Gambit: calls $0.10
*** FLOP *** [Qh Ad Ah]
Lost_Gambit: checks 
12360: bets $0.20
Lost_Gambit: folds 
Uncalled bet ($0.20) returned to 12360
12360 collected $0.43 from pot
12360: doesn't show hand 
*** SUMMARY ***
Total pot $0.45 | Rake $0.02 
Board [Qh Ad Ah]
Seat 1: 12360 (button) collected ($0.43)
Seat 2: kolykam (small blind) folded before Flop
Seat 3: Lost_Gambit (big blind) folded on the Flop
Seat 4: highlandparking folded before Flop (didn't bet)
Seat 5: HubertusB folded before Flop (didn't bet)
Seat 6: kasta33 folded before Flop (didn't bet)



PokerStars Zoom Hand #186127028717:  Hold'em No Limit ($0.05/$0.10) - 2018/05/07 20:49:19 CCT [2018/05/07 8:49:19 ET]
Table 'Aludra' 6-max Seat #1 is the button
Seat 1: keenakeena73 ($10.22 in chips) 
Seat 2: nesscz33 ($11.76 in chips) 
Seat 3: HubertusB ($10.32 in chips) 
Seat 4: takato99 ($9.85 in chips) 
Seat 5: g3justin ($17.25 in chips) 
Seat 6: stoik83 ($9.73 in chips) 
nesscz33: posts small blind $0.05
HubertusB: posts big blind $0.10
*** HOLE CARDS ***
Dealt to HubertusB [3h Jh]
takato99: folds 
g3justin: folds 
stoik83: folds 
keenakeena73: folds 
nesscz33: folds 
Uncalled bet ($0.05) returned to HubertusB
HubertusB collected $0.10 from pot
HubertusB: doesn't show hand 
*** SUMMARY ***
Total pot $0.10 | Rake $0 
Seat 1: keenakeena73 (button) folded before Flop (didn't bet)
Seat 2: nesscz33 (small blind) folded before Flop
Seat 3: HubertusB (big blind) collected ($0.10)
Seat 4: takato99 folded before Flop (didn't bet)
Seat 5: g3justin folded before Flop (didn't bet)
Seat 6: stoik83 folded before Flop (didn't bet)



PokerStars Zoom Hand #186127026059:  Hold'em No Limit ($0.05/$0.10) - 2018/05/07 20:49:13 CCT [2018/05/07 8:49:13 ET]
Table 'Aludra' 6-max Seat #1 is the button
Seat 1: jaanis1983 ($15.93 in chips) 
Seat 2: eclibrise ($12.36 in chips) 
Seat 3: reafdaow ($12.67 in chips) 
Seat 4: HubertusB ($10.32 in chips) 
Seat 5: carakas705 ($12.08 in chips) 
Seat 6: henkie479 ($10.34 in chips) 
eclibrise: posts small blind $0.05
reafdaow: posts big blind $0.10
*** HOLE CARDS ***
Dealt to HubertusB [Js 8s]
HubertusB: folds 
carakas705: folds 
henkie479: raises $0.20 to $0.30
jaanis1983: folds 
eclibrise: folds 
reafdaow: calls $0.20
*** FLOP *** [Td 6c Qh]
reafdaow: bets $0.10
henkie479: calls $0.10
*** TURN *** [Td 6c Qh] [7c]
reafdaow: bets $0.40
henkie479: calls $0.40
*** RIVER *** [Td 6c Qh 7c] [5s]
reafdaow: bets $1.60
henkie479: folds 
Uncalled bet ($1.60) returned to reafdaow
reafdaow collected $1.58 from pot
reafdaow: doesn't show hand 
*** SUMMARY ***
Total pot $1.65 | Rake $0.07 
Board [Td 6c Qh 7c 5s]
Seat 1: jaanis1983 (button) folded before Flop (didn't bet)
Seat 2: eclibrise (small blind) folded before Flop
Seat 3: reafdaow (big blind) collected ($1.58)
Seat 4: HubertusB folded before Flop (didn't bet)
Seat 5: carakas705 folded before Flop (didn't bet)
Seat 6: henkie479 folded on the River



PokerStars Zoom Hand #186127018563:  Hold'em No Limit ($0.05/$0.10) - 2018/05/07 20:48:56 CCT [2018/05/07 8:48:56 ET]
Table 'Aludra' 6-max Seat #1 is the button
Seat 1: Nabkeik ($10.56 in chips) 
Seat 2: M1ndre4der ($18.45 in chips) 
Seat 3: eclibrise ($12.46 in chips) 
Seat 4: HubertusB ($10.32 in chips) 
Seat 5: Frutek 2 ($14.99 in chips) 
Seat 6: Mammarella56 ($10 in chips) 
M1ndre4der: posts small blind $0.05
eclibrise: posts big blind $0.10
*** HOLE CARDS ***
Dealt to HubertusB [9c 3h]
HubertusB: folds 
Frutek 2: folds 
Mammarella56: raises $0.15 to $0.25
Nabkeik: folds 
M1ndre4der: raises $0.75 to $1
eclibrise: folds 
Mammarella56: calls $0.75
*** FLOP *** [Ks Qd 9d]
M1ndre4der: checks 
Mammarella56: checks 
*** TURN *** [Ks Qd 9d] [2c]
M1ndre4der: checks 
Mammarella56: bets $1.20
M1ndre4der: calls $1.20
*** RIVER *** [Ks Qd 9d 2c] [Kh]
M1ndre4der: checks 
Mammarella56: bets $3.86
M1ndre4der: calls $3.86
*** SHOW DOWN ***
Mammarella56: shows [Th Ah] (a pair of Kings)
M1ndre4der: shows [Qh Ac] (two pair, Kings and Queens)
M1ndre4der collected $11.67 from pot
*** SUMMARY ***
Total pot $12.22 | Rake $0.55 
Board [Ks Qd 9d 2c Kh]
Seat 1: Nabkeik (button) folded before Flop (didn't bet)
Seat 2: M1ndre4der (small blind) showed [Qh Ac] and won ($11.67) with two pair, Kings and Queens
Seat 3: eclibrise (big blind) folded before Flop
Seat 4: HubertusB folded before Flop (didn't bet)
Seat 5: Frutek 2 folded before Flop (didn't bet)
Seat 6: Mammarella56 showed [Th Ah] and lost with a pair of Kings



PokerStars Zoom Hand #186127032344:  Hold'em No Limit ($0.05/$0.10) - 2018/05/07 20:49:27 CCT [2018/05/07 8:49:27 ET]
Table 'Aludra' 6-max Seat #1 is the button
Seat 1: valenaloha ($16.55 in chips) 
Seat 2: HubertusB ($10.37 in chips) 
Seat 3: ML1982NL ($8 in chips) 
Seat 4: rlawnsdud ($22.24 in chips) 
Seat 5: myself10 ($23.94 in chips) 
Seat 6: 3rikBernard ($10.15 in chips) 
HubertusB: posts small blind $0.05
ML1982NL: posts big blind $0.10
*** HOLE CARDS ***
Dealt to HubertusB [9h Qh]
rlawnsdud: folds 
myself10: raises $0.15 to $0.25
3rikBernard: folds 
valenaloha: raises $0.50 to $0.75
HubertusB: folds 
ML1982NL: folds 
myself10: calls $0.50
*** FLOP *** [7s As 5s]
myself10: checks 
valenaloha: checks 
*** TURN *** [7s As 5s] [4h]
myself10: checks 
valenaloha: bets $1.30
myself10: folds 
Uncalled bet ($1.30) returned to valenaloha
valenaloha collected $1.58 from pot
valenaloha: doesn't show hand 
*** SUMMARY ***
Total pot $1.65 | Rake $0.07 
Board [7s As 5s 4h]
Seat 1: valenaloha (button) collected ($1.58)
Seat 2: HubertusB (small blind) folded before Flop
Seat 3: ML1982NL (big blind) folded before Flop
Seat 4: rlawnsdud folded before Flop (didn't bet)
Seat 5: myself10 folded on the Turn
Seat 6: 3rikBernard folded before Flop (didn't bet)



PokerStars Zoom Hand #186127053150:  Hold'em No Limit ($0.05/$0.10) - 2018/05/07 20:50:15 CCT [2018/05/07 8:50:15 ET]
Table 'Aludra' 6-max Seat #1 is the button
Seat 1: selivan ($15.09 in chips) 
Seat 2: Oleg032 ($10.85 in chips) 
Seat 3: sh@rp3r ($8 in chips) 
Seat 4: gallenguy ($8.36 in chips) 
Seat 5: HubertusB ($10.32 in chips) 
Seat 6: Inomiti ($6.27 in chips) 
Oleg032: posts small blind $0.05
sh@rp3r: posts big blind $0.10
*** HOLE CARDS ***
Dealt to HubertusB [Qc 2d]
gallenguy: folds 
HubertusB: folds 
Inomiti: raises $0.20 to $0.30
selivan: folds 
Oleg032: folds 
sh@rp3r: calls $0.20
*** FLOP *** [Kh Ks 4s]
sh@rp3r: checks 
Inomiti: bets $0.30
sh@rp3r: folds 
Uncalled bet ($0.30) returned to Inomiti
Inomiti collected $0.62 from pot
Inomiti: doesn't show hand 
*** SUMMARY ***
Total pot $0.65 | Rake $0.03 
Board [Kh Ks 4s]
Seat 1: selivan (button) folded before Flop (didn't bet)
Seat 2: Oleg032 (small blind) folded before Flop
Seat 3: sh@rp3r (big blind) folded on the Flop
Seat 4: gallenguy folded before Flop (didn't bet)
Seat 5: HubertusB folded before Flop (didn't bet)
Seat 6: Inomiti collected ($0.62)



PokerStars Zoom Hand #186127058973:  Hold'em No Limit ($0.05/$0.10) - 2018/05/07 20:50:28 CCT [2018/05/07 8:50:28 ET]
Table 'Aludra' 6-max Seat #1 is the button
Seat 1: g3justin ($17.18 in chips) 
Seat 2: hejek13 ($2.59 in chips) 
Seat 3: BajøraSTuzas ($10 in chips) 
Seat 4: Kid Genuis ($5.83 in chips) 
Seat 5: mikey197171 ($20.63 in chips) 
Seat 6: HubertusB ($10.32 in chips) 
hejek13: posts small blind $0.05
BajøraSTuzas: posts big blind $0.10
*** HOLE CARDS ***
Dealt to HubertusB [Th Kd]
Kid Genuis: folds 
mikey197171: folds 
HubertusB: raises $0.14 to $0.24
g3justin: folds 
hejek13: folds 
BajøraSTuzas: folds 
Uncalled bet ($0.14) returned to HubertusB
HubertusB collected $0.25 from pot
HubertusB: doesn't show hand 
*** SUMMARY ***
Total pot $0.25 | Rake $0 
Seat 1: g3justin (button) folded before Flop (didn't bet)
Seat 2: hejek13 (small blind) folded before Flop
Seat 3: BajøraSTuzas (big blind) folded before Flop
Seat 4: Kid Genuis folded before Flop (didn't bet)
Seat 5: mikey197171 folded before Flop (didn't bet)
Seat 6: HubertusB collected ($0.25)



PokerStars Zoom Hand #186127055228:  Hold'em No Limit ($0.05/$0.10) - 2018/05/07 20:50:20 CCT [2018/05/07 8:50:20 ET]
Table 'Aludra' 6-max Seat #1 is the button
Seat 1: HubertusB ($10.32 in chips) 
Seat 2: PornStar8986 ($5 in chips) 
Seat 3: pocoloco1011 ($9.95 in chips) 
Seat 4: koekoek0312 ($5.10 in chips) 
Seat 5: DeM!st3r ($11.91 in chips) 
Seat 6: WhiteDAGLeki ($10.43 in chips) 
PornStar8986: posts small blind $0.05
pocoloco1011: posts big blind $0.10
*** HOLE CARDS ***
Dealt to HubertusB [Th Ad]
koekoek0312: raises $0.20 to $0.30
DeM!st3r: folds 
WhiteDAGLeki: folds 
HubertusB: folds 
PornStar8986: folds 
pocoloco1011: raises $0.65 to $0.95
koekoek0312: raises $4.15 to $5.10 and is all-in
pocoloco1011: calls $4.15
*** FLOP *** [5d 2c 7c]
*** TURN *** [5d 2c 7c] [2h]
*** RIVER *** [5d 2c 7c 2h] [5h]
*** SHOW DOWN ***
pocoloco1011: shows [As Kh] (two pair, Fives and Deuces)
koekoek0312: shows [Js Jh] (two pair, Jacks and Fives)
koekoek0312 collected $9.79 from pot
*** SUMMARY ***
Total pot $10.25 | Rake $0.46 
Board [5d 2c 7c 2h 5h]
Seat 1: HubertusB (button) folded before Flop (didn't bet)
Seat 2: PornStar8986 (small blind) folded before Flop
Seat 3: pocoloco1011 (big blind) showed [As Kh] and lost with two pair, Fives and Deuces
Seat 4: koekoek0312 showed [Js Jh] and won ($9.79) with two pair, Jacks and Fives
Seat 5: DeM!st3r folded before Flop (didn't bet)
Seat 6: WhiteDAGLeki folded before Flop (didn't bet)



PokerStars Zoom Hand #186127067486:  Hold'em No Limit ($0.05/$0.10) - 2018/05/07 20:50:47 CCT [2018/05/07 8:50:47 ET]
Table 'Aludra' 6-max Seat #1 is the button
Seat 1: darchas ($12.85 in chips) 
Seat 2: valenaloha ($11.32 in chips) 
Seat 3: HubertusB ($10.47 in chips) 
Seat 4: TomasHn ($15.87 in chips) 
Seat 5: PornStar8986 ($5 in chips) 
Seat 6: kavvviiii1 ($14.61 in chips) 
valenaloha: posts small blind $0.05
HubertusB: posts big blind $0.10
*** HOLE CARDS ***
Dealt to HubertusB [3h 9s]
TomasHn: folds 
PornStar8986: calls $0.10
kavvviiii1: folds 
darchas: raises $0.15 to $0.25
valenaloha: folds 
HubertusB: folds 
PornStar8986: calls $0.15
*** FLOP *** [9c 8c 3d]
PornStar8986: checks 
darchas: bets $0.31
PornStar8986: folds 
Uncalled bet ($0.31) returned to darchas
darchas collected $0.62 from pot
darchas: doesn't show hand 
*** SUMMARY ***
Total pot $0.65 | Rake $0.03 
Board [9c 8c 3d]
Seat 1: darchas (button) collected ($0.62)
Seat 2: valenaloha (small blind) folded before Flop
Seat 3: HubertusB (big blind) folded before Flop
Seat 4: TomasHn folded before Flop (didn't bet)
Seat 5: PornStar8986 folded on the Flop
Seat 6: kavvviiii1 folded before Flop (didn't bet)



PokerStars Zoom Hand #186127077176:  Hold'em No Limit ($0.05/$0.10) - 2018/05/07 20:51:09 CCT [2018/05/07 8:51:09 ET]
Table 'Aludra' 6-max Seat #1 is the button
Seat 1: raihidayo ($17.75 in chips) 
Seat 2: HubertusB ($10.37 in chips) 
Seat 3: Rhystc ($24.25 in chips) 
Seat 4: darchas ($16.60 in chips) 
Seat 5: Mammarella56 ($10.41 in chips) 
Seat 6: valenaloha ($19.01 in chips) 
HubertusB: posts small blind $0.05
Rhystc: posts big blind $0.10
*** HOLE CARDS ***
Dealt to HubertusB [5h 8d]
darchas: folds 
Mammarella56: folds 
valenaloha: folds 
raihidayo: raises $0.20 to $0.30
HubertusB: folds 
Rhystc: folds 
Uncalled bet ($0.20) returned to raihidayo
raihidayo collected $0.25 from pot
raihidayo: doesn't show hand 
*** SUMMARY ***
Total pot $0.25 | Rake $0 
Seat 1: raihidayo (button) collected ($0.25)
Seat 2: HubertusB (small blind) folded before Flop
Seat 3: Rhystc (big blind) folded before Flop
Seat 4: darchas folded before Flop (didn't bet)
Seat 5: Mammarella56 folded before Flop (didn't bet)
Seat 6: valenaloha folded before Flop (didn't bet)



PokerStars Zoom Hand #186127073626:  Hold'em No Limit ($0.05/$0.10) - 2018/05/07 20:51:01 CCT [2018/05/07 8:51:01 ET]
Table 'Aludra' 6-max Seat #1 is the button
Seat 1: Simkooo ($10.10 in chips) 
Seat 2: ValentjNN ($10.60 in chips) 
Seat 3: stoik83 ($13.92 in chips) 
Seat 4: pd2410 ($20.77 in chips) 
Seat 5: HubertusB ($10.37 in chips) 
Seat 6: sevenovici ($10.97 in chips) 
ValentjNN: posts small blind $0.05
stoik83: posts big blind $0.10
*** HOLE CARDS ***
Dealt to HubertusB [Jh 7d]
pd2410: folds 
HubertusB: folds 
sevenovici: folds 
Simkooo: folds 
ValentjNN: raises $0.20 to $0.30
stoik83: calls $0.20
*** FLOP *** [Qc Jd 6s]
ValentjNN: bets $0.43
stoik83: raises $0.79 to $1.22
ValentjNN: folds 
Uncalled bet ($0.79) returned to stoik83
stoik83 collected $1.39 from pot
stoik83: doesn't show hand 
*** SUMMARY ***
Total pot $1.46 | Rake $0.07 
Board [Qc Jd 6s]
Seat 1: Simkooo (button) folded before Flop (didn't bet)
Seat 2: ValentjNN (small blind) folded on the Flop
Seat 3: stoik83 (big blind) collected ($1.39)
Seat 4: pd2410 folded before Flop (didn't bet)
Seat 5: HubertusB folded before Flop (didn't bet)
Seat 6: sevenovici folded before Flop (didn't bet)



PokerStars Zoom Hand #186127081163:  Hold'em No Limit ($0.05/$0.10) - 2018/05/07 20:51:18 CCT [2018/05/07 8:51:18 ET]
Table 'Aludra' 6-max Seat #1 is the button
Seat 1: kroellen ($26.64 in chips) 
Seat 2: kasta33 ($11.66 in chips) 
Seat 3: WhiteDAGLeki ($10.33 in chips) 
Seat 4: SVNZS ($7.36 in chips) 
Seat 5: kolykam ($11.04 in chips) 
Seat 6: HubertusB ($10.32 in chips) 
kasta33: posts small blind $0.05
WhiteDAGLeki: posts big blind $0.10
*** HOLE CARDS ***
Dealt to HubertusB [Jh Qs]
SVNZS: calls $0.10
kolykam: folds 
HubertusB: folds 
kroellen: raises $0.35 to $0.45
kasta33: folds 
WhiteDAGLeki: folds 
SVNZS: folds 
Uncalled bet ($0.35) returned to kroellen
kroellen collected $0.35 from pot
kroellen: doesn't show hand 
*** SUMMARY ***
Total pot $0.35 | Rake $0 
Seat 1: kroellen (button) collected ($0.35)
Seat 2: kasta33 (small blind) folded before Flop
Seat 3: WhiteDAGLeki (big blind) folded before Flop
Seat 4: SVNZS folded before Flop
Seat 5: kolykam folded before Flop (didn't bet)
Seat 6: HubertusB folded before Flop (didn't bet)



PokerStars Zoom Hand #186127084799:  Hold'em No Limit ($0.05/$0.10) - 2018/05/07 20:51:26 CCT [2018/05/07 8:51:26 ET]
Table 'Aludra' 6-max Seat #1 is the button
Seat 1: HubertusB ($10.32 in chips) 
Seat 2: invincy ($11.89 in chips) 
Seat 3: wil_e_84 ($10 in chips) 
Seat 4: rlawnsdud ($28.20 in chips) 
Seat 5: 3rikBernard ($10 in chips) 
Seat 6: Inomiti ($11.38 in chips) 
invincy: posts small blind $0.05
wil_e_84: posts big blind $0.10
*** HOLE CARDS ***
Dealt to HubertusB [Qc Td]
rlawnsdud: raises $0.15 to $0.25
3rikBernard: folds 
Inomiti: folds 
HubertusB: folds 
invincy: folds 
wil_e_84: folds 
Uncalled bet ($0.15) returned to rlawnsdud
rlawnsdud collected $0.25 from pot
rlawnsdud: doesn't show hand 
*** SUMMARY ***
Total pot $0.25 | Rake $0 
Seat 1: HubertusB (button) folded before Flop (didn't bet)
Seat 2: invincy (small blind) folded before Flop
Seat 3: wil_e_84 (big blind) folded before Flop
Seat 4: rlawnsdud collected ($0.25)
Seat 5: 3rikBernard folded before Flop (didn't bet)
Seat 6: Inomiti folded before Flop (didn't bet)



PokerStars Zoom Hand #186127089154:  Hold'em No Limit ($0.05/$0.10) - 2018/05/07 20:51:36 CCT [2018/05/07 8:51:36 ET]
Table 'Aludra' 6-max Seat #1 is the button
Seat 1: Inomiti ($11.38 in chips) 
Seat 2: W71W ($11.59 in chips) 
Seat 3: stoik83 ($10.97 in chips) 
Seat 4: HubertusB ($10.32 in chips) 
Seat 5: Oleg032 ($10 in chips) 
Seat 6: selivan ($14.59 in chips) 
W71W: posts small blind $0.05
stoik83: posts big blind $0.10
*** HOLE CARDS ***
Dealt to HubertusB [6s 3h]
HubertusB: folds 
Oleg032: folds 
selivan: folds 
Inomiti: folds 
W71W: folds 
Uncalled bet ($0.05) returned to stoik83
stoik83 collected $0.10 from pot
stoik83: doesn't show hand 
*** SUMMARY ***
Total pot $0.10 | Rake $0 
Seat 1: Inomiti (button) folded before Flop (didn't bet)
Seat 2: W71W (small blind) folded before Flop
Seat 3: stoik83 (big blind) collected ($0.10)
Seat 4: HubertusB folded before Flop (didn't bet)
Seat 5: Oleg032 folded before Flop (didn't bet)
Seat 6: selivan folded before Flop (didn't bet)



PokerStars Zoom Hand #186127095381:  Hold'em No Limit ($0.05/$0.10) - 2018/05/07 20:51:50 CCT [2018/05/07 8:51:50 ET]
Table 'Aludra' 6-max Seat #1 is the button
Seat 1: nonpoint1987 ($12.24 in chips) 
Seat 2: Stulle110 ($6.81 in chips) 
Seat 3: HubertusB ($10.32 in chips) 
Seat 4: SINYsan ($10 in chips) 
Seat 5: rlawnsdud ($21.57 in chips) 
Seat 6: raihidayo ($17.75 in chips) 
Stulle110: posts small blind $0.05
HubertusB: posts big blind $0.10
*** HOLE CARDS ***
Dealt to HubertusB [2c Qh]
SINYsan: folds 
rlawnsdud: folds 
raihidayo: folds 
nonpoint1987: folds 
Stulle110: folds 
Uncalled bet ($0.05) returned to HubertusB
HubertusB collected $0.10 from pot
HubertusB: doesn't show hand 
*** SUMMARY ***
Total pot $0.10 | Rake $0 
Seat 1: nonpoint1987 (button) folded before Flop (didn't bet)
Seat 2: Stulle110 (small blind) folded before Flop
Seat 3: HubertusB (big blind) collected ($0.10)
Seat 4: SINYsan folded before Flop (didn't bet)
Seat 5: rlawnsdud folded before Flop (didn't bet)
Seat 6: raihidayo folded before Flop (didn't bet)



PokerStars Zoom Hand #186127092216:  Hold'em No Limit ($0.05/$0.10) - 2018/05/07 20:51:43 CCT [2018/05/07 8:51:43 ET]
Table 'Aludra' 6-max Seat #1 is the button
Seat 1: rlawnsdud ($28.35 in chips) 
Seat 2: Somik4032 ($14.63 in chips) 
Seat 3: dorunov ($8.16 in chips) 
Seat 4: HubertusB ($10.32 in chips) 
Seat 5: 0FWGKT4 ($12.59 in chips) 
Seat 6: kwottie ($9.96 in chips) 
Somik4032: posts small blind $0.05
dorunov: posts big blind $0.10
*** HOLE CARDS ***
Dealt to HubertusB [6s 8h]
HubertusB: folds 
0FWGKT4: raises $0.20 to $0.30
kwottie: folds 
rlawnsdud: raises $0.80 to $1.10
Somik4032: folds 
dorunov: folds 
0FWGKT4: folds 
Uncalled bet ($0.80) returned to rlawnsdud
rlawnsdud collected $0.75 from pot
rlawnsdud: doesn't show hand 
*** SUMMARY ***
Total pot $0.75 | Rake $0 
Seat 1: rlawnsdud (button) collected ($0.75)
Seat 2: Somik4032 (small blind) folded before Flop
Seat 3: dorunov (big blind) folded before Flop
Seat 4: HubertusB folded before Flop (didn't bet)
Seat 5: 0FWGKT4 folded before Flop
Seat 6: kwottie folded before Flop (didn't bet)



PokerStars Zoom Hand #186127103333:  Hold'em No Limit ($0.05/$0.10) - 2018/05/07 20:52:08 CCT [2018/05/07 8:52:08 ET]
Table 'Aludra' 6-max Seat #1 is the button
Seat 1: TomasHn ($16.20 in chips) 
Seat 2: Romey_ERT ($10 in chips) 
Seat 3: infitoha ($13.92 in chips) 
Seat 4: HubertusB ($10.37 in chips) 
Seat 5: rlawnsdud ($13.58 in chips) 
Seat 6: mordwin03 ($15.11 in chips) 
Romey_ERT: posts small blind $0.05
infitoha: posts big blind $0.10
*** HOLE CARDS ***
Dealt to HubertusB [Jc 5d]
HubertusB: folds 
rlawnsdud: folds 
mordwin03: folds 
TomasHn: folds 
Romey_ERT: raises $0.30 to $0.40
infitoha: folds 
Uncalled bet ($0.30) returned to Romey_ERT
Romey_ERT collected $0.20 from pot
Romey_ERT: doesn't show hand 
*** SUMMARY ***
Total pot $0.20 | Rake $0 
Seat 1: TomasHn (button) folded before Flop (didn't bet)
Seat 2: Romey_ERT (small blind) collected ($0.20)
Seat 3: infitoha (big blind) folded before Flop
Seat 4: HubertusB folded before Flop (didn't bet)
Seat 5: rlawnsdud folded before Flop (didn't bet)
Seat 6: mordwin03 folded before Flop (didn't bet)



PokerStars Zoom Hand #186127105963:  Hold'em No Limit ($0.05/$0.10) - 2018/05/07 20:52:14 CCT [2018/05/07 8:52:14 ET]
Table 'Aludra' 6-max Seat #1 is the button
Seat 1: ElonzIllesc ($13.36 in chips) 
Seat 2: HubertusB ($10.37 in chips) 
Seat 3: FL.Jin02 ($20.60 in chips) 
Seat 4: Mammarella56 ($10.68 in chips) 
Seat 5: at fish ($28.59 in chips) 
Seat 6: Cork_5_Blunt ($12.71 in chips) 
HubertusB: posts small blind $0.05
FL.Jin02: posts big blind $0.10
*** HOLE CARDS ***
Dealt to HubertusB [2d 4c]
Mammarella56: folds 
at fish: folds 
Cork_5_Blunt: folds 
ElonzIllesc: folds 
HubertusB: folds 
Uncalled bet ($0.05) returned to FL.Jin02
FL.Jin02 collected $0.10 from pot
FL.Jin02: doesn't show hand 
*** SUMMARY ***
Total pot $0.10 | Rake $0 
Seat 1: ElonzIllesc (button) folded before Flop (didn't bet)
Seat 2: HubertusB (small blind) folded before Flop
Seat 3: FL.Jin02 (big blind) collected ($0.10)
Seat 4: Mammarella56 folded before Flop (didn't bet)
Seat 5: at fish folded before Flop (didn't bet)
Seat 6: Cork_5_Blunt folded before Flop (didn't bet)



PokerStars Zoom Hand #186127111240:  Hold'em No Limit ($0.05/$0.10) - 2018/05/07 20:52:26 CCT [2018/05/07 8:52:26 ET]
Table 'Aludra' 6-max Seat #1 is the button
Seat 1: SINYsan ($11.82 in chips) 
Seat 2: valenaloha ($17.41 in chips) 
Seat 3: Galgamation ($16.11 in chips) 
Seat 4: avaksdbro ($10.46 in chips) 
Seat 5: HubertusB ($10.32 in chips) 
Seat 6: S3marg1 ($10.88 in chips) 
valenaloha: posts small blind $0.05
Galgamation: posts big blind $0.10
*** HOLE CARDS ***
Dealt to HubertusB [Ks 3h]
avaksdbro: folds 
HubertusB: folds 
S3marg1: folds 
SINYsan: folds 
valenaloha: folds 
Uncalled bet ($0.05) returned to Galgamation
Galgamation collected $0.10 from pot
Galgamation: doesn't show hand 
*** SUMMARY ***
Total pot $0.10 | Rake $0 
Seat 1: SINYsan (button) folded before Flop (didn't bet)
Seat 2: valenaloha (small blind) folded before Flop
Seat 3: Galgamation (big blind) collected ($0.10)
Seat 4: avaksdbro folded before Flop (didn't bet)
Seat 5: HubertusB folded before Flop (didn't bet)
Seat 6: S3marg1 folded before Flop (didn't bet)



PokerStars Zoom Hand #186127109067:  Hold'em No Limit ($0.05/$0.10) - 2018/05/07 20:52:21 CCT [2018/05/07 8:52:21 ET]
Table 'Aludra' 6-max Seat #1 is the button
Seat 1: invincy ($10 in chips) 
Seat 2: avtur ($11.28 in chips) 
Seat 3: ElonzIllesc ($13.66 in chips) 
Seat 4: at fish ($28.59 in chips) 
Seat 5: S3marg1 ($10.88 in chips) 
Seat 6: HubertusB ($10.32 in chips) 
avtur: posts small blind $0.05
ElonzIllesc: posts big blind $0.10
*** HOLE CARDS ***
Dealt to HubertusB [8h 5s]
at fish: folds 
S3marg1: folds 
HubertusB: folds 
invincy: raises $0.15 to $0.25
avtur: folds 
ElonzIllesc: folds 
Uncalled bet ($0.15) returned to invincy
invincy collected $0.25 from pot
invincy: doesn't show hand 
*** SUMMARY ***
Total pot $0.25 | Rake $0 
Seat 1: invincy (button) collected ($0.25)
Seat 2: avtur (small blind) folded before Flop
Seat 3: ElonzIllesc (big blind) folded before Flop
Seat 4: at fish folded before Flop (didn't bet)
Seat 5: S3marg1 folded before Flop (didn't bet)
Seat 6: HubertusB folded before Flop (didn't bet)



PokerStars Zoom Hand #186127116090:  Hold'em No Limit ($0.05/$0.10) - 2018/05/07 20:52:37 CCT [2018/05/07 8:52:37 ET]
Table 'Aludra' 6-max Seat #1 is the button
Seat 1: 12360 ($20.65 in chips) 
Seat 2: reafdaow ($12.63 in chips) 
Seat 3: HubertusB ($10.32 in chips) 
Seat 4: lordx777 ($13.21 in chips) 
Seat 5: renomarr ($10 in chips) 
Seat 6: wil_e_84 ($10 in chips) 
reafdaow: posts small blind $0.05
HubertusB: posts big blind $0.10
*** HOLE CARDS ***
Dealt to HubertusB [3h As]
lordx777: raises $0.20 to $0.30
renomarr: raises $0.75 to $1.05
wil_e_84: folds 
12360: folds 
reafdaow: folds 
HubertusB: folds 
lordx777: folds 
Uncalled bet ($0.75) returned to renomarr
renomarr collected $0.75 from pot
renomarr: doesn't show hand 
*** SUMMARY ***
Total pot $0.75 | Rake $0 
Seat 1: 12360 (button) folded before Flop (didn't bet)
Seat 2: reafdaow (small blind) folded before Flop
Seat 3: HubertusB (big blind) folded before Flop
Seat 4: lordx777 folded before Flop
Seat 5: renomarr collected ($0.75)
Seat 6: wil_e_84 folded before Flop (didn't bet)



PokerStars Zoom Hand #186127119177:  Hold'em No Limit ($0.05/$0.10) - 2018/05/07 20:52:44 CCT [2018/05/07 8:52:44 ET]
Table 'Aludra' 6-max Seat #1 is the button
Seat 1: HubertusB ($10.22 in chips) 
Seat 2: Inomiti ($5.59 in chips) 
Seat 3: at fish ($28.59 in chips) 
Seat 4: sviiit1 ($14.24 in chips) 
Seat 5: PokerShame ($8.09 in chips) 
Seat 6: tania_Foxy ($18.84 in chips) 
Inomiti: posts small blind $0.05
at fish: posts big blind $0.10
*** HOLE CARDS ***
Dealt to HubertusB [Jh Ts]
sviiit1: folds 
PokerShame: folds 
tania_Foxy: raises $0.20 to $0.30
HubertusB: folds 
Inomiti: folds 
at fish: folds 
Uncalled bet ($0.20) returned to tania_Foxy
tania_Foxy collected $0.25 from pot
tania_Foxy: doesn't show hand 
*** SUMMARY ***
Total pot $0.25 | Rake $0 
Seat 1: HubertusB (button) folded before Flop (didn't bet)
Seat 2: Inomiti (small blind) folded before Flop
Seat 3: at fish (big blind) folded before Flop
Seat 4: sviiit1 folded before Flop (didn't bet)
Seat 5: PokerShame folded before Flop (didn't bet)
Seat 6: tania_Foxy collected ($0.25)



PokerStars Zoom Hand #186127127586:  Hold'em No Limit ($0.05/$0.10) - 2018/05/07 20:53:03 CCT [2018/05/07 8:53:03 ET]
Table 'Aludra' 6-max Seat #1 is the button
Seat 1: eddievanessa19 ($3.81 in chips) 
Seat 2: ckcch ($9.76 in chips) 
Seat 3: myself10 ($15.35 in chips) 
Seat 4: rlawnsdud ($21.41 in chips) 
Seat 5: Kastor25 ($17.01 in chips) 
Seat 6: HubertusB ($10.22 in chips) 
ckcch: posts small blind $0.05
myself10: posts big blind $0.10
*** HOLE CARDS ***
Dealt to HubertusB [2h 4c]
rlawnsdud: folds 
Kastor25: folds 
HubertusB: folds 
eddievanessa19: folds 
ckcch: folds 
Uncalled bet ($0.05) returned to myself10
myself10 collected $0.10 from pot
myself10: doesn't show hand 
*** SUMMARY ***
Total pot $0.10 | Rake $0 
Seat 1: eddievanessa19 (button) folded before Flop (didn't bet)
Seat 2: ckcch (small blind) folded before Flop
Seat 3: myself10 (big blind) collected ($0.10)
Seat 4: rlawnsdud folded before Flop (didn't bet)
Seat 5: Kastor25 folded before Flop (didn't bet)
Seat 6: HubertusB folded before Flop (didn't bet)



PokerStars Zoom Hand #186127130226:  Hold'em No Limit ($0.05/$0.10) - 2018/05/07 20:53:09 CCT [2018/05/07 8:53:09 ET]
Table 'Aludra' 6-max Seat #1 is the button
Seat 1: shedboy96 ($10 in chips) 
Seat 2: HubertusB ($10.22 in chips) 
Seat 3: gakimoney ($19.49 in chips) 
Seat 4: BRONSON886 ($3.62 in chips) 
Seat 5: Yuki Tada ($3.66 in chips) 
Seat 6: takato99 ($9.38 in chips) 
HubertusB: posts small blind $0.05
gakimoney: posts big blind $0.10
*** HOLE CARDS ***
Dealt to HubertusB [2c Tc]
BRONSON886: raises $0.10 to $0.20
Yuki Tada: folds 
takato99: folds 
shedboy96: folds 
HubertusB: folds 
gakimoney: folds 
Uncalled bet ($0.10) returned to BRONSON886
BRONSON886 collected $0.25 from pot
BRONSON886: doesn't show hand 
*** SUMMARY ***
Total pot $0.25 | Rake $0 
Seat 1: shedboy96 (button) folded before Flop (didn't bet)
Seat 2: HubertusB (small blind) folded before Flop
Seat 3: gakimoney (big blind) folded before Flop
Seat 4: BRONSON886 collected ($0.25)
Seat 5: Yuki Tada folded before Flop (didn't bet)
Seat 6: takato99 folded before Flop (didn't bet)



PokerStars Zoom Hand #186127113935:  Hold'em No Limit ($0.05/$0.10) - 2018/05/07 20:52:32 CCT [2018/05/07 8:52:32 ET]
Table 'Aludra' 6-max Seat #1 is the button
Seat 1: xx-MAGIK ($4.94 in chips) 
Seat 2: DeM!st3r ($10.05 in chips) 
Seat 3: shedboy96 ($10.20 in chips) 
Seat 4: Somik4032 ($14.13 in chips) 
Seat 5: HubertusB ($10.32 in chips) 
Seat 6: Mammarella56 ($10.01 in chips) 
DeM!st3r: posts small blind $0.05
shedboy96: posts big blind $0.10
*** HOLE CARDS ***
Dealt to HubertusB [Jc 7c]
Somik4032: raises $0.20 to $0.30
HubertusB: folds 
Mammarella56: calls $0.30
xx-MAGIK: calls $0.30
DeM!st3r: folds 
shedboy96: calls $0.20
*** FLOP *** [2c 3h Jd]
shedboy96: checks 
Somik4032: checks 
Mammarella56: checks 
xx-MAGIK: bets $0.40
shedboy96: folds 
Somik4032: folds 
Mammarella56: folds 
Uncalled bet ($0.40) returned to xx-MAGIK
xx-MAGIK collected $1.19 from pot
xx-MAGIK: doesn't show hand 
*** SUMMARY ***
Total pot $1.25 | Rake $0.06 
Board [2c 3h Jd]
Seat 1: xx-MAGIK (button) collected ($1.19)
Seat 2: DeM!st3r (small blind) folded before Flop
Seat 3: shedboy96 (big blind) folded on the Flop
Seat 4: Somik4032 folded on the Flop
Seat 5: HubertusB folded before Flop (didn't bet)
Seat 6: Mammarella56 folded on the Flop



PokerStars Zoom Hand #186127132877:  Hold'em No Limit ($0.05/$0.10) - 2018/05/07 20:53:15 CCT [2018/05/07 8:53:15 ET]
Table 'Aludra' 6-max Seat #1 is the button
Seat 1: 3rikBernard ($12.55 in chips) 
Seat 2: sokraht ($10.37 in chips) 
Seat 3: invincy ($10.25 in chips) 
Seat 4: lordx777 ($23.58 in chips) 
Seat 5: HubertusB ($10.17 in chips) 
Seat 6: Andrew227 ($10.92 in chips) 
sokraht: posts small blind $0.05
invincy: posts big blind $0.10
*** HOLE CARDS ***
Dealt to HubertusB [4s As]
lordx777: folds 
HubertusB: raises $0.14 to $0.24
Andrew227: folds 
3rikBernard: folds 
sokraht: folds 
invincy: folds 
Uncalled bet ($0.14) returned to HubertusB
HubertusB collected $0.25 from pot
HubertusB: doesn't show hand 
*** SUMMARY ***
Total pot $0.25 | Rake $0 
Seat 1: 3rikBernard (button) folded before Flop (didn't bet)
Seat 2: sokraht (small blind) folded before Flop
Seat 3: invincy (big blind) folded before Flop
Seat 4: lordx777 folded before Flop (didn't bet)
Seat 5: HubertusB collected ($0.25)
Seat 6: Andrew227 folded before Flop (didn't bet)



PokerStars Zoom Hand #186127140790:  Hold'em No Limit ($0.05/$0.10) - 2018/05/07 20:53:33 CCT [2018/05/07 8:53:33 ET]
Table 'Aludra' 6-max Seat #1 is the button
Seat 1: HubertusB ($10.32 in chips) 
Seat 2: ValentjNN ($14.50 in chips) 
Seat 3: avaksdbro ($11.10 in chips) 
Seat 4: Rakhzar ($12.14 in chips) 
Seat 5: mikiko_10 ($6.48 in chips) 
Seat 6: tania_Foxy ($10.15 in chips) 
ValentjNN: posts small blind $0.05
avaksdbro: posts big blind $0.10
*** HOLE CARDS ***
Dealt to HubertusB [Ac Tc]
Rakhzar: folds 
mikiko_10: calls $0.10
tania_Foxy: folds 
HubertusB: raises $0.30 to $0.40
ValentjNN: folds 
avaksdbro: folds 
mikiko_10: raises $6.08 to $6.48 and is all-in
HubertusB: folds 
Uncalled bet ($6.08) returned to mikiko_10
mikiko_10 collected $0.95 from pot
mikiko_10: doesn't show hand 
*** SUMMARY ***
Total pot $0.95 | Rake $0 
Seat 1: HubertusB (button) folded before Flop
Seat 2: ValentjNN (small blind) folded before Flop
Seat 3: avaksdbro (big blind) folded before Flop
Seat 4: Rakhzar folded before Flop (didn't bet)
Seat 5: mikiko_10 collected ($0.95)
Seat 6: tania_Foxy folded before Flop (didn't bet)



PokerStars Zoom Hand #186127164316:  Hold'em No Limit ($0.05/$0.10) - 2018/05/07 20:54:27 CCT [2018/05/07 8:54:27 ET]
Table 'Aludra' 6-max Seat #1 is the button
Seat 1: somewhat320 ($8.98 in chips) 
Seat 2: yusuke180 ($3.97 in chips) 
Seat 3: sandee81 ($10.26 in chips) 
Seat 4: Rasnela ($8.87 in chips) 
Seat 5: Cork_5_Blunt ($13.84 in chips) 
Seat 6: HubertusB ($9.92 in chips) 
yusuke180: posts small blind $0.05
sandee81: posts big blind $0.10
*** HOLE CARDS ***
Dealt to HubertusB [Ks 9s]
Rasnela: raises $0.15 to $0.25
Cork_5_Blunt: folds 
HubertusB: folds 
somewhat320: calls $0.25
yusuke180: folds 
sandee81: folds 
*** FLOP *** [8c 2d Jd]
Rasnela: bets $0.37
somewhat320: calls $0.37
*** TURN *** [8c 2d Jd] [Ac]
Rasnela: checks 
somewhat320: checks 
*** RIVER *** [8c 2d Jd Ac] [8s]
Rasnela: checks 
somewhat320: checks 
*** SHOW DOWN ***
Rasnela: shows [Tc Td] (two pair, Tens and Eights)
somewhat320: shows [Jc Th] (two pair, Jacks and Eights)
somewhat320 collected $1.33 from pot
*** SUMMARY ***
Total pot $1.39 | Rake $0.06 
Board [8c 2d Jd Ac 8s]
Seat 1: somewhat320 (button) showed [Jc Th] and won ($1.33) with two pair, Jacks and Eights
Seat 2: yusuke180 (small blind) folded before Flop
Seat 3: sandee81 (big blind) folded before Flop
Seat 4: Rasnela showed [Tc Td] and lost with two pair, Tens and Eights
Seat 5: Cork_5_Blunt folded before Flop (didn't bet)
Seat 6: HubertusB folded before Flop (didn't bet)



PokerStars Zoom Hand #186127170232:  Hold'em No Limit ($0.05/$0.10) - 2018/05/07 20:54:40 CCT [2018/05/07 8:54:40 ET]
Table 'Aludra' 6-max Seat #1 is the button
Seat 1: monster0816 ($3.75 in chips) 
Seat 2: g3justin ($14.21 in chips) 
Seat 3: HubertusB ($9.92 in chips) 
Seat 4: sjbrock84 ($12.63 in chips) 
Seat 5: shedboy96 ($10.10 in chips) 
Seat 6: Oleg032 ($10.50 in chips) 
g3justin: posts small blind $0.05
HubertusB: posts big blind $0.10
*** HOLE CARDS ***
Dealt to HubertusB [4h 4c]
sjbrock84: folds 
shedboy96: folds 
Oleg032: folds 
monster0816: raises $0.20 to $0.30
g3justin: folds 
HubertusB: calls $0.20
*** FLOP *** [3h 6d 6s]
HubertusB: checks 
monster0816: checks 
*** TURN *** [3h 6d 6s] [4d]
HubertusB: checks 
monster0816: checks 
*** RIVER *** [3h 6d 6s 4d] [Ah]
HubertusB: bets $1.10
monster0816: folds 
Uncalled bet ($1.10) returned to HubertusB
HubertusB collected $0.62 from pot
HubertusB: doesn't show hand 
*** SUMMARY ***
Total pot $0.65 | Rake $0.03 
Board [3h 6d 6s 4d Ah]
Seat 1: monster0816 (button) folded on the River
Seat 2: g3justin (small blind) folded before Flop
Seat 3: HubertusB (big blind) collected ($0.62)
Seat 4: sjbrock84 folded before Flop (didn't bet)
Seat 5: shedboy96 folded before Flop (didn't bet)
Seat 6: Oleg032 folded before Flop (didn't bet)



PokerStars Zoom Hand #186127191747:  Hold'em No Limit ($0.05/$0.10) - 2018/05/07 20:55:30 CCT [2018/05/07 8:55:30 ET]
Table 'Aludra' 6-max Seat #1 is the button
Seat 1: SBelinsky ($7.82 in chips) 
Seat 2: Simkooo ($10 in chips) 
Seat 3: Zio000 ($19.20 in chips) 
Seat 4: HubertusB ($10.24 in chips) 
Seat 5: KKcasperKK ($1.96 in chips) 
Seat 6: myself10 ($21.75 in chips) 
Simkooo: posts small blind $0.05
Zio000: posts big blind $0.10
*** HOLE CARDS ***
Dealt to HubertusB [5c Th]
HubertusB: folds 
KKcasperKK: folds 
myself10: raises $0.15 to $0.25
SBelinsky: raises $0.25 to $0.50
Simkooo: folds 
Zio000: folds 
myself10: folds 
Uncalled bet ($0.25) returned to SBelinsky
SBelinsky collected $0.65 from pot
SBelinsky: doesn't show hand 
*** SUMMARY ***
Total pot $0.65 | Rake $0 
Seat 1: SBelinsky (button) collected ($0.65)
Seat 2: Simkooo (small blind) folded before Flop
Seat 3: Zio000 (big blind) folded before Flop
Seat 4: HubertusB folded before Flop (didn't bet)
Seat 5: KKcasperKK folded before Flop (didn't bet)
Seat 6: myself10 folded before Flop



PokerStars Zoom Hand #186127194519:  Hold'em No Limit ($0.05/$0.10) - 2018/05/07 20:55:37 CCT [2018/05/07 8:55:37 ET]
Table 'Aludra' 6-max Seat #1 is the button
Seat 1: mordwin03 ($14.61 in chips) 
Seat 2: HubertusB ($10.24 in chips) 
Seat 3: tania_Foxy ($10 in chips) 
Seat 4: KiwiBurn ($15.51 in chips) 
Seat 5: jackdu110 ($11.25 in chips) 
Seat 6: ronin198816 ($9.60 in chips) 
HubertusB: posts small blind $0.05
tania_Foxy: posts big blind $0.10
*** HOLE CARDS ***
Dealt to HubertusB [9h Ad]
KiwiBurn: folds 
jackdu110: folds 
ronin198816: folds 
mordwin03: folds 
HubertusB: raises $0.14 to $0.24
tania_Foxy: raises $0.56 to $0.80
HubertusB: folds 
Uncalled bet ($0.56) returned to tania_Foxy
tania_Foxy collected $0.48 from pot
tania_Foxy: doesn't show hand 
*** SUMMARY ***
Total pot $0.48 | Rake $0 
Seat 1: mordwin03 (button) folded before Flop (didn't bet)
Seat 2: HubertusB (small blind) folded before Flop
Seat 3: tania_Foxy (big blind) collected ($0.48)
Seat 4: KiwiBurn folded before Flop (didn't bet)
Seat 5: jackdu110 folded before Flop (didn't bet)
Seat 6: ronin198816 folded before Flop (didn't bet)



PokerStars Zoom Hand #186127206706:  Hold'em No Limit ($0.05/$0.10) - 2018/05/07 20:56:09 CCT [2018/05/07 8:56:09 ET]
Table 'Aludra' 6-max Seat #1 is the button
Seat 1: HubertusB ($10 in chips) 
Seat 2: Cork_5_Blunt ($12.41 in chips) 
Seat 3: xRounder13x ($10 in chips) 
Seat 4: Simkooo ($10 in chips) 
Seat 5: jason032323 ($10.15 in chips) 
Seat 6: wil_e_84 ($10.19 in chips) 
Cork_5_Blunt: posts small blind $0.05
xRounder13x: posts big blind $0.10
*** HOLE CARDS ***
Dealt to HubertusB [8h Ad]
Simkooo: folds 
jason032323: folds 
wil_e_84: folds 
HubertusB: raises $0.10 to $0.20
Cork_5_Blunt: folds 
xRounder13x: folds 
Uncalled bet ($0.10) returned to HubertusB
HubertusB collected $0.25 from pot
HubertusB: doesn't show hand 
*** SUMMARY ***
Total pot $0.25 | Rake $0 
Seat 1: HubertusB (button) collected ($0.25)
Seat 2: Cork_5_Blunt (small blind) folded before Flop
Seat 3: xRounder13x (big blind) folded before Flop
Seat 4: Simkooo folded before Flop (didn't bet)
Seat 5: jason032323 folded before Flop (didn't bet)
Seat 6: wil_e_84 folded before Flop (didn't bet)



PokerStars Zoom Hand #186127215717:  Hold'em No Limit ($0.05/$0.10) - 2018/05/07 20:56:32 CCT [2018/05/07 8:56:32 ET]
Table 'Aludra' 6-max Seat #1 is the button
Seat 1: vkartmann ($10.33 in chips) 
Seat 2: Rasnela ($10.96 in chips) 
Seat 3: eclibrise ($11.89 in chips) 
Seat 4: HubertusB ($10.15 in chips) 
Seat 5: darchas ($13.25 in chips) 
Seat 6: pocoloco1011 ($3.79 in chips) 
Rasnela: posts small blind $0.05
eclibrise: posts big blind $0.10
*** HOLE CARDS ***
Dealt to HubertusB [9h As]
HubertusB: folds 
darchas: folds 
pocoloco1011: folds 
vkartmann: raises $0.40 to $0.50
Rasnela: folds 
eclibrise: folds 
Uncalled bet ($0.40) returned to vkartmann
vkartmann collected $0.25 from pot
vkartmann: doesn't show hand 
*** SUMMARY ***
Total pot $0.25 | Rake $0 
Seat 1: vkartmann (button) collected ($0.25)
Seat 2: Rasnela (small blind) folded before Flop
Seat 3: eclibrise (big blind) folded before Flop
Seat 4: HubertusB folded before Flop (didn't bet)
Seat 5: darchas folded before Flop (didn't bet)
Seat 6: pocoloco1011 folded before Flop (didn't bet)



PokerStars Zoom Hand #186127217698:  Hold'em No Limit ($0.05/$0.10) - 2018/05/07 20:56:37 CCT [2018/05/07 8:56:37 ET]
Table 'Aludra' 6-max Seat #1 is the button
Seat 1: Mst. Yaddle ($27.13 in chips) 
Seat 2: marina3717 ($9.78 in chips) 
Seat 3: HubertusB ($10.15 in chips) 
Seat 4: pd2410 ($45.41 in chips) 
Seat 5: emanonoto ($10.60 in chips) 
Seat 6: valera_zhel ($5.18 in chips) 
marina3717: posts small blind $0.05
HubertusB: posts big blind $0.10
*** HOLE CARDS ***
Dealt to HubertusB [Jc Kh]
pd2410: folds 
emanonoto: folds 
valera_zhel: folds 
Mst. Yaddle: folds 
marina3717: raises $0.20 to $0.30
HubertusB: raises $0.60 to $0.90
marina3717: calls $0.60
*** FLOP *** [8h 9c 8d]
marina3717: bets $0.86
HubertusB: folds 
Uncalled bet ($0.86) returned to marina3717
marina3717 collected $1.72 from pot
marina3717: doesn't show hand 
*** SUMMARY ***
Total pot $1.80 | Rake $0.08 
Board [8h 9c 8d]
Seat 1: Mst. Yaddle (button) folded before Flop (didn't bet)
Seat 2: marina3717 (small blind) collected ($1.72)
Seat 3: HubertusB (big blind) folded on the Flop
Seat 4: pd2410 folded before Flop (didn't bet)
Seat 5: emanonoto folded before Flop (didn't bet)
Seat 6: valera_zhel folded before Flop (didn't bet)



PokerStars Zoom Hand #186127213408:  Hold'em No Limit ($0.05/$0.10) - 2018/05/07 20:56:26 CCT [2018/05/07 8:56:26 ET]
Table 'Aludra' 6-max Seat #1 is the button
Seat 1: mordwin03 ($11.77 in chips) 
Seat 2: xxpoker1111x ($30.08 in chips) 
Seat 3: RastaPinky99 ($10.15 in chips) 
Seat 4: domiyooo ($10 in chips) 
Seat 5: HubertusB ($10.15 in chips) 
Seat 6: DeM!st3r ($10 in chips) 
xxpoker1111x: posts small blind $0.05
RastaPinky99: posts big blind $0.10
*** HOLE CARDS ***
Dealt to HubertusB [Jd Kh]
domiyooo: folds 
HubertusB: folds 
DeM!st3r: raises $0.12 to $0.22
mordwin03: raises $0.68 to $0.90
xxpoker1111x: calls $0.85
RastaPinky99: folds 
DeM!st3r: calls $0.68
*** FLOP *** [Kc As Js]
xxpoker1111x: checks 
DeM!st3r: checks 
mordwin03: checks 
*** TURN *** [Kc As Js] [5d]
xxpoker1111x: bets $1.34
DeM!st3r: folds 
mordwin03: folds 
Uncalled bet ($1.34) returned to xxpoker1111x
xxpoker1111x collected $2.67 from pot
xxpoker1111x: doesn't show hand 
*** SUMMARY ***
Total pot $2.80 | Rake $0.13 
Board [Kc As Js 5d]
Seat 1: mordwin03 (button) folded on the Turn
Seat 2: xxpoker1111x (small blind) collected ($2.67)
Seat 3: RastaPinky99 (big blind) folded before Flop
Seat 4: domiyooo folded before Flop (didn't bet)
Seat 5: HubertusB folded before Flop (didn't bet)
Seat 6: DeM!st3r folded on the Turn



PokerStars Zoom Hand #186127226526:  Hold'em No Limit ($0.05/$0.10) - 2018/05/07 20:57:00 CCT [2018/05/07 8:57:00 ET]
Table 'Aludra' 6-max Seat #1 is the button
Seat 1: Raconteur333 ($5.07 in chips) 
Seat 2: floK96 ($10 in chips) 
Seat 3: xRounder13x ($10 in chips) 
Seat 4: g3justin ($19.06 in chips) 
Seat 5: sokraht ($10 in chips) 
Seat 6: HubertusB ($9.25 in chips) 
floK96: posts small blind $0.05
xRounder13x: posts big blind $0.10
*** HOLE CARDS ***
Dealt to HubertusB [5s 9h]
g3justin: raises $0.20 to $0.30
sokraht: folds 
HubertusB: folds 
Raconteur333: folds 
floK96: folds 
xRounder13x: folds 
Uncalled bet ($0.20) returned to g3justin
g3justin collected $0.25 from pot
g3justin: doesn't show hand 
*** SUMMARY ***
Total pot $0.25 | Rake $0 
Seat 1: Raconteur333 (button) folded before Flop (didn't bet)
Seat 2: floK96 (small blind) folded before Flop
Seat 3: xRounder13x (big blind) folded before Flop
Seat 4: g3justin collected ($0.25)
Seat 5: sokraht folded before Flop (didn't bet)
Seat 6: HubertusB folded before Flop (didn't bet)



PokerStars Zoom Hand #186127234655:  Hold'em No Limit ($0.05/$0.10) - 2018/05/07 20:57:21 CCT [2018/05/07 8:57:21 ET]
Table 'Aludra' 6-max Seat #1 is the button
Seat 1: n0ca ($23.94 in chips) 
Seat 2: stoik83 ($12.31 in chips) 
Seat 3: heiks0n ($11 in chips) 
Seat 4: HEART0812 ($15.95 in chips) 
Seat 5: HubertusB ($9.20 in chips) 
Seat 6: ckcch ($9.20 in chips) 
stoik83: posts small blind $0.05
heiks0n: posts big blind $0.10
*** HOLE CARDS ***
Dealt to HubertusB [Kh 2c]
HEART0812: folds 
HubertusB: folds 
ckcch: folds 
n0ca: folds 
stoik83: folds 
Uncalled bet ($0.05) returned to heiks0n
heiks0n collected $0.10 from pot
heiks0n: doesn't show hand 
*** SUMMARY ***
Total pot $0.10 | Rake $0 
Seat 1: n0ca (button) folded before Flop (didn't bet)
Seat 2: stoik83 (small blind) folded before Flop
Seat 3: heiks0n (big blind) collected ($0.10)
Seat 4: HEART0812 folded before Flop (didn't bet)
Seat 5: HubertusB folded before Flop (didn't bet)
Seat 6: ckcch folded before Flop (didn't bet)



PokerStars Zoom Hand #186127228483:  Hold'em No Limit ($0.05/$0.10) - 2018/05/07 20:57:05 CCT [2018/05/07 8:57:05 ET]
Table 'Aludra' 6-max Seat #1 is the button
Seat 1: HubertusB ($9.25 in chips) 
Seat 2: wil_e_84 ($10 in chips) 
Seat 3: domiyooo ($10 in chips) 
Seat 4: n0ca ($23.99 in chips) 
Seat 5: ykon4i7 ($16.17 in chips) 
Seat 6: den227316 ($9.80 in chips) 
wil_e_84: posts small blind $0.05
domiyooo: posts big blind $0.10
*** HOLE CARDS ***
Dealt to HubertusB [2c 8c]
n0ca: folds 
ykon4i7: folds 
den227316: raises $0.15 to $0.25
HubertusB: folds 
wil_e_84: folds 
domiyooo: calls $0.15
*** FLOP *** [7h 5d Ks]
domiyooo: checks 
den227316: bets $0.27
domiyooo: calls $0.27
*** TURN *** [7h 5d Ks] [5h]
domiyooo: checks 
den227316: checks 
*** RIVER *** [7h 5d Ks 5h] [Kc]
domiyooo: checks 
den227316: checks 
*** SHOW DOWN ***
domiyooo: shows [7d 8s] (two pair, Kings and Sevens)
den227316: mucks hand 
domiyooo collected $1.04 from pot
*** SUMMARY ***
Total pot $1.09 | Rake $0.05 
Board [7h 5d Ks 5h Kc]
Seat 1: HubertusB (button) folded before Flop (didn't bet)
Seat 2: wil_e_84 (small blind) folded before Flop
Seat 3: domiyooo (big blind) showed [7d 8s] and won ($1.04) with two pair, Kings and Sevens
Seat 4: n0ca folded before Flop (didn't bet)
Seat 5: ykon4i7 folded before Flop (didn't bet)
Seat 6: den227316 mucked [Tc Ad]



PokerStars Zoom Hand #186127230771:  Hold'em No Limit ($0.05/$0.10) - 2018/05/07 20:57:11 CCT [2018/05/07 8:57:11 ET]
Table 'Aludra' 6-max Seat #1 is the button
Seat 1: emanonoto ($10 in chips) 
Seat 2: HubertusB ($9.25 in chips) 
Seat 3: renomarr ($11.03 in chips) 
Seat 4: 3rikBernard ($10.64 in chips) 
Seat 5: highlandparking ($10 in chips) 
Seat 6: jason032323 ($10 in chips) 
HubertusB: posts small blind $0.05
renomarr: posts big blind $0.10
*** HOLE CARDS ***
Dealt to HubertusB [8s 2s]
3rikBernard: folds 
highlandparking: folds 
jason032323: raises $0.15 to $0.25
emanonoto: calls $0.25
HubertusB: folds 
renomarr: folds 
*** FLOP *** [4h 2c 3s]
jason032323: checks 
emanonoto: bets $0.31
jason032323: calls $0.31
*** TURN *** [4h 2c 3s] [7h]
jason032323: checks 
emanonoto: bets $1.14
jason032323: calls $1.14
*** RIVER *** [4h 2c 3s 7h] [8c]
jason032323: checks 
emanonoto: bets $3.19
jason032323: folds 
Uncalled bet ($3.19) returned to emanonoto
emanonoto collected $3.39 from pot
emanonoto: doesn't show hand 
*** SUMMARY ***
Total pot $3.55 | Rake $0.16 
Board [4h 2c 3s 7h 8c]
Seat 1: emanonoto (button) collected ($3.39)
Seat 2: HubertusB (small blind) folded before Flop
Seat 3: renomarr (big blind) folded before Flop
Seat 4: 3rikBernard folded before Flop (didn't bet)
Seat 5: highlandparking folded before Flop (didn't bet)
Seat 6: jason032323 folded on the River



PokerStars Zoom Hand #186127241297:  Hold'em No Limit ($0.05/$0.10) - 2018/05/07 20:57:38 CCT [2018/05/07 8:57:38 ET]
Table 'Aludra' 6-max Seat #1 is the button
Seat 1: rlawnsdud ($21.21 in chips) 
Seat 2: kavvviiii1 ($33.53 in chips) 
Seat 3: HubertusB ($9.20 in chips) 
Seat 4: Cork_5_Blunt ($11.09 in chips) 
Seat 5: ckcch ($9.20 in chips) 
Seat 6: Schwabe02 ($12.93 in chips) 
kavvviiii1: posts small blind $0.05
HubertusB: posts big blind $0.10
*** HOLE CARDS ***
Dealt to HubertusB [Qd 5s]
Cork_5_Blunt: raises $0.15 to $0.25
ckcch: folds 
Schwabe02: folds 
rlawnsdud: folds 
kavvviiii1: folds 
HubertusB: folds 
Uncalled bet ($0.15) returned to Cork_5_Blunt
Cork_5_Blunt collected $0.25 from pot
Cork_5_Blunt: doesn't show hand 
*** SUMMARY ***
Total pot $0.25 | Rake $0 
Seat 1: rlawnsdud (button) folded before Flop (didn't bet)
Seat 2: kavvviiii1 (small blind) folded before Flop
Seat 3: HubertusB (big blind) folded before Flop
Seat 4: Cork_5_Blunt collected ($0.25)
Seat 5: ckcch folded before Flop (didn't bet)
Seat 6: Schwabe02 folded before Flop (didn't bet)



PokerStars Zoom Hand #186127236995:  Hold'em No Limit ($0.05/$0.10) - 2018/05/07 20:57:27 CCT [2018/05/07 8:57:27 ET]
Table 'Aludra' 6-max Seat #1 is the button
Seat 1: eclibrise ($10.42 in chips) 
Seat 2: Cork_5_Blunt ($10.05 in chips) 
Seat 3: Simkooo ($10 in chips) 
Seat 4: HubertusB ($9.20 in chips) 
Seat 5: invincy ($10.15 in chips) 
Seat 6: PornStar8986 ($5 in chips) 
Cork_5_Blunt: posts small blind $0.05
Simkooo: posts big blind $0.10
*** HOLE CARDS ***
Dealt to HubertusB [9s Ac]
HubertusB: folds 
invincy: folds 
PornStar8986: folds 
eclibrise: raises $0.15 to $0.25
Cork_5_Blunt: raises $0.75 to $1
Simkooo: folds 
eclibrise: folds 
Uncalled bet ($0.75) returned to Cork_5_Blunt
Cork_5_Blunt collected $0.60 from pot
Cork_5_Blunt: doesn't show hand 
*** SUMMARY ***
Total pot $0.60 | Rake $0 
Seat 1: eclibrise (button) folded before Flop
Seat 2: Cork_5_Blunt (small blind) collected ($0.60)
Seat 3: Simkooo (big blind) folded before Flop
Seat 4: HubertusB folded before Flop (didn't bet)
Seat 5: invincy folded before Flop (didn't bet)
Seat 6: PornStar8986 folded before Flop (didn't bet)



PokerStars Zoom Hand #186127239364:  Hold'em No Limit ($0.05/$0.10) - 2018/05/07 20:57:33 CCT [2018/05/07 8:57:33 ET]
Table 'Aludra' 6-max Seat #1 is the button
Seat 1: Junior00pt ($10.25 in chips) 
Seat 2: xxASSO124xx ($14.17 in chips) 
Seat 3: avaksdbro ($14.07 in chips) 
Seat 4: HubertusB ($9.20 in chips) 
Seat 5: g3justin ($19.11 in chips) 
Seat 6: invincy ($10 in chips) 
xxASSO124xx: posts small blind $0.05
avaksdbro: posts big blind $0.10
*** HOLE CARDS ***
Dealt to HubertusB [Tc 2d]
HubertusB: folds 
g3justin: folds 
invincy: folds 
Junior00pt: raises $0.13 to $0.23
xxASSO124xx: folds 
avaksdbro: raises $0.58 to $0.81
Junior00pt: folds 
Uncalled bet ($0.58) returned to avaksdbro
avaksdbro collected $0.51 from pot
avaksdbro: doesn't show hand 
*** SUMMARY ***
Total pot $0.51 | Rake $0 
Seat 1: Junior00pt (button) folded before Flop
Seat 2: xxASSO124xx (small blind) folded before Flop
Seat 3: avaksdbro (big blind) collected ($0.51)
Seat 4: HubertusB folded before Flop (didn't bet)
Seat 5: g3justin folded before Flop (didn't bet)
Seat 6: invincy folded before Flop (didn't bet)



PokerStars Zoom Hand #186127245247:  Hold'em No Limit ($0.05/$0.10) - 2018/05/07 20:57:48 CCT [2018/05/07 8:57:48 ET]
Table 'Aludra' 6-max Seat #1 is the button
Seat 1: HubertusB ($9.10 in chips) 
Seat 2: ykon4i7 ($15.87 in chips) 
Seat 3: emanonoto ($11.05 in chips) 
Seat 4: HUsge12 ($13.47 in chips) 
Seat 5: g3justin ($20.58 in chips) 
Seat 6: xRounder13x ($11.70 in chips) 
ykon4i7: posts small blind $0.05
emanonoto: posts big blind $0.10
*** HOLE CARDS ***
Dealt to HubertusB [Qd As]
HUsge12: raises $0.15 to $0.25
g3justin: folds 
xRounder13x: raises $0.65 to $0.90
HubertusB: folds 
ykon4i7: folds 
emanonoto: folds 
HUsge12: calls $0.65
*** FLOP *** [2d 4s 6s]
HUsge12: checks 
xRounder13x: checks 
*** TURN *** [2d 4s 6s] [Th]
HUsge12: checks 
xRounder13x: checks 
*** RIVER *** [2d 4s 6s Th] [7h]
HUsge12: bets $1.24
xRounder13x: folds 
Uncalled bet ($1.24) returned to HUsge12
HUsge12 collected $1.86 from pot
HUsge12: doesn't show hand 
*** SUMMARY ***
Total pot $1.95 | Rake $0.09 
Board [2d 4s 6s Th 7h]
Seat 1: HubertusB (button) folded before Flop (didn't bet)
Seat 2: ykon4i7 (small blind) folded before Flop
Seat 3: emanonoto (big blind) folded before Flop
Seat 4: HUsge12 collected ($1.86)
Seat 5: g3justin folded before Flop (didn't bet)
Seat 6: xRounder13x folded on the River



PokerStars Zoom Hand #186127267425:  Hold'em No Limit ($0.05/$0.10) - 2018/05/07 20:58:45 CCT [2018/05/07 8:58:45 ET]
Table 'Aludra' 6-max Seat #1 is the button
Seat 1: johnnyb07070 ($10 in chips) 
Seat 2: HubertusB ($9.10 in chips) 
Seat 3: samurai ume ($11.71 in chips) 
Seat 4: AKafer ($26.61 in chips) 
Seat 5: g3justin ($19.11 in chips) 
Seat 6: 1990 evelin ($10.36 in chips) 
HubertusB: posts small blind $0.05
samurai ume: posts big blind $0.10
*** HOLE CARDS ***
Dealt to HubertusB [Td 8d]
AKafer: folds 
g3justin: raises $0.20 to $0.30
1990 evelin: folds 
johnnyb07070: folds 
HubertusB: raises $0.70 to $1
samurai ume: folds 
g3justin: calls $0.70
*** FLOP *** [Jc Ac Js]
HubertusB: bets $1.47
g3justin: calls $1.47
*** TURN *** [Jc Ac Js] [7d]
HubertusB: bets $3.10
g3justin: raises $8.81 to $11.91
HubertusB: folds 
Uncalled bet ($8.81) returned to g3justin
g3justin collected $10.73 from pot
g3justin: doesn't show hand 
*** SUMMARY ***
Total pot $11.24 | Rake $0.51 
Board [Jc Ac Js 7d]
Seat 1: johnnyb07070 (button) folded before Flop (didn't bet)
Seat 2: HubertusB (small blind) folded on the Turn
Seat 3: samurai ume (big blind) folded before Flop
Seat 4: AKafer folded before Flop (didn't bet)
Seat 5: g3justin collected ($10.73)
Seat 6: 1990 evelin folded before Flop (didn't bet)



PokerStars Zoom Hand #186127292412:  Hold'em No Limit ($0.05/$0.10) - 2018/05/07 20:59:49 CCT [2018/05/07 8:59:49 ET]
Table 'Aludra' 6-max Seat #1 is the button
Seat 1: leonid@s619 ($5.71 in chips) 
Seat 2: KKcasperKK ($11.58 in chips) 
Seat 3: valenaloha ($18.73 in chips) 
Seat 4: diva9987 ($6.92 in chips) 
Seat 5: FFFUUUUUUU ($4.69 in chips) 
Seat 6: HubertusB ($3.53 in chips) 
KKcasperKK: posts small blind $0.05
valenaloha: posts big blind $0.10
*** HOLE CARDS ***
Dealt to HubertusB [5h Ah]
diva9987: folds 
FFFUUUUUUU: folds 
HubertusB: raises $0.14 to $0.24
leonid@s619: raises $5.47 to $5.71 and is all-in
KKcasperKK: folds 
valenaloha: folds 
HubertusB: folds 
Uncalled bet ($5.47) returned to leonid@s619
leonid@s619 collected $0.63 from pot
leonid@s619: doesn't show hand 
*** SUMMARY ***
Total pot $0.63 | Rake $0 
Seat 1: leonid@s619 (button) collected ($0.63)
Seat 2: KKcasperKK (small blind) folded before Flop
Seat 3: valenaloha (big blind) folded before Flop
Seat 4: diva9987 folded before Flop (didn't bet)
Seat 5: FFFUUUUUUU folded before Flop (didn't bet)
Seat 6: HubertusB folded before Flop



PokerStars Zoom Hand #186127298663:  Hold'em No Limit ($0.05/$0.10) - 2018/05/07 21:00:05 CCT [2018/05/07 9:00:05 ET]
Table 'Aludra' 6-max Seat #1 is the button
Seat 1: sumpfkrote ($17.98 in chips) 
Seat 2: Dimasic2222 ($6.50 in chips) 
Seat 3: HubertusB ($3.29 in chips) 
Seat 4: mocho1499 ($8.15 in chips) 
Seat 5: A-Hsien ($10 in chips) 
Seat 6: Schwabe02 ($18.28 in chips) 
Dimasic2222: posts small blind $0.05
HubertusB: posts big blind $0.10
*** HOLE CARDS ***
Dealt to HubertusB [Qh 9d]
mocho1499: raises $0.30 to $0.40
A-Hsien: folds 
Schwabe02: folds 
sumpfkrote: folds 
Dimasic2222: calls $0.35
HubertusB: folds 
*** FLOP *** [5c 7h Ac]
Dimasic2222: checks 
mocho1499: bets $0.43
Dimasic2222: folds 
Uncalled bet ($0.43) returned to mocho1499
mocho1499 collected $0.86 from pot
mocho1499: doesn't show hand 
*** SUMMARY ***
Total pot $0.90 | Rake $0.04 
Board [5c 7h Ac]
Seat 1: sumpfkrote (button) folded before Flop (didn't bet)
Seat 2: Dimasic2222 (small blind) folded on the Flop
Seat 3: HubertusB (big blind) folded before Flop
Seat 4: mocho1499 collected ($0.86)
Seat 5: A-Hsien folded before Flop (didn't bet)
Seat 6: Schwabe02 folded before Flop (didn't bet)



PokerStars Zoom Hand #186127303857:  Hold'em No Limit ($0.05/$0.10) - 2018/05/07 21:00:19 CCT [2018/05/07 9:00:19 ET]
Table 'Aludra' 6-max Seat #1 is the button
Seat 1: HubertusB ($3.19 in chips) 
Seat 2: tama0105 ($11.42 in chips) 
Seat 3: wil_e_84 ($10.92 in chips) 
Seat 4: DrAlban307 ($9.29 in chips) 
Seat 5: str8s8n ($11.25 in chips) 
Seat 6: ronin198816 ($4.75 in chips) 
tama0105: posts small blind $0.05
wil_e_84: posts big blind $0.10
*** HOLE CARDS ***
Dealt to HubertusB [7d 3h]
DrAlban307: folds 
str8s8n: folds 
ronin198816: folds 
HubertusB: folds 
tama0105: raises $0.20 to $0.30
wil_e_84: calls $0.20
*** FLOP *** [8s 8c 9h]
tama0105: bets $0.40
wil_e_84: folds 
Uncalled bet ($0.40) returned to tama0105
tama0105 collected $0.57 from pot
tama0105: doesn't show hand 
*** SUMMARY ***
Total pot $0.60 | Rake $0.03 
Board [8s 8c 9h]
Seat 1: HubertusB (button) folded before Flop (didn't bet)
Seat 2: tama0105 (small blind) collected ($0.57)
Seat 3: wil_e_84 (big blind) folded on the Flop
Seat 4: DrAlban307 folded before Flop (didn't bet)
Seat 5: str8s8n folded before Flop (didn't bet)
Seat 6: ronin198816 folded before Flop (didn't bet)



PokerStars Zoom Hand #186127314170:  Hold'em No Limit ($0.05/$0.10) - 2018/05/07 21:00:44 CCT [2018/05/07 9:00:44 ET]
Table 'Aludra' 6-max Seat #1 is the button
Seat 1: Junior00pt ($10.10 in chips) 
Seat 2: HubertusB ($10 in chips) 
Seat 3: JohnSF7 ($13.34 in chips) 
Seat 4: AJCar ($13.36 in chips) 
Seat 5: takato99 ($9.35 in chips) 
Seat 6: spIeeNy ($11.10 in chips) 
HubertusB: posts small blind $0.05
JohnSF7: posts big blind $0.10
*** HOLE CARDS ***
Dealt to HubertusB [As Jh]
AJCar: folds 
takato99: folds 
spIeeNy: folds 
Junior00pt: folds 
HubertusB: raises $0.14 to $0.24
JohnSF7: folds 
Uncalled bet ($0.14) returned to HubertusB
HubertusB collected $0.20 from pot
HubertusB: doesn't show hand 
*** SUMMARY ***
Total pot $0.20 | Rake $0 
Seat 1: Junior00pt (button) folded before Flop (didn't bet)
Seat 2: HubertusB (small blind) collected ($0.20)
Seat 3: JohnSF7 (big blind) folded before Flop
Seat 4: AJCar folded before Flop (didn't bet)
Seat 5: takato99 folded before Flop (didn't bet)
Seat 6: spIeeNy folded before Flop (didn't bet)



PokerStars Zoom Hand #186127320661:  Hold'em No Limit ($0.05/$0.10) - 2018/05/07 21:01:00 CCT [2018/05/07 9:01:00 ET]
Table 'Aludra' 6-max Seat #1 is the button
Seat 1: n0ca ($10 in chips) 
Seat 2: infitoha ($44.02 in chips) 
Seat 3: HubertusB ($10.10 in chips) 
Seat 4: antey89 ($10.13 in chips) 
Seat 5: darchas ($14.38 in chips) 
Seat 6: floK96 ($10 in chips) 
infitoha: posts small blind $0.05
HubertusB: posts big blind $0.10
*** HOLE CARDS ***
Dealt to HubertusB [Jc 6d]
antey89: folds 
darchas: folds 
floK96: folds 
n0ca: folds 
infitoha: folds 
Uncalled bet ($0.05) returned to HubertusB
HubertusB collected $0.10 from pot
HubertusB: doesn't show hand 
*** SUMMARY ***
Total pot $0.10 | Rake $0 
Seat 1: n0ca (button) folded before Flop (didn't bet)
Seat 2: infitoha (small blind) folded before Flop
Seat 3: HubertusB (big blind) collected ($0.10)
Seat 4: antey89 folded before Flop (didn't bet)
Seat 5: darchas folded before Flop (didn't bet)
Seat 6: floK96 folded before Flop (didn't bet)



PokerStars Zoom Hand #186127306600:  Hold'em No Limit ($0.05/$0.10) - 2018/05/07 21:00:25 CCT [2018/05/07 9:00:25 ET]
Table 'Aludra' 6-max Seat #1 is the button
Seat 1: LaPerlaChile ($10.37 in chips) 
Seat 2: ElonzIllesc ($10.17 in chips) 
Seat 3: johnnyhoooha ($14.65 in chips) 
Seat 4: avtur ($9.60 in chips) 
Seat 5: HubertusB ($3.19 in chips) 
Seat 6: Kastor25 ($16.60 in chips) 
ElonzIllesc: posts small blind $0.05
johnnyhoooha: posts big blind $0.10
*** HOLE CARDS ***
Dealt to HubertusB [Td 4d]
avtur: calls $0.10
HubertusB: folds 
Kastor25: folds 
LaPerlaChile: raises $0.20 to $0.30
ElonzIllesc: folds 
johnnyhoooha: calls $0.20
avtur: calls $0.20
*** FLOP *** [Th 9d Qc]
johnnyhoooha: checks 
avtur: checks 
LaPerlaChile: bets $0.91
johnnyhoooha: folds 
avtur: folds 
Uncalled bet ($0.91) returned to LaPerlaChile
LaPerlaChile collected $0.91 from pot
LaPerlaChile: doesn't show hand 
*** SUMMARY ***
Total pot $0.95 | Rake $0.04 
Board [Th 9d Qc]
Seat 1: LaPerlaChile (button) collected ($0.91)
Seat 2: ElonzIllesc (small blind) folded before Flop
Seat 3: johnnyhoooha (big blind) folded on the Flop
Seat 4: avtur folded on the Flop
Seat 5: HubertusB folded before Flop (didn't bet)
Seat 6: Kastor25 folded before Flop (didn't bet)



PokerStars Zoom Hand #186127324430:  Hold'em No Limit ($0.05/$0.10) - 2018/05/07 21:01:09 CCT [2018/05/07 9:01:09 ET]
Table 'Aludra' 6-max Seat #1 is the button
Seat 1: valenaloha ($18.43 in chips) 
Seat 2: takato99 ($6.46 in chips) 
Seat 3: infitoha ($43.97 in chips) 
Seat 4: leonid@s619 ($5.76 in chips) 
Seat 5: calinutzuu ($13.62 in chips) 
Seat 6: HubertusB ($10.15 in chips) 
takato99: posts small blind $0.05
infitoha: posts big blind $0.10
*** HOLE CARDS ***
Dealt to HubertusB [Jc 5s]
leonid@s619: folds 
calinutzuu: folds 
HubertusB: folds 
valenaloha: raises $0.12 to $0.22
takato99: folds 
infitoha: folds 
Uncalled bet ($0.12) returned to valenaloha
valenaloha collected $0.25 from pot
valenaloha: doesn't show hand 
*** SUMMARY ***
Total pot $0.25 | Rake $0 
Seat 1: valenaloha (button) collected ($0.25)
Seat 2: takato99 (small blind) folded before Flop
Seat 3: infitoha (big blind) folded before Flop
Seat 4: leonid@s619 folded before Flop (didn't bet)
Seat 5: calinutzuu folded before Flop (didn't bet)
Seat 6: HubertusB folded before Flop (didn't bet)



PokerStars Zoom Hand #186127328775:  Hold'em No Limit ($0.05/$0.10) - 2018/05/07 21:01:19 CCT [2018/05/07 9:01:19 ET]
Table 'Aludra' 6-max Seat #1 is the button
Seat 1: ValentjNN ($10 in chips) 
Seat 2: n0ca ($10 in chips) 
Seat 3: Aknada777 ($4.16 in chips) 
Seat 4: valenaloha ($14.53 in chips) 
Seat 5: HubertusB ($10.15 in chips) 
Seat 6: SergeyS2017 ($10.78 in chips) 
n0ca: posts small blind $0.05
Aknada777: posts big blind $0.10
*** HOLE CARDS ***
Dealt to HubertusB [7s Ac]
valenaloha: folds 
HubertusB: folds 
SergeyS2017: folds 
ValentjNN: folds 
n0ca: folds 
Uncalled bet ($0.05) returned to Aknada777
Aknada777 collected $0.10 from pot
Aknada777: doesn't show hand 
*** SUMMARY ***
Total pot $0.10 | Rake $0 
Seat 1: ValentjNN (button) folded before Flop (didn't bet)
Seat 2: n0ca (small blind) folded before Flop
Seat 3: Aknada777 (big blind) collected ($0.10)
Seat 4: valenaloha folded before Flop (didn't bet)
Seat 5: HubertusB folded before Flop (didn't bet)
Seat 6: SergeyS2017 folded before Flop (didn't bet)



PokerStars Zoom Hand #186127332204:  Hold'em No Limit ($0.05/$0.10) - 2018/05/07 21:01:27 CCT [2018/05/07 9:01:27 ET]
Table 'Aludra' 6-max Seat #1 is the button
Seat 1: hejek13 ($6.60 in chips) 
Seat 2: reafdaow ($13.22 in chips) 
Seat 3: Cork_5_Blunt ($10.40 in chips) 
Seat 4: SINYsan ($10.82 in chips) 
Seat 5: spIeeNy ($12.94 in chips) 
Seat 6: HubertusB ($10.15 in chips) 
reafdaow: posts small blind $0.05
Cork_5_Blunt: posts big blind $0.10
*** HOLE CARDS ***
Dealt to HubertusB [Ah Th]
SINYsan: folds 
spIeeNy: folds 
HubertusB: raises $0.14 to $0.24
hejek13: folds 
reafdaow: calls $0.19
Cork_5_Blunt: folds 
*** FLOP *** [4c 3d Jc]
reafdaow: bets $0.10
HubertusB: calls $0.10
*** TURN *** [4c 3d Jc] [Js]
reafdaow: bets $0.40
HubertusB: folds 
Uncalled bet ($0.40) returned to reafdaow
reafdaow collected $0.74 from pot
reafdaow: doesn't show hand 
*** SUMMARY ***
Total pot $0.78 | Rake $0.04 
Board [4c 3d Jc Js]
Seat 1: hejek13 (button) folded before Flop (didn't bet)
Seat 2: reafdaow (small blind) collected ($0.74)
Seat 3: Cork_5_Blunt (big blind) folded before Flop
Seat 4: SINYsan folded before Flop (didn't bet)
Seat 5: spIeeNy folded before Flop (didn't bet)
Seat 6: HubertusB folded on the Turn



PokerStars Zoom Hand #186127326601:  Hold'em No Limit ($0.05/$0.10) - 2018/05/07 21:01:14 CCT [2018/05/07 9:01:14 ET]
Table 'Aludra' 6-max Seat #1 is the button
Seat 1: louis491 ($8.12 in chips) 
Seat 2: doriplayer ($10.90 in chips) 
Seat 3: Stoofee ($10 in chips) 
Seat 4: HubertusB ($10.15 in chips) 
Seat 5: spIeeNy ($10.95 in chips) 
Seat 6: selivan ($10 in chips) 
doriplayer: posts small blind $0.05
Stoofee: posts big blind $0.10
*** HOLE CARDS ***
Dealt to HubertusB [9d 4d]
HubertusB: folds 
spIeeNy: raises $0.20 to $0.30
selivan: folds 
louis491: folds 
doriplayer: calls $0.25
Stoofee: folds 
*** FLOP *** [7h 8d Kc]
doriplayer: checks 
spIeeNy: checks 
*** TURN *** [7h 8d Kc] [Js]
doriplayer: checks 
spIeeNy: bets $0.36
doriplayer: calls $0.36
*** RIVER *** [7h 8d Kc Js] [5d]
doriplayer: checks 
spIeeNy: checks 
*** SHOW DOWN ***
doriplayer: shows [Ah Jh] (a pair of Jacks)
spIeeNy: mucks hand 
doriplayer collected $1.36 from pot
*** SUMMARY ***
Total pot $1.42 | Rake $0.06 
Board [7h 8d Kc Js 5d]
Seat 1: louis491 (button) folded before Flop (didn't bet)
Seat 2: doriplayer (small blind) showed [Ah Jh] and won ($1.36) with a pair of Jacks
Seat 3: Stoofee (big blind) folded before Flop
Seat 4: HubertusB folded before Flop (didn't bet)
Seat 5: spIeeNy mucked [Qs As]
Seat 6: selivan folded before Flop (didn't bet)



PokerStars Zoom Hand #186127344915:  Hold'em No Limit ($0.05/$0.10) - 2018/05/07 21:01:56 CCT [2018/05/07 9:01:56 ET]
Table 'Aludra' 6-max Seat #1 is the button
Seat 1: coley18 ($10 in chips) 
Seat 2: HubertusB ($9.81 in chips) 
Seat 3: jason032323 ($10 in chips) 
Seat 4: Tom korea ($6.48 in chips) 
Seat 5: shedboy96 ($10.22 in chips) 
Seat 6: cwsandman ($16.35 in chips) 
HubertusB: posts small blind $0.05
jason032323: posts big blind $0.10
*** HOLE CARDS ***
Dealt to HubertusB [9s Tc]
Tom korea: raises $0.10 to $0.20
shedboy96: folds 
cwsandman: folds 
coley18: raises $0.40 to $0.60
HubertusB: folds 
jason032323: folds 
Tom korea: calls $0.40
*** FLOP *** [7c 5s 2h]
Tom korea: checks 
coley18: bets $0.50
Tom korea: calls $0.50
*** TURN *** [7c 5s 2h] [6c]
Tom korea: checks 
coley18: checks 
*** RIVER *** [7c 5s 2h 6c] [Qh]
Tom korea: bets $1.12
coley18: folds 
Uncalled bet ($1.12) returned to Tom korea
Tom korea collected $2.24 from pot
Tom korea: doesn't show hand 
*** SUMMARY ***
Total pot $2.35 | Rake $0.11 
Board [7c 5s 2h 6c Qh]
Seat 1: coley18 (button) folded on the River
Seat 2: HubertusB (small blind) folded before Flop
Seat 3: jason032323 (big blind) folded before Flop
Seat 4: Tom korea collected ($2.24)
Seat 5: shedboy96 folded before Flop (didn't bet)
Seat 6: cwsandman folded before Flop (didn't bet)



PokerStars Zoom Hand #186127348972:  Hold'em No Limit ($0.05/$0.10) - 2018/05/07 21:02:05 CCT [2018/05/07 9:02:05 ET]
Table 'Aludra' 6-max Seat #1 is the button
Seat 1: HubertusB ($9.76 in chips) 
Seat 2: Oleg032 ($13.02 in chips) 
Seat 3: NrgSobol ($10 in chips) 
Seat 4: 12360 ($19.26 in chips) 
Seat 5: diva9987 ($12.71 in chips) 
Seat 6: infitoha ($13.72 in chips) 
Oleg032: posts small blind $0.05
NrgSobol: posts big blind $0.10
*** HOLE CARDS ***
Dealt to HubertusB [Jc Tc]
12360: folds 
diva9987: folds 
infitoha: raises $0.15 to $0.25
HubertusB: raises $0.65 to $0.90
Oleg032: folds 
NrgSobol: folds 
infitoha: calls $0.65
*** FLOP *** [Qc Ac 4d]
infitoha: checks 
HubertusB: bets $1.20
infitoha: folds 
Uncalled bet ($1.20) returned to HubertusB
HubertusB collected $1.86 from pot
HubertusB: doesn't show hand 
*** SUMMARY ***
Total pot $1.95 | Rake $0.09 
Board [Qc Ac 4d]
Seat 1: HubertusB (button) collected ($1.86)
Seat 2: Oleg032 (small blind) folded before Flop
Seat 3: NrgSobol (big blind) folded before Flop
Seat 4: 12360 folded before Flop (didn't bet)
Seat 5: diva9987 folded before Flop (didn't bet)
Seat 6: infitoha folded on the Flop



PokerStars Zoom Hand #186127375783:  Hold'em No Limit ($0.05/$0.10) - 2018/05/07 21:03:06 CCT [2018/05/07 9:03:06 ET]
Table 'Aludra' 6-max Seat #1 is the button
Seat 1: darchas ($18.71 in chips) 
Seat 2: ElonzIllesc ($10.37 in chips) 
Seat 3: leonid@s619 ($5.91 in chips) 
Seat 4: HubertusB ($10.72 in chips) 
Seat 5: spIeeNy ($10.87 in chips) 
Seat 6: goonay74 ($11.18 in chips) 
ElonzIllesc: posts small blind $0.05
leonid@s619: posts big blind $0.10
*** HOLE CARDS ***
Dealt to HubertusB [3d Jc]
HubertusB: folds 
spIeeNy: folds 
goonay74: folds 
darchas: raises $0.15 to $0.25
ElonzIllesc: raises $0.65 to $0.90
leonid@s619: folds 
darchas: folds 
Uncalled bet ($0.65) returned to ElonzIllesc
ElonzIllesc collected $0.60 from pot
ElonzIllesc: doesn't show hand 
*** SUMMARY ***
Total pot $0.60 | Rake $0 
Seat 1: darchas (button) folded before Flop
Seat 2: ElonzIllesc (small blind) collected ($0.60)
Seat 3: leonid@s619 (big blind) folded before Flop
Seat 4: HubertusB folded before Flop (didn't bet)
Seat 5: spIeeNy folded before Flop (didn't bet)
Seat 6: goonay74 folded before Flop (didn't bet)



PokerStars Zoom Hand #186127378500:  Hold'em No Limit ($0.05/$0.10) - 2018/05/07 21:03:12 CCT [2018/05/07 9:03:12 ET]
Table 'Aludra' 6-max Seat #1 is the button
Seat 1: myself10 ($17.56 in chips) 
Seat 2: Simkooo ($10.28 in chips) 
Seat 3: HubertusB ($10.72 in chips) 
Seat 4: Miruk V. ($11.98 in chips) 
Seat 5: jason032323 ($10.75 in chips) 
Seat 6: antey89 ($10.15 in chips) 
Simkooo: posts small blind $0.05
HubertusB: posts big blind $0.10
*** HOLE CARDS ***
Dealt to HubertusB [4c 5h]
Miruk V.: folds 
jason032323: folds 
antey89: raises $0.15 to $0.25
myself10: raises $0.50 to $0.75
Simkooo: folds 
HubertusB: folds 
antey89: folds 
Uncalled bet ($0.50) returned to myself10
myself10 collected $0.65 from pot
myself10: doesn't show hand 
*** SUMMARY ***
Total pot $0.65 | Rake $0 
Seat 1: myself10 (button) collected ($0.65)
Seat 2: Simkooo (small blind) folded before Flop
Seat 3: HubertusB (big blind) folded before Flop
Seat 4: Miruk V. folded before Flop (didn't bet)
Seat 5: jason032323 folded before Flop (didn't bet)
Seat 6: antey89 folded before Flop



PokerStars Zoom Hand #186127384655:  Hold'em No Limit ($0.05/$0.10) - 2018/05/07 21:03:26 CCT [2018/05/07 9:03:26 ET]
Table 'Aludra' 6-max Seat #1 is the button
Seat 1: reafdaow ($14.83 in chips) 
Seat 2: infitoha ($43.62 in chips) 
Seat 3: highlandparking ($12.80 in chips) 
Seat 4: rlawnsdud ($19.11 in chips) 
Seat 5: HubertusB ($10.62 in chips) 
Seat 6: DeM!st3r ($8.63 in chips) 
infitoha: posts small blind $0.05
highlandparking: posts big blind $0.10
*** HOLE CARDS ***
Dealt to HubertusB [5d Th]
rlawnsdud: folds 
HubertusB: folds 
DeM!st3r: folds 
reafdaow: raises $0.20 to $0.30
infitoha: folds 
highlandparking: folds 
Uncalled bet ($0.20) returned to reafdaow
reafdaow collected $0.25 from pot
reafdaow: doesn't show hand 
*** SUMMARY ***
Total pot $0.25 | Rake $0 
Seat 1: reafdaow (button) collected ($0.25)
Seat 2: infitoha (small blind) folded before Flop
Seat 3: highlandparking (big blind) folded before Flop
Seat 4: rlawnsdud folded before Flop (didn't bet)
Seat 5: HubertusB folded before Flop (didn't bet)
Seat 6: DeM!st3r folded before Flop (didn't bet)



PokerStars Zoom Hand #186127386885:  Hold'em No Limit ($0.05/$0.10) - 2018/05/07 21:03:31 CCT [2018/05/07 9:03:31 ET]
Table 'Aludra' 6-max Seat #1 is the button
Seat 1: samurai ume ($10 in chips) 
Seat 2: NrgSobol ($11.24 in chips) 
Seat 3: cwsandman ($11.35 in chips) 
Seat 4: xxASSO124xx ($15.62 in chips) 
Seat 5: NeNiferr ($10 in chips) 
Seat 6: HubertusB ($10.62 in chips) 
NrgSobol: posts small blind $0.05
cwsandman: posts big blind $0.10
*** HOLE CARDS ***
Dealt to HubertusB [Qh Qc]
xxASSO124xx: folds 
NeNiferr: folds 
HubertusB: raises $0.14 to $0.24
samurai ume: folds 
NrgSobol: folds 
cwsandman: folds 
Uncalled bet ($0.14) returned to HubertusB
HubertusB collected $0.25 from pot
HubertusB: doesn't show hand 
*** SUMMARY ***
Total pot $0.25 | Rake $0 
Seat 1: samurai ume (button) folded before Flop (didn't bet)
Seat 2: NrgSobol (small blind) folded before Flop
Seat 3: cwsandman (big blind) folded before Flop
Seat 4: xxASSO124xx folded before Flop (didn't bet)
Seat 5: NeNiferr folded before Flop (didn't bet)
Seat 6: HubertusB collected ($0.25)



PokerStars Zoom Hand #186127395418:  Hold'em No Limit ($0.05/$0.10) - 2018/05/07 21:03:50 CCT [2018/05/07 9:03:50 ET]
Table 'Aludra' 6-max Seat #1 is the button
Seat 1: johnnyb07070 ($10 in chips) 
Seat 2: nesscz33 ($17.47 in chips) 
Seat 3: KARINAS315 ($18.35 in chips) 
Seat 4: darchas ($18.36 in chips) 
Seat 5: HubertusB ($10.77 in chips) 
Seat 6: Mammarella56 ($12.49 in chips) 
nesscz33: posts small blind $0.05
KARINAS315: posts big blind $0.10
*** HOLE CARDS ***
Dealt to HubertusB [5s 5c]
darchas: raises $0.20 to $0.30
HubertusB: calls $0.30
Mammarella56: folds 
johnnyb07070: folds 
nesscz33: folds 
KARINAS315: calls $0.20
*** FLOP *** [8s As Qd]
KARINAS315: checks 
darchas: checks 
HubertusB: bets $0.60
KARINAS315: folds 
darchas: calls $0.60
*** TURN *** [8s As Qd] [Jh]
darchas: checks 
HubertusB: checks 
*** RIVER *** [8s As Qd Jh] [7s]
darchas: checks 
HubertusB: checks 
*** SHOW DOWN ***
darchas: shows [Qh Ks] (a pair of Queens)
HubertusB: mucks hand 
darchas collected $2.05 from pot
*** SUMMARY ***
Total pot $2.15 | Rake $0.10 
Board [8s As Qd Jh 7s]
Seat 1: johnnyb07070 (button) folded before Flop (didn't bet)
Seat 2: nesscz33 (small blind) folded before Flop
Seat 3: KARINAS315 (big blind) folded on the Flop
Seat 4: darchas showed [Qh Ks] and won ($2.05) with a pair of Queens
Seat 5: HubertusB mucked [5s 5c]
Seat 6: Mammarella56 folded before Flop (didn't bet)



PokerStars Zoom Hand #186127424924:  Hold'em No Limit ($0.05/$0.10) - 2018/05/07 21:04:56 CCT [2018/05/07 9:04:56 ET]
Table 'Aludra' 6-max Seat #1 is the button
Seat 1: HubertusB ($9.87 in chips) 
Seat 2: at fish ($10.18 in chips) 
Seat 3: GizaGliwic ($19.07 in chips) 
Seat 4: Zio000 ($10 in chips) 
Seat 5: screw160477 ($9.87 in chips) 
Seat 6: colemanzhang ($10 in chips) 
at fish: posts small blind $0.05
GizaGliwic: posts big blind $0.10
*** HOLE CARDS ***
Dealt to HubertusB [6s 7d]
Zio000: folds 
screw160477: raises $0.15 to $0.25
colemanzhang: folds 
HubertusB: folds 
at fish: folds 
GizaGliwic: raises $0.65 to $0.90
screw160477: calls $0.65
*** FLOP *** [Ac 4c Tc]
GizaGliwic: bets $1.42
screw160477: folds 
Uncalled bet ($1.42) returned to GizaGliwic
GizaGliwic collected $1.77 from pot
GizaGliwic: doesn't show hand 
*** SUMMARY ***
Total pot $1.85 | Rake $0.08 
Board [Ac 4c Tc]
Seat 1: HubertusB (button) folded before Flop (didn't bet)
Seat 2: at fish (small blind) folded before Flop
Seat 3: GizaGliwic (big blind) collected ($1.77)
Seat 4: Zio000 folded before Flop (didn't bet)
Seat 5: screw160477 folded on the Flop
Seat 6: colemanzhang folded before Flop (didn't bet)



PokerStars Zoom Hand #186127427084:  Hold'em No Limit ($0.05/$0.10) - 2018/05/07 21:05:01 CCT [2018/05/07 9:05:01 ET]
Table 'Aludra' 6-max Seat #1 is the button
Seat 1: fei6464 ($11.11 in chips) 
Seat 2: ZloyByblik ($5.03 in chips) 
Seat 3: HubertusB ($9.87 in chips) 
Seat 4: somewhat320 ($9.54 in chips) 
Seat 5: lordx777 ($14.07 in chips) 
Seat 6: wil_e_84 ($13.41 in chips) 
ZloyByblik: posts small blind $0.05
HubertusB: posts big blind $0.10
*** HOLE CARDS ***
Dealt to HubertusB [Ac 5c]
somewhat320: folds 
lordx777: folds 
wil_e_84: folds 
fei6464: raises $0.20 to $0.30
ZloyByblik: folds 
HubertusB: raises $0.70 to $1
fei6464: raises $2 to $3
HubertusB: raises $3.70 to $6.70
fei6464: folds 
Uncalled bet ($3.70) returned to HubertusB
HubertusB collected $6.05 from pot
HubertusB: doesn't show hand 
*** SUMMARY ***
Total pot $6.05 | Rake $0 
Seat 1: fei6464 (button) folded before Flop
Seat 2: ZloyByblik (small blind) folded before Flop
Seat 3: HubertusB (big blind) collected ($6.05)
Seat 4: somewhat320 folded before Flop (didn't bet)
Seat 5: lordx777 folded before Flop (didn't bet)
Seat 6: wil_e_84 folded before Flop (didn't bet)



PokerStars Zoom Hand #186127458996:  Hold'em No Limit ($0.05/$0.10) - 2018/05/07 21:06:11 CCT [2018/05/07 9:06:11 ET]
Table 'Aludra' 6-max Seat #1 is the button
Seat 1: takato99 ($4.79 in chips) 
Seat 2: HubertusB ($12.92 in chips) 
Seat 3: beercat27 ($32.58 in chips) 
Seat 4: scarecorvo ($16.19 in chips) 
Seat 5: sumpfkrote ($17.67 in chips) 
Seat 6: eclibrise ($10.24 in chips) 
HubertusB: posts small blind $0.05
beercat27: posts big blind $0.10
*** HOLE CARDS ***
Dealt to HubertusB [8h Kh]
scarecorvo: folds 
sumpfkrote: folds 
eclibrise: folds 
takato99: folds 
HubertusB: raises $0.14 to $0.24
beercat27: folds 
Uncalled bet ($0.14) returned to HubertusB
HubertusB collected $0.20 from pot
HubertusB: doesn't show hand 
*** SUMMARY ***
Total pot $0.20 | Rake $0 
Seat 1: takato99 (button) folded before Flop (didn't bet)
Seat 2: HubertusB (small blind) collected ($0.20)
Seat 3: beercat27 (big blind) folded before Flop
Seat 4: scarecorvo folded before Flop (didn't bet)
Seat 5: sumpfkrote folded before Flop (didn't bet)
Seat 6: eclibrise folded before Flop (didn't bet)



PokerStars Zoom Hand #186127468197:  Hold'em No Limit ($0.05/$0.10) - 2018/05/07 21:06:31 CCT [2018/05/07 9:06:31 ET]
Table 'Aludra' 6-max Seat #1 is the button
Seat 1: WhiteDAGLeki ($13.49 in chips) 
Seat 2: Cork_5_Blunt ($11.34 in chips) 
Seat 3: myself10 ($17.83 in chips) 
Seat 4: sumpfkrote ($17.44 in chips) 
Seat 5: valenaloha ($13.14 in chips) 
Seat 6: HubertusB ($13.02 in chips) 
Cork_5_Blunt: posts small blind $0.05
myself10: posts big blind $0.10
*** HOLE CARDS ***
Dealt to HubertusB [Qc Qh]
sumpfkrote: folds 
valenaloha: folds 
HubertusB: raises $0.14 to $0.24
WhiteDAGLeki: calls $0.24
Cork_5_Blunt: folds 
myself10: folds 
*** FLOP *** [8h 7h 2c]
HubertusB: bets $0.33
WhiteDAGLeki: calls $0.33
*** TURN *** [8h 7h 2c] [3d]
HubertusB: bets $0.86
WhiteDAGLeki: calls $0.86
*** RIVER *** [8h 7h 2c 3d] [2h]
HubertusB: checks 
WhiteDAGLeki: bets $0.95
HubertusB: calls $0.95
*** SHOW DOWN ***
WhiteDAGLeki: shows [Ts Th] (two pair, Tens and Deuces)
HubertusB: shows [Qc Qh] (two pair, Queens and Deuces)
HubertusB collected $4.69 from pot
*** SUMMARY ***
Total pot $4.91 | Rake $0.22 
Board [8h 7h 2c 3d 2h]
Seat 1: WhiteDAGLeki (button) showed [Ts Th] and lost with two pair, Tens and Deuces
Seat 2: Cork_5_Blunt (small blind) folded before Flop
Seat 3: myself10 (big blind) folded before Flop
Seat 4: sumpfkrote folded before Flop (didn't bet)
Seat 5: valenaloha folded before Flop (didn't bet)
Seat 6: HubertusB showed [Qc Qh] and won ($4.69) with two pair, Queens and Deuces



PokerStars Zoom Hand #186127505178:  Hold'em No Limit ($0.05/$0.10) - 2018/05/07 21:07:52 CCT [2018/05/07 9:07:52 ET]
Table 'Aludra' 6-max Seat #1 is the button
Seat 1: AKafer ($30.61 in chips) 
Seat 2: KiwiBurn ($0.41 in chips) 
Seat 3: avaksdbro ($14.08 in chips) 
Seat 4: HubertusB ($15.33 in chips) 
Seat 5: Wutian80 ($5.13 in chips) 
Seat 6: louis491 ($8.45 in chips) 
KiwiBurn: posts small blind $0.05
avaksdbro: posts big blind $0.10
*** HOLE CARDS ***
Dealt to HubertusB [Qc Kc]
HubertusB: raises $0.20 to $0.30
Wutian80: calls $0.30
louis491: calls $0.30
AKafer: folds 
KiwiBurn has timed out while disconnected
KiwiBurn: folds 
avaksdbro: folds 
*** FLOP *** [4c 7s 5h]
HubertusB: checks 
Wutian80: checks 
louis491: checks 
*** TURN *** [4c 7s 5h] [Qd]
HubertusB: bets $0.42
Wutian80: folds 
louis491: folds 
Uncalled bet ($0.42) returned to HubertusB
HubertusB collected $1 from pot
HubertusB: doesn't show hand 
*** SUMMARY ***
Total pot $1.05 | Rake $0.05 
Board [4c 7s 5h Qd]
Seat 1: AKafer (button) folded before Flop (didn't bet)
Seat 2: KiwiBurn (small blind) folded before Flop
Seat 3: avaksdbro (big blind) folded before Flop
Seat 4: HubertusB collected ($1)
Seat 5: Wutian80 folded on the Turn
Seat 6: louis491 folded on the Turn



PokerStars Zoom Hand #186127555356:  Hold'em No Limit ($0.05/$0.10) - 2018/05/07 21:09:41 CCT [2018/05/07 9:09:41 ET]
Table 'Aludra' 6-max Seat #1 is the button
Seat 1: heiks0n ($12.01 in chips) 
Seat 2: Slavzhik7 ($10.10 in chips) 
Seat 3: monster0816 ($4.33 in chips) 
Seat 4: Podber777 ($16.74 in chips) 
Seat 5: HubertusB ($15.98 in chips) 
Seat 6: Bull3tss ($14.14 in chips) 
Slavzhik7: posts small blind $0.05
monster0816: posts big blind $0.10
*** HOLE CARDS ***
Dealt to HubertusB [6d 8d]
Podber777: raises $0.20 to $0.30
HubertusB: folds 
Bull3tss: folds 
heiks0n: folds 
Slavzhik7: folds 
monster0816: folds 
Uncalled bet ($0.20) returned to Podber777
Podber777 collected $0.25 from pot
Podber777: doesn't show hand 
*** SUMMARY ***
Total pot $0.25 | Rake $0 
Seat 1: heiks0n (button) folded before Flop (didn't bet)
Seat 2: Slavzhik7 (small blind) folded before Flop
Seat 3: monster0816 (big blind) folded before Flop
Seat 4: Podber777 collected ($0.25)
Seat 5: HubertusB folded before Flop (didn't bet)
Seat 6: Bull3tss folded before Flop (didn't bet)



PokerStars Zoom Hand #186127547374:  Hold'em No Limit ($0.05/$0.10) - 2018/05/07 21:09:24 CCT [2018/05/07 9:09:24 ET]
Table 'Aludra' 6-max Seat #1 is the button
Seat 1: sevenovici ($8.70 in chips) 
Seat 2: HubertusB ($16.03 in chips) 
Seat 3: Papa_Prey ($10 in chips) 
Seat 4: Kastor25 ($16.32 in chips) 
Seat 5: gakimoney ($18.14 in chips) 
Seat 6: domiyooo ($15.04 in chips) 
HubertusB: posts small blind $0.05
Papa_Prey: posts big blind $0.10
*** HOLE CARDS ***
Dealt to HubertusB [9h 5d]
Kastor25: raises $0.20 to $0.30
gakimoney: folds 
domiyooo: folds 
sevenovici: calls $0.30
HubertusB: folds 
Papa_Prey: folds 
*** FLOP *** [Qs 8c Kc]
Kastor25: bets $0.35
sevenovici: calls $0.35
*** TURN *** [Qs 8c Kc] [Kd]
Kastor25: checks 
sevenovici: checks 
*** RIVER *** [Qs 8c Kc Kd] [Jd]
Kastor25: bets $0.43
sevenovici: calls $0.43
*** SHOW DOWN ***
Kastor25: shows [Js Qc] (two pair, Kings and Queens)
sevenovici: shows [Qd 9d] (two pair, Kings and Queens)
Kastor25 collected $1.11 from pot
sevenovici collected $1.10 from pot
*** SUMMARY ***
Total pot $2.31 | Rake $0.10 
Board [Qs 8c Kc Kd Jd]
Seat 1: sevenovici (button) showed [Qd 9d] and won ($1.10) with two pair, Kings and Queens
Seat 2: HubertusB (small blind) folded before Flop
Seat 3: Papa_Prey (big blind) folded before Flop
Seat 4: Kastor25 showed [Js Qc] and won ($1.11) with two pair, Kings and Queens
Seat 5: gakimoney folded before Flop (didn't bet)
Seat 6: domiyooo folded before Flop (didn't bet)



PokerStars Zoom Hand #186127559481:  Hold'em No Limit ($0.05/$0.10) - 2018/05/07 21:09:50 CCT [2018/05/07 9:09:50 ET]
Table 'Aludra' 6-max Seat #1 is the button
Seat 1: Oleg032 ($11.16 in chips) 
Seat 2: JamesCarnes1 ($10.18 in chips) 
Seat 3: HubertusB ($15.98 in chips) 
Seat 4: GizaGliwic ($19.24 in chips) 
Seat 5: klopen1982 ($10.45 in chips) 
Seat 6: georgiodoc ($10.63 in chips) 
JamesCarnes1: posts small blind $0.05
HubertusB: posts big blind $0.10
*** HOLE CARDS ***
Dealt to HubertusB [Ad 5s]
GizaGliwic: folds 
klopen1982: folds 
georgiodoc: folds 
Oleg032: folds 
JamesCarnes1: folds 
Uncalled bet ($0.05) returned to HubertusB
HubertusB collected $0.10 from pot
HubertusB: doesn't show hand 
*** SUMMARY ***
Total pot $0.10 | Rake $0 
Seat 1: Oleg032 (button) folded before Flop (didn't bet)
Seat 2: JamesCarnes1 (small blind) folded before Flop
Seat 3: HubertusB (big blind) collected ($0.10)
Seat 4: GizaGliwic folded before Flop (didn't bet)
Seat 5: klopen1982 folded before Flop (didn't bet)
Seat 6: georgiodoc folded before Flop (didn't bet)



PokerStars Zoom Hand #186127552959:  Hold'em No Limit ($0.05/$0.10) - 2018/05/07 21:09:36 CCT [2018/05/07 9:09:36 ET]
Table 'Aludra' 6-max Seat #1 is the button
Seat 1: HubertusB ($15.98 in chips) 
Seat 2: ValentjNN ($11.90 in chips) 
Seat 3: highlandparking ($10.42 in chips) 
Seat 4: CTPA}I{ ($7.79 in chips) 
Seat 5: Xius14 ($14.31 in chips) 
Seat 6: Rasnela ($14.31 in chips) 
ValentjNN: posts small blind $0.05
highlandparking: posts big blind $0.10
*** HOLE CARDS ***
Dealt to HubertusB [6d 9c]
CTPA}I{: folds 
Xius14: calls $0.10
Rasnela: folds 
HubertusB: folds 
ValentjNN: folds 
highlandparking: checks 
*** FLOP *** [8d Ah 5h]
highlandparking: checks 
Xius14: bets $0.18
highlandparking: folds 
Uncalled bet ($0.18) returned to Xius14
Xius14 collected $0.24 from pot
Xius14: doesn't show hand 
*** SUMMARY ***
Total pot $0.25 | Rake $0.01 
Board [8d Ah 5h]
Seat 1: HubertusB (button) folded before Flop (didn't bet)
Seat 2: ValentjNN (small blind) folded before Flop
Seat 3: highlandparking (big blind) folded on the Flop
Seat 4: CTPA}I{ folded before Flop (didn't bet)
Seat 5: Xius14 collected ($0.24)
Seat 6: Rasnela folded before Flop (didn't bet)



PokerStars Zoom Hand #186127568303:  Hold'em No Limit ($0.05/$0.10) - 2018/05/07 21:10:09 CCT [2018/05/07 9:10:09 ET]
Table 'Aludra' 6-max Seat #1 is the button
Seat 1: heiks0n ($10.66 in chips) 
Seat 2: AKafer ($26.49 in chips) 
Seat 3: Marlboro561 ($10.30 in chips) 
Seat 4: wil_e_84 ($13.61 in chips) 
Seat 5: Coco_111089 ($10.02 in chips) 
Seat 6: HubertusB ($16.03 in chips) 
AKafer: posts small blind $0.05
Marlboro561: posts big blind $0.10
*** HOLE CARDS ***
Dealt to HubertusB [Ts 5h]
wil_e_84: folds 
Coco_111089: raises $0.12 to $0.22
HubertusB: folds 
heiks0n: folds 
AKafer: folds 
Marlboro561: calls $0.12
*** FLOP *** [Qs 8h Th]
Marlboro561: checks 
Coco_111089: bets $0.30
Marlboro561: raises $0.67 to $0.97
Coco_111089: folds 
Uncalled bet ($0.67) returned to Marlboro561
Marlboro561 collected $1.04 from pot
Marlboro561: doesn't show hand 
*** SUMMARY ***
Total pot $1.09 | Rake $0.05 
Board [Qs 8h Th]
Seat 1: heiks0n (button) folded before Flop (didn't bet)
Seat 2: AKafer (small blind) folded before Flop
Seat 3: Marlboro561 (big blind) collected ($1.04)
Seat 4: wil_e_84 folded before Flop (didn't bet)
Seat 5: Coco_111089 folded on the Flop
Seat 6: HubertusB folded before Flop (didn't bet)



PokerStars Zoom Hand #186127570658:  Hold'em No Limit ($0.05/$0.10) - 2018/05/07 21:10:14 CCT [2018/05/07 9:10:14 ET]
Table 'Aludra' 6-max Seat #1 is the button
Seat 1: ursachi1983 ($6.64 in chips) 
Seat 2: hovpunsm ($5.92 in chips) 
Seat 3: SINYsan ($25.71 in chips) 
Seat 4: HubertusB ($16.03 in chips) 
Seat 5: at fish ($11.15 in chips) 
Seat 6: selivan ($11.11 in chips) 
hovpunsm: posts small blind $0.05
SINYsan: posts big blind $0.10
*** HOLE CARDS ***
Dealt to HubertusB [4h 8c]
HubertusB: folds 
at fish: folds 
selivan: folds 
ursachi1983: raises $0.10 to $0.20
hovpunsm: folds 
SINYsan: calls $0.10
*** FLOP *** [Qs Td 7c]
SINYsan: checks 
ursachi1983: checks 
*** TURN *** [Qs Td 7c] [3d]
SINYsan: checks 
ursachi1983: checks 
*** RIVER *** [Qs Td 7c 3d] [7d]
SINYsan: bets $0.28
ursachi1983: folds 
Uncalled bet ($0.28) returned to SINYsan
SINYsan collected $0.43 from pot
SINYsan: doesn't show hand 
*** SUMMARY ***
Total pot $0.45 | Rake $0.02 
Board [Qs Td 7c 3d 7d]
Seat 1: ursachi1983 (button) folded on the River
Seat 2: hovpunsm (small blind) folded before Flop
Seat 3: SINYsan (big blind) collected ($0.43)
Seat 4: HubertusB folded before Flop (didn't bet)
Seat 5: at fish folded before Flop (didn't bet)
Seat 6: selivan folded before Flop (didn't bet)



PokerStars Zoom Hand #186127572921:  Hold'em No Limit ($0.05/$0.10) - 2018/05/07 21:10:19 CCT [2018/05/07 9:10:19 ET]
Table 'Aludra' 6-max Seat #1 is the button
Seat 1: HubertusB ($16.03 in chips) 
Seat 2: at fish ($39 in chips) 
Seat 3: SAVRON888 ($7.23 in chips) 
Seat 4: Megalihis420 ($18.09 in chips) 
Seat 5: MercurialKid ($10 in chips) 
Seat 6: RastaPinky99 ($15.62 in chips) 
at fish: posts small blind $0.05
SAVRON888: posts big blind $0.10
*** HOLE CARDS ***
Dealt to HubertusB [7d Jd]
Megalihis420: folds 
MercurialKid: folds 
RastaPinky99: folds 
HubertusB: raises $0.10 to $0.20
at fish: folds 
SAVRON888: raises $0.30 to $0.50
HubertusB: folds 
Uncalled bet ($0.30) returned to SAVRON888
SAVRON888 collected $0.45 from pot
SAVRON888: doesn't show hand 
*** SUMMARY ***
Total pot $0.45 | Rake $0 
Seat 1: HubertusB (button) folded before Flop
Seat 2: at fish (small blind) folded before Flop
Seat 3: SAVRON888 (big blind) collected ($0.45)
Seat 4: Megalihis420 folded before Flop (didn't bet)
Seat 5: MercurialKid folded before Flop (didn't bet)
Seat 6: RastaPinky99 folded before Flop (didn't bet)



PokerStars Zoom Hand #186127590976:  Hold'em No Limit ($0.05/$0.10) - 2018/05/07 21:10:58 CCT [2018/05/07 9:10:58 ET]
Table 'Aludra' 6-max Seat #1 is the button
Seat 1: DrAlban307 ($9.20 in chips) 
Seat 2: ThepunishR20 ($6.86 in chips) 
Seat 3: ValentjNN ($15.81 in chips) 
Seat 4: sumpfkrote ($23.84 in chips) 
Seat 5: HubertusB ($15.83 in chips) 
Seat 6: sjbrock84 ($9.88 in chips) 
ThepunishR20: posts small blind $0.05
ValentjNN: posts big blind $0.10
*** HOLE CARDS ***
Dealt to HubertusB [Ts Td]
sumpfkrote: folds 
HubertusB: raises $0.14 to $0.24
sjbrock84: calls $0.24
DrAlban307: folds 
ThepunishR20: folds 
ValentjNN: folds 
*** FLOP *** [Ah 5h Th]
HubertusB: bets $0.33
sjbrock84: calls $0.33
*** TURN *** [Ah 5h Th] [7s]
HubertusB: bets $1.50
sjbrock84: calls $1.50
*** RIVER *** [Ah 5h Th 7s] [3s]
HubertusB: bets $2.70
sjbrock84: folds 
Uncalled bet ($2.70) returned to HubertusB
HubertusB collected $4.10 from pot
HubertusB: doesn't show hand 
*** SUMMARY ***
Total pot $4.29 | Rake $0.19 
Board [Ah 5h Th 7s 3s]
Seat 1: DrAlban307 (button) folded before Flop (didn't bet)
Seat 2: ThepunishR20 (small blind) folded before Flop
Seat 3: ValentjNN (big blind) folded before Flop
Seat 4: sumpfkrote folded before Flop (didn't bet)
Seat 5: HubertusB collected ($4.10)
Seat 6: sjbrock84 folded on the River



PokerStars Zoom Hand #186127628714:  Hold'em No Limit ($0.05/$0.10) - 2018/05/07 21:12:19 CCT [2018/05/07 9:12:19 ET]
Table 'Aludra' 6-max Seat #1 is the button
Seat 1: josh021956 ($11.90 in chips) 
Seat 2: HubertusB ($17.76 in chips) 
Seat 3: liboner ($5.36 in chips) 
Seat 4: ursachi1983 ($7.12 in chips) 
Seat 5: Marlboro561 ($10 in chips) 
Seat 6: KKatalAA ($10.46 in chips) 
HubertusB: posts small blind $0.05
liboner: posts big blind $0.10
*** HOLE CARDS ***
Dealt to HubertusB [Qd 6c]
ursachi1983: folds 
Marlboro561: folds 
KKatalAA: folds 
josh021956: folds 
HubertusB: folds 
Uncalled bet ($0.05) returned to liboner
liboner collected $0.10 from pot
liboner: doesn't show hand 
*** SUMMARY ***
Total pot $0.10 | Rake $0 
Seat 1: josh021956 (button) folded before Flop (didn't bet)
Seat 2: HubertusB (small blind) folded before Flop
Seat 3: liboner (big blind) collected ($0.10)
Seat 4: ursachi1983 folded before Flop (didn't bet)
Seat 5: Marlboro561 folded before Flop (didn't bet)
Seat 6: KKatalAA folded before Flop (didn't bet)



PokerStars Zoom Hand #186127632948:  Hold'em No Limit ($0.05/$0.10) - 2018/05/07 21:12:28 CCT [2018/05/07 9:12:28 ET]
Table 'Aludra' 6-max Seat #1 is the button
Seat 1: domiyooo ($16.18 in chips) 
Seat 2: Marlboro561 ($10 in chips) 
Seat 3: Tintelballs ($11.68 in chips) 
Seat 4: Gamblish01 ($10 in chips) 
Seat 5: bozekhan ($11.39 in chips) 
Seat 6: HubertusB ($17.71 in chips) 
Marlboro561: posts small blind $0.05
Tintelballs: posts big blind $0.10
*** HOLE CARDS ***
Dealt to HubertusB [2d Th]
Gamblish01: folds 
bozekhan: folds 
HubertusB: folds 
domiyooo: raises $0.12 to $0.22
Marlboro561: folds 
Tintelballs: folds 
Uncalled bet ($0.12) returned to domiyooo
domiyooo collected $0.25 from pot
domiyooo: doesn't show hand 
*** SUMMARY ***
Total pot $0.25 | Rake $0 
Seat 1: domiyooo (button) collected ($0.25)
Seat 2: Marlboro561 (small blind) folded before Flop
Seat 3: Tintelballs (big blind) folded before Flop
Seat 4: Gamblish01 folded before Flop (didn't bet)
Seat 5: bozekhan folded before Flop (didn't bet)
Seat 6: HubertusB folded before Flop (didn't bet)



PokerStars Zoom Hand #186127635247:  Hold'em No Limit ($0.05/$0.10) - 2018/05/07 21:12:33 CCT [2018/05/07 9:12:33 ET]
Table 'Aludra' 6-max Seat #1 is the button
Seat 1: emilo1503 ($12.22 in chips) 
Seat 2: stoik83 ($15.69 in chips) 
Seat 3: DrAlban307 ($7.29 in chips) 
Seat 4: HubertusB ($17.71 in chips) 
Seat 5: shedboy96 ($10 in chips) 
Seat 6: nesscz33 ($16.30 in chips) 
stoik83: posts small blind $0.05
DrAlban307: posts big blind $0.10
*** HOLE CARDS ***
Dealt to HubertusB [Kd 8c]
HubertusB: folds 
shedboy96: folds 
nesscz33: raises $0.20 to $0.30
emilo1503: folds 
stoik83: raises $0.70 to $1
DrAlban307: folds 
nesscz33: folds 
Uncalled bet ($0.70) returned to stoik83
stoik83 collected $0.70 from pot
stoik83: doesn't show hand 
*** SUMMARY ***
Total pot $0.70 | Rake $0 
Seat 1: emilo1503 (button) folded before Flop (didn't bet)
Seat 2: stoik83 (small blind) collected ($0.70)
Seat 3: DrAlban307 (big blind) folded before Flop
Seat 4: HubertusB folded before Flop (didn't bet)
Seat 5: shedboy96 folded before Flop (didn't bet)
Seat 6: nesscz33 folded before Flop



PokerStars Zoom Hand #186127624935:  Hold'em No Limit ($0.05/$0.10) - 2018/05/07 21:12:11 CCT [2018/05/07 9:12:11 ET]
Table 'Aludra' 6-max Seat #1 is the button
Seat 1: doinndo ($10.73 in chips) 
Seat 2: heiks0n ($11.76 in chips) 
Seat 3: HubertusB ($17.86 in chips) 
Seat 4: eclibrise ($10.15 in chips) 
Seat 5: samurai ume ($12.49 in chips) 
Seat 6: den227316 ($22.21 in chips) 
heiks0n: posts small blind $0.05
HubertusB: posts big blind $0.10
*** HOLE CARDS ***
Dealt to HubertusB [Qd 7s]
eclibrise: raises $0.15 to $0.25
samurai ume: folds 
den227316: raises $0.55 to $0.80
doinndo: folds 
heiks0n: folds 
HubertusB: folds 
eclibrise: folds 
Uncalled bet ($0.55) returned to den227316
den227316 collected $0.65 from pot
den227316: doesn't show hand 
*** SUMMARY ***
Total pot $0.65 | Rake $0 
Seat 1: doinndo (button) folded before Flop (didn't bet)
Seat 2: heiks0n (small blind) folded before Flop
Seat 3: HubertusB (big blind) folded before Flop
Seat 4: eclibrise folded before Flop
Seat 5: samurai ume folded before Flop (didn't bet)
Seat 6: den227316 collected ($0.65)



PokerStars Zoom Hand #186127622137:  Hold'em No Limit ($0.05/$0.10) - 2018/05/07 21:12:05 CCT [2018/05/07 9:12:05 ET]
Table 'Aludra' 6-max Seat #1 is the button
Seat 1: feebll ($10 in chips) 
Seat 2: Griefer25 ($12.66 in chips) 
Seat 3: bendgaming ($23.84 in chips) 
Seat 4: HubertusB ($17.86 in chips) 
Seat 5: valenaloha ($16.78 in chips) 
Seat 6: eclibrise ($10.54 in chips) 
Griefer25: posts small blind $0.05
bendgaming: posts big blind $0.10
*** HOLE CARDS ***
Dealt to HubertusB [9h 2h]
HubertusB: folds 
valenaloha: raises $0.12 to $0.22
eclibrise: folds 
feebll: calls $0.22
Griefer25: folds 
bendgaming: folds 
*** FLOP *** [6h 2d Ah]
valenaloha: checks 
feebll: checks 
*** TURN *** [6h 2d Ah] [9d]
valenaloha: bets $0.37
feebll: calls $0.37
*** RIVER *** [6h 2d Ah 9d] [Js]
valenaloha: bets $0.75
feebll: calls $0.75
*** SHOW DOWN ***
valenaloha: shows [Ac Tc] (a pair of Aces)
feebll: mucks hand 
valenaloha collected $2.70 from pot
*** SUMMARY ***
Total pot $2.83 | Rake $0.13 
Board [6h 2d Ah 9d Js]
Seat 1: feebll (button) mucked [9c 8c]
Seat 2: Griefer25 (small blind) folded before Flop
Seat 3: bendgaming (big blind) folded before Flop
Seat 4: HubertusB folded before Flop (didn't bet)
Seat 5: valenaloha showed [Ac Tc] and won ($2.70) with a pair of Aces
Seat 6: eclibrise folded before Flop (didn't bet)



PokerStars Zoom Hand #186127637017:  Hold'em No Limit ($0.05/$0.10) - 2018/05/07 21:12:37 CCT [2018/05/07 9:12:37 ET]
Table 'Aludra' 6-max Seat #1 is the button
Seat 1: HubertusB ($17.71 in chips) 
Seat 2: sumpfkrote ($18.25 in chips) 
Seat 3: Danielocmach ($5.82 in chips) 
Seat 4: fede 7ñl ($10 in chips) 
Seat 5: kestutis22 ($8.50 in chips) 
Seat 6: xRounder13x ($10.70 in chips) 
sumpfkrote: posts small blind $0.05
Danielocmach: posts big blind $0.10
*** HOLE CARDS ***
Dealt to HubertusB [3c 3d]
fede 7ñl: raises $0.15 to $0.25
kestutis22: folds 
xRounder13x: raises $0.65 to $0.90
HubertusB: calls $0.90
sumpfkrote: folds 
Danielocmach: folds 
fede 7ñl: folds 
*** FLOP *** [4s Qs 7c]
xRounder13x: bets $1.40
HubertusB: raises $2.60 to $4
xRounder13x: folds 
Uncalled bet ($2.60) returned to HubertusB
HubertusB collected $4.78 from pot
HubertusB: doesn't show hand 
*** SUMMARY ***
Total pot $5 | Rake $0.22 
Board [4s Qs 7c]
Seat 1: HubertusB (button) collected ($4.78)
Seat 2: sumpfkrote (small blind) folded before Flop
Seat 3: Danielocmach (big blind) folded before Flop
Seat 4: fede 7ñl folded before Flop
Seat 5: kestutis22 folded before Flop (didn't bet)
Seat 6: xRounder13x folded on the Flop



PokerStars Zoom Hand #186127666075:  Hold'em No Limit ($0.05/$0.10) - 2018/05/07 21:13:39 CCT [2018/05/07 9:13:39 ET]
Table 'Aludra' 6-max Seat #1 is the button
Seat 1: eclibrise ($10 in chips) 
Seat 2: HubertusB ($20.19 in chips) 
Seat 3: Jebnutypato9 ($10.63 in chips) 
Seat 4: Bull3tss ($10.25 in chips) 
Seat 5: fede 7ñl ($10.55 in chips) 
Seat 6: AKafer ($43.44 in chips) 
HubertusB: posts small blind $0.05
Jebnutypato9: posts big blind $0.10
*** HOLE CARDS ***
Dealt to HubertusB [Ac Kh]
Bull3tss: folds 
fede 7ñl: folds 
AKafer: folds 
eclibrise: raises $0.15 to $0.25
HubertusB: raises $0.60 to $0.85
Jebnutypato9: folds 
eclibrise: folds 
Uncalled bet ($0.60) returned to HubertusB
HubertusB collected $0.60 from pot
HubertusB: doesn't show hand 
*** SUMMARY ***
Total pot $0.60 | Rake $0 
Seat 1: eclibrise (button) folded before Flop
Seat 2: HubertusB (small blind) collected ($0.60)
Seat 3: Jebnutypato9 (big blind) folded before Flop
Seat 4: Bull3tss folded before Flop (didn't bet)
Seat 5: fede 7ñl folded before Flop (didn't bet)
Seat 6: AKafer folded before Flop (didn't bet)



PokerStars Zoom Hand #186127700538:  Hold'em No Limit ($0.05/$0.10) - 2018/05/07 21:14:53 CCT [2018/05/07 9:14:53 ET]
Table 'Aludra' 6-max Seat #1 is the button
Seat 1: HubertusB ($20.29 in chips) 
Seat 2: SBelinsky ($5.76 in chips) 
Seat 3: Papa_Prey ($10 in chips) 
Seat 4: ValentjNN ($17.13 in chips) 
Seat 5: g3justin ($10.11 in chips) 
Seat 6: ntelos1989 ($8.33 in chips) 
SBelinsky: posts small blind $0.05
Papa_Prey: posts big blind $0.10
*** HOLE CARDS ***
Dealt to HubertusB [8d 5h]
ValentjNN: folds 
g3justin: folds 
ntelos1989: folds 
HubertusB: folds 
SBelinsky: raises $0.20 to $0.30
Papa_Prey: folds 
Uncalled bet ($0.20) returned to SBelinsky
SBelinsky collected $0.20 from pot
SBelinsky: doesn't show hand 
*** SUMMARY ***
Total pot $0.20 | Rake $0 
Seat 1: HubertusB (button) folded before Flop (didn't bet)
Seat 2: SBelinsky (small blind) collected ($0.20)
Seat 3: Papa_Prey (big blind) folded before Flop
Seat 4: ValentjNN folded before Flop (didn't bet)
Seat 5: g3justin folded before Flop (didn't bet)
Seat 6: ntelos1989 folded before Flop (didn't bet)



PokerStars Zoom Hand #186127685207:  Hold'em No Limit ($0.05/$0.10) - 2018/05/07 21:14:20 CCT [2018/05/07 9:14:20 ET]
Table 'Aludra' 6-max Seat #1 is the button
Seat 1: avaksdbro ($10.86 in chips) 
Seat 2: GLUBINER1 ($12.23 in chips) 
Seat 3: prex24 ($10 in chips) 
Seat 4: 1obanoff ($15.77 in chips) 
Seat 5: darchas ($17.14 in chips) 
Seat 6: HubertusB ($20.54 in chips) 
GLUBINER1: posts small blind $0.05
prex24: posts big blind $0.10
*** HOLE CARDS ***
Dealt to HubertusB [Ts Th]
1obanoff: raises $0.15 to $0.25
darchas: folds 
HubertusB: calls $0.25
avaksdbro: folds 
GLUBINER1: folds 
prex24: calls $0.15
*** FLOP *** [Ac Kd 2h]
prex24: checks 
1obanoff: bets $0.38
HubertusB: folds 
prex24: calls $0.38
*** TURN *** [Ac Kd 2h] [4s]
prex24: checks 
1obanoff: bets $0.75
prex24: raises $0.75 to $1.50
1obanoff: calls $0.75
*** RIVER *** [Ac Kd 2h 4s] [8h]
prex24: bets $2.18
1obanoff: folds 
Uncalled bet ($2.18) returned to prex24
prex24 collected $4.35 from pot
prex24: doesn't show hand 
*** SUMMARY ***
Total pot $4.56 | Rake $0.21 
Board [Ac Kd 2h 4s 8h]
Seat 1: avaksdbro (button) folded before Flop (didn't bet)
Seat 2: GLUBINER1 (small blind) folded before Flop
Seat 3: prex24 (big blind) collected ($4.35)
Seat 4: 1obanoff folded on the River
Seat 5: darchas folded before Flop (didn't bet)
Seat 6: HubertusB folded on the Flop



PokerStars Zoom Hand #186127702799:  Hold'em No Limit ($0.05/$0.10) - 2018/05/07 21:14:58 CCT [2018/05/07 9:14:58 ET]
Table 'Aludra' 6-max Seat #1 is the button
Seat 1: KARINAS315 ($17.03 in chips) 
Seat 2: avaksdbro ($10.76 in chips) 
Seat 3: HubertusB ($20.29 in chips) 
Seat 4: hovpunsm ($5.12 in chips) 
Seat 5: Griefer25 ($10 in chips) 
Seat 6: reafdaow ($13.87 in chips) 
avaksdbro: posts small blind $0.05
HubertusB: posts big blind $0.10
*** HOLE CARDS ***
Dealt to HubertusB [Qs Kc]
hovpunsm: folds 
Griefer25: folds 
reafdaow: folds 
KARINAS315: raises $0.10 to $0.20
avaksdbro: folds 
HubertusB: raises $0.45 to $0.65
KARINAS315: folds 
Uncalled bet ($0.45) returned to HubertusB
HubertusB collected $0.45 from pot
HubertusB: doesn't show hand 
*** SUMMARY ***
Total pot $0.45 | Rake $0 
Seat 1: KARINAS315 (button) folded before Flop
Seat 2: avaksdbro (small blind) folded before Flop
Seat 3: HubertusB (big blind) collected ($0.45)
Seat 4: hovpunsm folded before Flop (didn't bet)
Seat 5: Griefer25 folded before Flop (didn't bet)
Seat 6: reafdaow folded before Flop (didn't bet)



PokerStars Zoom Hand #186127719406:  Hold'em No Limit ($0.05/$0.10) - 2018/05/07 21:15:34 CCT [2018/05/07 9:15:34 ET]
Table 'Aludra' 6-max Seat #1 is the button
Seat 1: ValentjNN ($17.61 in chips) 
Seat 2: monster0816 ($7.71 in chips) 
Seat 3: shedboy96 ($11.13 in chips) 
Seat 4: musampa84 ($10 in chips) 
Seat 5: HubertusB ($20.54 in chips) 
Seat 6: tania_Foxy ($23.15 in chips) 
monster0816: posts small blind $0.05
shedboy96: posts big blind $0.10
*** HOLE CARDS ***
Dealt to HubertusB [Ah 2h]
musampa84: calls $0.10
HubertusB: raises $0.24 to $0.34
tania_Foxy: folds 
ValentjNN: folds 
monster0816: calls $0.29
shedboy96: folds 
musampa84: calls $0.24
*** FLOP *** [4c 2d 7c]
monster0816: checks 
musampa84: checks 
HubertusB: checks 
*** TURN *** [4c 2d 7c] [7s]
monster0816: checks 
musampa84: checks 
HubertusB: checks 
*** RIVER *** [4c 2d 7c 7s] [As]
monster0816: bets $1.10
musampa84: folds 
HubertusB: folds 
Uncalled bet ($1.10) returned to monster0816
monster0816 collected $1.07 from pot
monster0816: doesn't show hand 
*** SUMMARY ***
Total pot $1.12 | Rake $0.05 
Board [4c 2d 7c 7s As]
Seat 1: ValentjNN (button) folded before Flop (didn't bet)
Seat 2: monster0816 (small blind) collected ($1.07)
Seat 3: shedboy96 (big blind) folded before Flop
Seat 4: musampa84 folded on the River
Seat 5: HubertusB folded on the River
Seat 6: tania_Foxy folded before Flop (didn't bet)



PokerStars Zoom Hand #186127761065:  Hold'em No Limit ($0.05/$0.10) - 2018/05/07 21:17:03 CCT [2018/05/07 9:17:03 ET]
Table 'Aludra' 6-max Seat #1 is the button
Seat 1: at fish ($10 in chips) 
Seat 2: HubertusB ($20.20 in chips) 
Seat 3: MaxStarLight ($16.35 in chips) 
Seat 4: 1obanoff ($9.96 in chips) 
Seat 5: AKafer ($16.04 in chips) 
Seat 6: NegromJames ($21.52 in chips) 
HubertusB: posts small blind $0.05
MaxStarLight: posts big blind $0.10
*** HOLE CARDS ***
Dealt to HubertusB [8d Ts]
1obanoff: folds 
AKafer: folds 
NegromJames: folds 
at fish: folds 
HubertusB: folds 
Uncalled bet ($0.05) returned to MaxStarLight
MaxStarLight collected $0.10 from pot
MaxStarLight: doesn't show hand 
*** SUMMARY ***
Total pot $0.10 | Rake $0 
Seat 1: at fish (button) folded before Flop (didn't bet)
Seat 2: HubertusB (small blind) folded before Flop
Seat 3: MaxStarLight (big blind) collected ($0.10)
Seat 4: 1obanoff folded before Flop (didn't bet)
Seat 5: AKafer folded before Flop (didn't bet)
Seat 6: NegromJames folded before Flop (didn't bet)



PokerStars Zoom Hand #186127767121:  Hold'em No Limit ($0.05/$0.10) - 2018/05/07 21:17:16 CCT [2018/05/07 9:17:16 ET]
Table 'Aludra' 6-max Seat #1 is the button
Seat 1: Papa_Prey ($10.10 in chips) 
Seat 2: sevenovici ($9.91 in chips) 
Seat 3: 1obanoff ($9.96 in chips) 
Seat 4: blackindiaan ($10.35 in chips) 
Seat 5: HubertusB ($20.15 in chips) 
Seat 6: lordx777 ($15.99 in chips) 
sevenovici: posts small blind $0.05
1obanoff: posts big blind $0.10
*** HOLE CARDS ***
Dealt to HubertusB [5d Jc]
blackindiaan: folds 
HubertusB: folds 
lordx777: folds 
Papa_Prey: raises $0.20 to $0.30
sevenovici: folds 
1obanoff: folds 
Uncalled bet ($0.20) returned to Papa_Prey
Papa_Prey collected $0.25 from pot
Papa_Prey: doesn't show hand 
*** SUMMARY ***
Total pot $0.25 | Rake $0 
Seat 1: Papa_Prey (button) collected ($0.25)
Seat 2: sevenovici (small blind) folded before Flop
Seat 3: 1obanoff (big blind) folded before Flop
Seat 4: blackindiaan folded before Flop (didn't bet)
Seat 5: HubertusB folded before Flop (didn't bet)
Seat 6: lordx777 folded before Flop (didn't bet)



PokerStars Zoom Hand #186127771787:  Hold'em No Limit ($0.05/$0.10) - 2018/05/07 21:17:26 CCT [2018/05/07 9:17:26 ET]
Table 'Aludra' 6-max Seat #1 is the button
Seat 1: josh021956 ($10.20 in chips) 
Seat 2: floK96 ($10 in chips) 
Seat 3: HubertusB ($20.15 in chips) 
Seat 4: MercurialKid ($10.10 in chips) 
Seat 5: antey89 ($10.91 in chips) 
Seat 6: Rasnela ($7.59 in chips) 
floK96: posts small blind $0.05
HubertusB: posts big blind $0.10
*** HOLE CARDS ***
Dealt to HubertusB [7d Qc]
MercurialKid: raises $0.15 to $0.25
antey89: folds 
Rasnela: folds 
josh021956: folds 
floK96: folds 
HubertusB: folds 
Uncalled bet ($0.15) returned to MercurialKid
MercurialKid collected $0.25 from pot
MercurialKid: doesn't show hand 
*** SUMMARY ***
Total pot $0.25 | Rake $0 
Seat 1: josh021956 (button) folded before Flop (didn't bet)
Seat 2: floK96 (small blind) folded before Flop
Seat 3: HubertusB (big blind) folded before Flop
Seat 4: MercurialKid collected ($0.25)
Seat 5: antey89 folded before Flop (didn't bet)
Seat 6: Rasnela folded before Flop (didn't bet)



PokerStars Zoom Hand #186127769440:  Hold'em No Limit ($0.05/$0.10) - 2018/05/07 21:17:21 CCT [2018/05/07 9:17:21 ET]
Table 'Aludra' 6-max Seat #1 is the button
Seat 1: Simkooo ($10.58 in chips) 
Seat 2: LORDHOOL6 ($8.21 in chips) 
Seat 3: jason032323 ($10.73 in chips) 
Seat 4: HubertusB ($20.15 in chips) 
Seat 5: GizaGliwic ($27.09 in chips) 
Seat 6: luger1991 ($19.79 in chips) 
LORDHOOL6: posts small blind $0.05
jason032323: posts big blind $0.10
*** HOLE CARDS ***
Dealt to HubertusB [Ks 4h]
HubertusB: folds 
GizaGliwic: folds 
luger1991: folds 
Simkooo: raises $0.15 to $0.25
LORDHOOL6: folds 
jason032323: folds 
Uncalled bet ($0.15) returned to Simkooo
Simkooo collected $0.25 from pot
Simkooo: doesn't show hand 
*** SUMMARY ***
Total pot $0.25 | Rake $0 
Seat 1: Simkooo (button) collected ($0.25)
Seat 2: LORDHOOL6 (small blind) folded before Flop
Seat 3: jason032323 (big blind) folded before Flop
Seat 4: HubertusB folded before Flop (didn't bet)
Seat 5: GizaGliwic folded before Flop (didn't bet)
Seat 6: luger1991 folded before Flop (didn't bet)



PokerStars Zoom Hand #186127778261:  Hold'em No Limit ($0.05/$0.10) - 2018/05/07 21:17:40 CCT [2018/05/07 9:17:40 ET]
Table 'Aludra' 6-max Seat #1 is the button
Seat 1: HubertusB ($20.05 in chips) 
Seat 2: Stulle110 ($13.31 in chips) 
Seat 3: xxLeprekoNxx ($10 in chips) 
Seat 4: shedboy96 ($10.25 in chips) 
Seat 5: Simkooo ($11.84 in chips) 
Seat 6: W71W ($10 in chips) 
Stulle110: posts small blind $0.05
xxLeprekoNxx: posts big blind $0.10
*** HOLE CARDS ***
Dealt to HubertusB [8c 5s]
shedboy96: folds 
Simkooo: folds 
W71W: folds 
HubertusB: folds 
Stulle110: folds 
Uncalled bet ($0.05) returned to xxLeprekoNxx
xxLeprekoNxx collected $0.10 from pot
xxLeprekoNxx: doesn't show hand 
*** SUMMARY ***
Total pot $0.10 | Rake $0 
Seat 1: HubertusB (button) folded before Flop (didn't bet)
Seat 2: Stulle110 (small blind) folded before Flop
Seat 3: xxLeprekoNxx (big blind) collected ($0.10)
Seat 4: shedboy96 folded before Flop (didn't bet)
Seat 5: Simkooo folded before Flop (didn't bet)
Seat 6: W71W folded before Flop (didn't bet)



PokerStars Zoom Hand #186127782897:  Hold'em No Limit ($0.05/$0.10) - 2018/05/07 21:17:50 CCT [2018/05/07 9:17:50 ET]
Table 'Aludra' 6-max Seat #1 is the button
Seat 1: ValentjNN ($27.80 in chips) 
Seat 2: xRounder13x ($10 in chips) 
Seat 3: ursachi1983 ($9.11 in chips) 
Seat 4: mordwin03 ($22.67 in chips) 
Seat 5: TomasHn ($10.63 in chips) 
Seat 6: HubertusB ($20.05 in chips) 
xRounder13x: posts small blind $0.05
ursachi1983: posts big blind $0.10
*** HOLE CARDS ***
Dealt to HubertusB [Kd Jd]
mordwin03: folds 
TomasHn: folds 
HubertusB: raises $0.14 to $0.24
ValentjNN: raises $0.63 to $0.87
xRounder13x: folds 
ursachi1983: folds 
HubertusB: calls $0.63
*** FLOP *** [9h 2s Qd]
HubertusB: checks 
ValentjNN: bets $0.90
HubertusB: calls $0.90
*** TURN *** [9h 2s Qd] [8h]
HubertusB: checks 
ValentjNN: bets $2.20
HubertusB: folds 
Uncalled bet ($2.20) returned to ValentjNN
ValentjNN collected $3.52 from pot
ValentjNN: doesn't show hand 
*** SUMMARY ***
Total pot $3.69 | Rake $0.17 
Board [9h 2s Qd 8h]
Seat 1: ValentjNN (button) collected ($3.52)
Seat 2: xRounder13x (small blind) folded before Flop
Seat 3: ursachi1983 (big blind) folded before Flop
Seat 4: mordwin03 folded before Flop (didn't bet)
Seat 5: TomasHn folded before Flop (didn't bet)
Seat 6: HubertusB folded on the Turn



PokerStars Zoom Hand #186127811092:  Hold'em No Limit ($0.05/$0.10) - 2018/05/07 21:18:50 CCT [2018/05/07 9:18:50 ET]
Table 'Aludra' 6-max Seat #1 is the button
Seat 1: vimpu ($13.86 in chips) 
Seat 2: renomarr ($20.68 in chips) 
Seat 3: mordwin03 ($10.28 in chips) 
Seat 4: OerlikonMole ($11.48 in chips) 
Seat 5: HubertusB ($18.28 in chips) 
Seat 6: cwsandman ($20.19 in chips) 
renomarr: posts small blind $0.05
mordwin03: posts big blind $0.10
*** HOLE CARDS ***
Dealt to HubertusB [8h 5c]
OerlikonMole: folds 
HubertusB: folds 
cwsandman: raises $0.20 to $0.30
vimpu: folds 
renomarr: folds 
mordwin03: calls $0.20
*** FLOP *** [2h 5s Ad]
mordwin03: checks 
cwsandman: bets $0.30
mordwin03: folds 
Uncalled bet ($0.30) returned to cwsandman
cwsandman collected $0.62 from pot
cwsandman: doesn't show hand 
*** SUMMARY ***
Total pot $0.65 | Rake $0.03 
Board [2h 5s Ad]
Seat 1: vimpu (button) folded before Flop (didn't bet)
Seat 2: renomarr (small blind) folded before Flop
Seat 3: mordwin03 (big blind) folded on the Flop
Seat 4: OerlikonMole folded before Flop (didn't bet)
Seat 5: HubertusB folded before Flop (didn't bet)
Seat 6: cwsandman collected ($0.62)



PokerStars Zoom Hand #186127813402:  Hold'em No Limit ($0.05/$0.10) - 2018/05/07 21:18:55 CCT [2018/05/07 9:18:55 ET]
Table 'Aludra' 6-max Seat #1 is the button
Seat 1: Marlboro561 ($11.11 in chips) 
Seat 2: josh021956 ($10.35 in chips) 
Seat 3: wil_e_84 ($10.08 in chips) 
Seat 4: Lost_Gambit ($23.38 in chips) 
Seat 5: IQ Goldfish ($26.01 in chips) 
Seat 6: HubertusB ($18.28 in chips) 
josh021956: posts small blind $0.05
wil_e_84: posts big blind $0.10
*** HOLE CARDS ***
Dealt to HubertusB [Js 6d]
Lost_Gambit: raises $0.20 to $0.30
IQ Goldfish: calls $0.30
HubertusB: folds 
Marlboro561: folds 
josh021956: folds 
wil_e_84: calls $0.20
*** FLOP *** [6s 3c 4c]
wil_e_84: checks 
Lost_Gambit: bets $0.46
IQ Goldfish: calls $0.46
wil_e_84: folds 
*** TURN *** [6s 3c 4c] [2s]
Lost_Gambit: checks 
IQ Goldfish: checks 
*** RIVER *** [6s 3c 4c 2s] [7s]
Lost_Gambit: checks 
IQ Goldfish: checks 
*** SHOW DOWN ***
Lost_Gambit: shows [Kd 7d] (a pair of Sevens)
IQ Goldfish: shows [8c 8h] (a pair of Eights)
IQ Goldfish collected $1.79 from pot
*** SUMMARY ***
Total pot $1.87 | Rake $0.08 
Board [6s 3c 4c 2s 7s]
Seat 1: Marlboro561 (button) folded before Flop (didn't bet)
Seat 2: josh021956 (small blind) folded before Flop
Seat 3: wil_e_84 (big blind) folded on the Flop
Seat 4: Lost_Gambit showed [Kd 7d] and lost with a pair of Sevens
Seat 5: IQ Goldfish showed [8c 8h] and won ($1.79) with a pair of Eights
Seat 6: HubertusB folded before Flop (didn't bet)



