PokerStars Zoom Hand #186689888230:  Hold'em No Limit ($0.02/$0.05) - 2018/05/21 22:25:01 CCT [2018/05/21 10:25:01 ET]
Table 'Donati' 6-max Seat #1 is the button
Seat 1: eliasfleitas ($14.60 in chips) 
Seat 2: barbos2009 ($5.71 in chips) 
Seat 3: HubertusB ($5 in chips) 
Seat 4: 72782626 ($7.29 in chips) 
Seat 5: ANANATOR ($5 in chips) 
Seat 6: Pregos1 ($6.45 in chips) 
barbos2009: posts small blind $0.02
HubertusB: posts big blind $0.05
*** HOLE CARDS ***
Dealt to HubertusB [Kh Ts]
72782626: folds 
ANANATOR: folds 
Pregos1: folds 
eliasfleitas: raises $0.07 to $0.12
barbos2009: folds 
HubertusB: folds 
Uncalled bet ($0.07) returned to eliasfleitas
eliasfleitas collected $0.12 from pot
eliasfleitas: doesn't show hand 
*** SUMMARY ***
Total pot $0.12 | Rake $0 
Seat 1: eliasfleitas (button) collected ($0.12)
Seat 2: barbos2009 (small blind) folded before Flop
Seat 3: HubertusB (big blind) folded before Flop
Seat 4: 72782626 folded before Flop (didn't bet)
Seat 5: ANANATOR folded before Flop (didn't bet)
Seat 6: Pregos1 folded before Flop (didn't bet)



PokerStars Zoom Hand #186689894514:  Hold'em No Limit ($0.02/$0.05) - 2018/05/21 22:25:13 CCT [2018/05/21 10:25:13 ET]
Table 'Donati' 6-max Seat #1 is the button
Seat 1: Mr_Trayke ($6.53 in chips) 
Seat 2: HubertusB ($4.95 in chips) 
Seat 3: FightMe!-LOOSER ($9.92 in chips) 
Seat 4: livluvlif951 ($5 in chips) 
Seat 5: PiNe4ppLe ($10 in chips) 
Seat 6: HajluM ($9.05 in chips) 
HubertusB: posts small blind $0.02
FightMe!-LOOSER: posts big blind $0.05
*** HOLE CARDS ***
Dealt to HubertusB [5d Qs]
livluvlif951: folds 
PiNe4ppLe: folds 
HajluM: folds 
Mr_Trayke: raises $0.10 to $0.15
HubertusB: folds 
FightMe!-LOOSER: folds 
Uncalled bet ($0.10) returned to Mr_Trayke
Mr_Trayke collected $0.12 from pot
Mr_Trayke: doesn't show hand 
*** SUMMARY ***
Total pot $0.12 | Rake $0 
Seat 1: Mr_Trayke (button) collected ($0.12)
Seat 2: HubertusB (small blind) folded before Flop
Seat 3: FightMe!-LOOSER (big blind) folded before Flop
Seat 4: livluvlif951 folded before Flop (didn't bet)
Seat 5: PiNe4ppLe folded before Flop (didn't bet)
Seat 6: HajluM folded before Flop (didn't bet)



PokerStars Zoom Hand #186689897137:  Hold'em No Limit ($0.02/$0.05) - 2018/05/21 22:25:18 CCT [2018/05/21 10:25:18 ET]
Table 'Donati' 6-max Seat #1 is the button
Seat 1: HubertusB ($4.93 in chips) 
Seat 2: pashqadk ($5.07 in chips) 
Seat 3: fbimerg86 ($9.69 in chips) 
Seat 4: qk rodriguez ($5.93 in chips) 
Seat 5: diesel209950 ($4.46 in chips) 
Seat 6: SoapOperaWriter ($5.03 in chips) 
pashqadk: posts small blind $0.02
fbimerg86: posts big blind $0.05
*** HOLE CARDS ***
Dealt to HubertusB [Kd 2s]
qk rodriguez: folds 
diesel209950: raises $0.10 to $0.15
SoapOperaWriter: folds 
HubertusB: folds 
pashqadk: folds 
fbimerg86: raises $0.30 to $0.45
diesel209950: folds 
Uncalled bet ($0.30) returned to fbimerg86
fbimerg86 collected $0.32 from pot
fbimerg86: doesn't show hand 
*** SUMMARY ***
Total pot $0.32 | Rake $0 
Seat 1: HubertusB (button) folded before Flop (didn't bet)
Seat 2: pashqadk (small blind) folded before Flop
Seat 3: fbimerg86 (big blind) collected ($0.32)
Seat 4: qk rodriguez folded before Flop (didn't bet)
Seat 5: diesel209950 folded before Flop
Seat 6: SoapOperaWriter folded before Flop (didn't bet)



PokerStars Zoom Hand #186689900298:  Hold'em No Limit ($0.02/$0.05) - 2018/05/21 22:25:24 CCT [2018/05/21 10:25:24 ET]
Table 'Donati' 6-max Seat #1 is the button
Seat 1: Derter25 ($6.45 in chips) 
Seat 2: djpaulinho_p ($5.02 in chips) 
Seat 3: Pelorojo1 ($5.51 in chips) 
Seat 4: Schwabe02 ($8.55 in chips) 
Seat 5: M4il4o ($14.54 in chips) 
Seat 6: HubertusB ($4.93 in chips) 
djpaulinho_p: posts small blind $0.02
Pelorojo1: posts big blind $0.05
*** HOLE CARDS ***
Dealt to HubertusB [Kd 6d]
Schwabe02: folds 
M4il4o: folds 
HubertusB: folds 
Derter25: folds 
djpaulinho_p: raises $0.10 to $0.15
Pelorojo1: calls $0.10
*** FLOP *** [Kc 2d 3s]
djpaulinho_p: bets $0.16
Pelorojo1: folds 
Uncalled bet ($0.16) returned to djpaulinho_p
djpaulinho_p collected $0.29 from pot
djpaulinho_p: doesn't show hand 
*** SUMMARY ***
Total pot $0.30 | Rake $0.01 
Board [Kc 2d 3s]
Seat 1: Derter25 (button) folded before Flop (didn't bet)
Seat 2: djpaulinho_p (small blind) collected ($0.29)
Seat 3: Pelorojo1 (big blind) folded on the Flop
Seat 4: Schwabe02 folded before Flop (didn't bet)
Seat 5: M4il4o folded before Flop (didn't bet)
Seat 6: HubertusB folded before Flop (didn't bet)



PokerStars Zoom Hand #186689905926:  Hold'em No Limit ($0.02/$0.05) - 2018/05/21 22:25:35 CCT [2018/05/21 10:25:35 ET]
Table 'Donati' 6-max Seat #1 is the button
Seat 1: 88bade8 ($2.29 in chips) 
Seat 2: HubertusB ($4.93 in chips) 
Seat 3: U_RULIA ($7.56 in chips) 
Seat 4: iLoveMyShoes ($3.18 in chips) 
Seat 5: Ycliffe ($11.43 in chips) 
Seat 6: Snegul ($2.17 in chips) 
HubertusB: posts small blind $0.02
U_RULIA: posts big blind $0.05
*** HOLE CARDS ***
Dealt to HubertusB [6s 3c]
iLoveMyShoes: folds 
Ycliffe: folds 
Snegul: folds 
88bade8: folds 
HubertusB: folds 
Uncalled bet ($0.03) returned to U_RULIA
U_RULIA collected $0.04 from pot
U_RULIA: doesn't show hand 
*** SUMMARY ***
Total pot $0.04 | Rake $0 
Seat 1: 88bade8 (button) folded before Flop (didn't bet)
Seat 2: HubertusB (small blind) folded before Flop
Seat 3: U_RULIA (big blind) collected ($0.04)
Seat 4: iLoveMyShoes folded before Flop (didn't bet)
Seat 5: Ycliffe folded before Flop (didn't bet)
Seat 6: Snegul folded before Flop (didn't bet)



PokerStars Zoom Hand #186689909109:  Hold'em No Limit ($0.02/$0.05) - 2018/05/21 22:25:41 CCT [2018/05/21 10:25:41 ET]
Table 'Donati' 6-max Seat #1 is the button
Seat 1: Gena Voln ($16.80 in chips) 
Seat 2: Psihh123 ($2.92 in chips) 
Seat 3: HubertusB ($4.91 in chips) 
Seat 4: lnjopty ($2.71 in chips) 
Seat 5: Udokoai ($5.78 in chips) 
Seat 6: Loto70 ($5.23 in chips) 
Psihh123: posts small blind $0.02
HubertusB: posts big blind $0.05
*** HOLE CARDS ***
Dealt to HubertusB [Jh As]
lnjopty: folds 
Udokoai: folds 
Loto70: folds 
Gena Voln: folds 
Psihh123: folds 
Uncalled bet ($0.03) returned to HubertusB
HubertusB collected $0.04 from pot
HubertusB: doesn't show hand 
*** SUMMARY ***
Total pot $0.04 | Rake $0 
Seat 1: Gena Voln (button) folded before Flop (didn't bet)
Seat 2: Psihh123 (small blind) folded before Flop
Seat 3: HubertusB (big blind) collected ($0.04)
Seat 4: lnjopty folded before Flop (didn't bet)
Seat 5: Udokoai folded before Flop (didn't bet)
Seat 6: Loto70 folded before Flop (didn't bet)



PokerStars Zoom Hand #186689916308:  Hold'em No Limit ($0.02/$0.05) - 2018/05/21 22:25:55 CCT [2018/05/21 10:25:55 ET]
Table 'Donati' 6-max Seat #1 is the button
Seat 1: ILNAZ2307 ($8.24 in chips) 
Seat 2: Draugsvoll ($5.58 in chips) 
Seat 3: QuakieMan ($6.23 in chips) 
Seat 4: diesel209950 ($4.50 in chips) 
Seat 5: HubertusB ($4.93 in chips) 
Seat 6: agro dedek ($3.95 in chips) 
Draugsvoll: posts small blind $0.02
QuakieMan: posts big blind $0.05
*** HOLE CARDS ***
Dealt to HubertusB [9s Qs]
diesel209950: folds 
HubertusB: raises $0.05 to $0.10
agro dedek: calls $0.10
ILNAZ2307: folds 
Draugsvoll: calls $0.08
QuakieMan: folds 
*** FLOP *** [Kh 2h 8s]
Draugsvoll: checks 
HubertusB: checks 
agro dedek: checks 
*** TURN *** [Kh 2h 8s] [2s]
Draugsvoll: checks 
HubertusB: checks 
agro dedek: checks 
*** RIVER *** [Kh 2h 8s 2s] [9h]
Draugsvoll: checks 
HubertusB: checks 
agro dedek: checks 
*** SHOW DOWN ***
Draugsvoll: shows [Ad 4d] (a pair of Deuces)
HubertusB: shows [9s Qs] (two pair, Nines and Deuces)
agro dedek: mucks hand 
HubertusB collected $0.34 from pot
*** SUMMARY ***
Total pot $0.35 | Rake $0.01 
Board [Kh 2h 8s 2s 9h]
Seat 1: ILNAZ2307 (button) folded before Flop (didn't bet)
Seat 2: Draugsvoll (small blind) showed [Ad 4d] and lost with a pair of Deuces
Seat 3: QuakieMan (big blind) folded before Flop
Seat 4: diesel209950 folded before Flop (didn't bet)
Seat 5: HubertusB showed [9s Qs] and won ($0.34) with two pair, Nines and Deuces
Seat 6: agro dedek mucked [Tc Jc]



PokerStars Zoom Hand #186689942809:  Hold'em No Limit ($0.02/$0.05) - 2018/05/21 22:26:46 CCT [2018/05/21 10:26:46 ET]
Table 'Donati' 6-max Seat #1 is the button
Seat 1: shogi17 ($14.22 in chips) 
Seat 2: offuca ($6.73 in chips) 
Seat 3: diesel209950 ($4.50 in chips) 
Seat 4: BL4CK11 ($8.43 in chips) 
Seat 5: JNeoh ($8.73 in chips) 
Seat 6: HubertusB ($5.17 in chips) 
offuca: posts small blind $0.02
diesel209950: posts big blind $0.05
*** HOLE CARDS ***
Dealt to HubertusB [7h 7d]
BL4CK11: folds 
JNeoh: folds 
HubertusB: raises $0.05 to $0.10
shogi17: folds 
offuca: folds 
diesel209950: folds 
Uncalled bet ($0.05) returned to HubertusB
HubertusB collected $0.12 from pot
HubertusB: doesn't show hand 
*** SUMMARY ***
Total pot $0.12 | Rake $0 
Seat 1: shogi17 (button) folded before Flop (didn't bet)
Seat 2: offuca (small blind) folded before Flop
Seat 3: diesel209950 (big blind) folded before Flop
Seat 4: BL4CK11 folded before Flop (didn't bet)
Seat 5: JNeoh folded before Flop (didn't bet)
Seat 6: HubertusB collected ($0.12)



PokerStars Zoom Hand #186689939171:  Hold'em No Limit ($0.02/$0.05) - 2018/05/21 22:26:39 CCT [2018/05/21 10:26:39 ET]
Table 'Donati' 6-max Seat #1 is the button
Seat 1: superdugong ($5.84 in chips) 
Seat 2: ILNAZ2307 ($4.93 in chips) 
Seat 3: M4il4o ($6.25 in chips) 
Seat 4: sashok16bim ($4.07 in chips) 
Seat 5: HubertusB ($5.17 in chips) 
Seat 6: eliasfleitas ($14.58 in chips) 
ILNAZ2307: posts small blind $0.02
M4il4o: posts big blind $0.05
*** HOLE CARDS ***
Dealt to HubertusB [Kc 5h]
sashok16bim: folds 
HubertusB: folds 
eliasfleitas: raises $0.10 to $0.15
superdugong: folds 
ILNAZ2307: folds 
M4il4o: folds 
Uncalled bet ($0.10) returned to eliasfleitas
eliasfleitas collected $0.12 from pot
eliasfleitas: doesn't show hand 
*** SUMMARY ***
Total pot $0.12 | Rake $0 
Seat 1: superdugong (button) folded before Flop (didn't bet)
Seat 2: ILNAZ2307 (small blind) folded before Flop
Seat 3: M4il4o (big blind) folded before Flop
Seat 4: sashok16bim folded before Flop (didn't bet)
Seat 5: HubertusB folded before Flop (didn't bet)
Seat 6: eliasfleitas collected ($0.12)



PokerStars Zoom Hand #186689950102:  Hold'em No Limit ($0.02/$0.05) - 2018/05/21 22:27:00 CCT [2018/05/21 10:27:00 ET]
Table 'Donati' 6-max Seat #1 is the button
Seat 1: HubertusB ($5.24 in chips) 
Seat 2: belmain.by ($4.15 in chips) 
Seat 3: Feia93 ($7.42 in chips) 
Seat 4: TULYA 15 ($4.76 in chips) 
Seat 5: fk9843 ($10.99 in chips) 
Seat 6: 3b@relblufff ($9.46 in chips) 
belmain.by: posts small blind $0.02
Feia93: posts big blind $0.05
*** HOLE CARDS ***
Dealt to HubertusB [7d 4d]
TULYA 15: folds 
fk9843: folds 
3b@relblufff: folds 
HubertusB: folds 
belmain.by: raises $0.06 to $0.11
Feia93: calls $0.06
*** FLOP *** [7c 6h 7h]
belmain.by: bets $0.12
Feia93: calls $0.12
*** TURN *** [7c 6h 7h] [Qs]
belmain.by: checks 
Feia93: bets $0.17
belmain.by: folds 
Uncalled bet ($0.17) returned to Feia93
Feia93 collected $0.44 from pot
Feia93: doesn't show hand 
*** SUMMARY ***
Total pot $0.46 | Rake $0.02 
Board [7c 6h 7h Qs]
Seat 1: HubertusB (button) folded before Flop (didn't bet)
Seat 2: belmain.by (small blind) folded on the Turn
Seat 3: Feia93 (big blind) collected ($0.44)
Seat 4: TULYA 15 folded before Flop (didn't bet)
Seat 5: fk9843 folded before Flop (didn't bet)
Seat 6: 3b@relblufff folded before Flop (didn't bet)



PokerStars Zoom Hand #186689953237:  Hold'em No Limit ($0.02/$0.05) - 2018/05/21 22:27:06 CCT [2018/05/21 10:27:06 ET]
Table 'Donati' 6-max Seat #1 is the button
Seat 1: 1kewe ($1.74 in chips) 
Seat 2: Metal Megane ($4.37 in chips) 
Seat 3: Jinxers ($12.99 in chips) 
Seat 4: Draugsvoll ($5.09 in chips) 
Seat 5: HubertusB ($5.24 in chips) 
Seat 6: poshla_nazuy ($5 in chips) 
Metal Megane: posts small blind $0.02
Jinxers: posts big blind $0.05
*** HOLE CARDS ***
Dealt to HubertusB [5c 6c]
Draugsvoll: folds 
HubertusB: raises $0.05 to $0.10
poshla_nazuy: folds 
1kewe: calls $0.10
Metal Megane: folds 
Jinxers: folds 
*** FLOP *** [Ks 4s Jc]
HubertusB: checks 
1kewe: bets $0.25
HubertusB: folds 
Uncalled bet ($0.25) returned to 1kewe
1kewe collected $0.26 from pot
1kewe: doesn't show hand 
*** SUMMARY ***
Total pot $0.27 | Rake $0.01 
Board [Ks 4s Jc]
Seat 1: 1kewe (button) collected ($0.26)
Seat 2: Metal Megane (small blind) folded before Flop
Seat 3: Jinxers (big blind) folded before Flop
Seat 4: Draugsvoll folded before Flop (didn't bet)
Seat 5: HubertusB folded on the Flop
Seat 6: poshla_nazuy folded before Flop (didn't bet)



PokerStars Zoom Hand #186689976680:  Hold'em No Limit ($0.02/$0.05) - 2018/05/21 22:27:51 CCT [2018/05/21 10:27:51 ET]
Table 'Donati' 6-max Seat #1 is the button
Seat 1: derak488 ($5.60 in chips) 
Seat 2: HubertusB ($5.09 in chips) 
Seat 3: ILNAZ2307 ($8.22 in chips) 
Seat 4: kukkertje ($5.77 in chips) 
Seat 5: mopsrenat ($2.40 in chips) 
Seat 6: EveryOutCounts ($5.09 in chips) 
HubertusB: posts small blind $0.02
ILNAZ2307: posts big blind $0.05
*** HOLE CARDS ***
Dealt to HubertusB [8d 4d]
kukkertje: folds 
mopsrenat: folds 
EveryOutCounts: raises $0.10 to $0.15
derak488: folds 
HubertusB: folds 
ILNAZ2307: folds 
Uncalled bet ($0.10) returned to EveryOutCounts
EveryOutCounts collected $0.12 from pot
EveryOutCounts: doesn't show hand 
*** SUMMARY ***
Total pot $0.12 | Rake $0 
Seat 1: derak488 (button) folded before Flop (didn't bet)
Seat 2: HubertusB (small blind) folded before Flop
Seat 3: ILNAZ2307 (big blind) folded before Flop
Seat 4: kukkertje folded before Flop (didn't bet)
Seat 5: mopsrenat folded before Flop (didn't bet)
Seat 6: EveryOutCounts collected ($0.12)



PokerStars Zoom Hand #186689979341:  Hold'em No Limit ($0.02/$0.05) - 2018/05/21 22:27:56 CCT [2018/05/21 10:27:56 ET]
Table 'Donati' 6-max Seat #1 is the button
Seat 1: omesy ($4.67 in chips) 
Seat 2: miaolegemi ($6.03 in chips) 
Seat 3: s0chi161090 ($2.68 in chips) 
Seat 4: pashqadk ($5 in chips) 
Seat 5: opilaso ($11.98 in chips) 
Seat 6: HubertusB ($5.07 in chips) 
miaolegemi: posts small blind $0.02
s0chi161090: posts big blind $0.05
*** HOLE CARDS ***
Dealt to HubertusB [6h Ad]
pashqadk: raises $0.10 to $0.15
opilaso: folds 
HubertusB: folds 
omesy: folds 
miaolegemi: folds 
s0chi161090: folds 
Uncalled bet ($0.10) returned to pashqadk
pashqadk collected $0.12 from pot
pashqadk: doesn't show hand 
*** SUMMARY ***
Total pot $0.12 | Rake $0 
Seat 1: omesy (button) folded before Flop (didn't bet)
Seat 2: miaolegemi (small blind) folded before Flop
Seat 3: s0chi161090 (big blind) folded before Flop
Seat 4: pashqadk collected ($0.12)
Seat 5: opilaso folded before Flop (didn't bet)
Seat 6: HubertusB folded before Flop (didn't bet)



PokerStars Zoom Hand #186689963589:  Hold'em No Limit ($0.02/$0.05) - 2018/05/21 22:27:26 CCT [2018/05/21 10:27:26 ET]
Table 'Donati' 6-max Seat #1 is the button
Seat 1: Lago Madjore ($5 in chips) 
Seat 2: KozubVladislav ($2.04 in chips) 
Seat 3: HubertusB ($5.14 in chips) 
Seat 4: ADRIAN ARGUN ($5.38 in chips) 
Seat 5: mopsrenat ($4.81 in chips) 
Seat 6: jmbusinezz11 ($7.48 in chips) 
KozubVladislav: posts small blind $0.02
HubertusB: posts big blind $0.05
*** HOLE CARDS ***
Dealt to HubertusB [6d 8d]
ADRIAN ARGUN: raises $0.05 to $0.10
mopsrenat: folds 
jmbusinezz11: raises $0.35 to $0.45
Lago Madjore: folds 
KozubVladislav: folds 
HubertusB: folds 
ADRIAN ARGUN: calls $0.35
*** FLOP *** [7d Ks As]
ADRIAN ARGUN: checks 
jmbusinezz11: checks 
*** TURN *** [7d Ks As] [5h]
ADRIAN ARGUN: bets $0.20
jmbusinezz11: raises $0.60 to $0.80
ADRIAN ARGUN: folds 
Uncalled bet ($0.60) returned to jmbusinezz11
jmbusinezz11 collected $1.31 from pot
jmbusinezz11: doesn't show hand 
*** SUMMARY ***
Total pot $1.37 | Rake $0.06 
Board [7d Ks As 5h]
Seat 1: Lago Madjore (button) folded before Flop (didn't bet)
Seat 2: KozubVladislav (small blind) folded before Flop
Seat 3: HubertusB (big blind) folded before Flop
Seat 4: ADRIAN ARGUN folded on the Turn
Seat 5: mopsrenat folded before Flop (didn't bet)
Seat 6: jmbusinezz11 collected ($1.31)



PokerStars Zoom Hand #186689973556:  Hold'em No Limit ($0.02/$0.05) - 2018/05/21 22:27:45 CCT [2018/05/21 10:27:45 ET]
Table 'Donati' 6-max Seat #1 is the button
Seat 1: titop_Vector ($5.15 in chips) 
Seat 2: ILNAZ2307 ($4.16 in chips) 
Seat 3: GizaGliwic ($5.74 in chips) 
Seat 4: HubertusB ($5.09 in chips) 
Seat 5: tarogame ($8.28 in chips) 
Seat 6: NMB1103 ($12.22 in chips) 
ILNAZ2307: posts small blind $0.02
GizaGliwic: posts big blind $0.05
*** HOLE CARDS ***
Dealt to HubertusB [8c Tc]
HubertusB: folds 
tarogame: raises $0.10 to $0.15
NMB1103: calls $0.15
titop_Vector: folds 
ILNAZ2307: folds 
GizaGliwic: calls $0.10
*** FLOP *** [2h Js 6c]
GizaGliwic: checks 
tarogame: checks 
NMB1103: checks 
*** TURN *** [2h Js 6c] [Qh]
GizaGliwic: bets $0.25
tarogame: folds 
NMB1103: folds 
Uncalled bet ($0.25) returned to GizaGliwic
GizaGliwic collected $0.45 from pot
GizaGliwic: doesn't show hand 
*** SUMMARY ***
Total pot $0.47 | Rake $0.02 
Board [2h Js 6c Qh]
Seat 1: titop_Vector (button) folded before Flop (didn't bet)
Seat 2: ILNAZ2307 (small blind) folded before Flop
Seat 3: GizaGliwic (big blind) collected ($0.45)
Seat 4: HubertusB folded before Flop (didn't bet)
Seat 5: tarogame folded on the Turn
Seat 6: NMB1103 folded on the Turn



PokerStars Zoom Hand #186689992771:  Hold'em No Limit ($0.02/$0.05) - 2018/05/21 22:28:07 CCT [2018/05/21 10:28:07 ET]
Table 'Donati' 6-max Seat #1 is the button
Seat 1: TitoNane ($4.25 in chips) 
Seat 2: Alah2 ($3.81 in chips) 
Seat 3: 3mari&mila6 ($5 in chips) 
Seat 4: HubertusB ($5.07 in chips) 
Seat 5: tarogame ($5 in chips) 
Seat 6: SilverSatori ($6.54 in chips) 
Alah2: posts small blind $0.02
3mari&mila6: posts big blind $0.05
*** HOLE CARDS ***
Dealt to HubertusB [Ks Ad]
HubertusB: raises $0.10 to $0.15
tarogame: folds 
SilverSatori: folds 
TitoNane: folds 
Alah2: folds 
3mari&mila6: folds 
Uncalled bet ($0.10) returned to HubertusB
HubertusB collected $0.12 from pot
HubertusB: doesn't show hand 
*** SUMMARY ***
Total pot $0.12 | Rake $0 
Seat 1: TitoNane (button) folded before Flop (didn't bet)
Seat 2: Alah2 (small blind) folded before Flop
Seat 3: 3mari&mila6 (big blind) folded before Flop
Seat 4: HubertusB collected ($0.12)
Seat 5: tarogame folded before Flop (didn't bet)
Seat 6: SilverSatori folded before Flop (didn't bet)



PokerStars Zoom Hand #186690000178:  Hold'em No Limit ($0.02/$0.05) - 2018/05/21 22:28:21 CCT [2018/05/21 10:28:21 ET]
Table 'Donati' 6-max Seat #1 is the button
Seat 1: crawerman ($5 in chips) 
Seat 2: livluvlif951 ($5 in chips) 
Seat 3: HubertusB ($5.14 in chips) 
Seat 4: Katalysator8 ($5 in chips) 
Seat 5: Rataj89 ($11.32 in chips) 
Seat 6: Pregos1 ($6.88 in chips) 
livluvlif951: posts small blind $0.02
HubertusB: posts big blind $0.05
*** HOLE CARDS ***
Dealt to HubertusB [Ts 8c]
Katalysator8: folds 
Rataj89: folds 
Pregos1: raises $0.10 to $0.15
crawerman: folds 
livluvlif951: folds 
HubertusB: folds 
Uncalled bet ($0.10) returned to Pregos1
Pregos1 collected $0.12 from pot
Pregos1: doesn't show hand 
*** SUMMARY ***
Total pot $0.12 | Rake $0 
Seat 1: crawerman (button) folded before Flop (didn't bet)
Seat 2: livluvlif951 (small blind) folded before Flop
Seat 3: HubertusB (big blind) folded before Flop
Seat 4: Katalysator8 folded before Flop (didn't bet)
Seat 5: Rataj89 folded before Flop (didn't bet)
Seat 6: Pregos1 collected ($0.12)



PokerStars Zoom Hand #186690006559:  Hold'em No Limit ($0.02/$0.05) - 2018/05/21 22:28:33 CCT [2018/05/21 10:28:33 ET]
Table 'Donati' 6-max Seat #1 is the button
Seat 1: kranovoy22 ($5.94 in chips) 
Seat 2: barbos2009 ($5.17 in chips) 
Seat 3: makeaboo ($6.64 in chips) 
Seat 4: HubertusB ($5.09 in chips) 
Seat 5: diesel209950 ($6.09 in chips) 
Seat 6: serf_Alex ($4.84 in chips) 
barbos2009: posts small blind $0.02
makeaboo: posts big blind $0.05
*** HOLE CARDS ***
Dealt to HubertusB [7d Ad]
HubertusB: raises $0.10 to $0.15
diesel209950: folds 
serf_Alex: folds 
kranovoy22: folds 
barbos2009: folds 
makeaboo: folds 
Uncalled bet ($0.10) returned to HubertusB
HubertusB collected $0.12 from pot
HubertusB: doesn't show hand 
*** SUMMARY ***
Total pot $0.12 | Rake $0 
Seat 1: kranovoy22 (button) folded before Flop (didn't bet)
Seat 2: barbos2009 (small blind) folded before Flop
Seat 3: makeaboo (big blind) folded before Flop
Seat 4: HubertusB collected ($0.12)
Seat 5: diesel209950 folded before Flop (didn't bet)
Seat 6: serf_Alex folded before Flop (didn't bet)



PokerStars Zoom Hand #186690003384:  Hold'em No Limit ($0.02/$0.05) - 2018/05/21 22:28:27 CCT [2018/05/21 10:28:27 ET]
Table 'Donati' 6-max Seat #1 is the button
Seat 1: vitaha00007 ($5.28 in chips) 
Seat 2: mish732 ($4.24 in chips) 
Seat 3: U_RULIA ($5.60 in chips) 
Seat 4: HubertusB ($5.09 in chips) 
Seat 5: pashqadk ($5.81 in chips) 
Seat 6: Lago Madjore ($5.33 in chips) 
mish732: posts small blind $0.02
U_RULIA: posts big blind $0.05
*** HOLE CARDS ***
Dealt to HubertusB [Td 6c]
HubertusB: folds 
pashqadk: raises $0.10 to $0.15
Lago Madjore: folds 
vitaha00007: folds 
mish732 has timed out while disconnected
mish732: folds 
U_RULIA: folds 
Uncalled bet ($0.10) returned to pashqadk
pashqadk collected $0.12 from pot
pashqadk: doesn't show hand 
*** SUMMARY ***
Total pot $0.12 | Rake $0 
Seat 1: vitaha00007 (button) folded before Flop (didn't bet)
Seat 2: mish732 (small blind) folded before Flop
Seat 3: U_RULIA (big blind) folded before Flop
Seat 4: HubertusB folded before Flop (didn't bet)
Seat 5: pashqadk collected ($0.12)
Seat 6: Lago Madjore folded before Flop (didn't bet)



PokerStars Zoom Hand #186689981948:  Hold'em No Limit ($0.02/$0.05) - 2018/05/21 22:28:01 CCT [2018/05/21 10:28:01 ET]
Table 'Donati' 6-max Seat #1 is the button
Seat 1: HubertusB ($5.07 in chips) 
Seat 2: Ente1512 ($5.70 in chips) 
Seat 3: qk rodriguez ($6.24 in chips) 
Seat 4: 0cipsev0 ($11.85 in chips) 
Seat 5: omesy ($4.67 in chips) 
Seat 6: ILNAZ2307 ($8.17 in chips) 
Ente1512: posts small blind $0.02
qk rodriguez: posts big blind $0.05
*** HOLE CARDS ***
Dealt to HubertusB [4c Th]
0cipsev0: folds 
omesy: raises $0.10 to $0.15
ILNAZ2307: folds 
HubertusB: folds 
Ente1512: raises $0.35 to $0.50
qk rodriguez: folds 
omesy: calls $0.35
*** FLOP *** [Jd Qc 8h]
Ente1512: checks 
omesy: bets $0.40
Ente1512: calls $0.40
*** TURN *** [Jd Qc 8h] [7s]
Ente1512: checks 
omesy: bets $0.60
Ente1512: calls $0.60
*** RIVER *** [Jd Qc 8h 7s] [2d]
Ente1512: checks 
omesy: checks 
*** SHOW DOWN ***
Ente1512: shows [Js As] (a pair of Jacks)
omesy: shows [9d Qd] (a pair of Queens)
omesy collected $2.92 from pot
*** SUMMARY ***
Total pot $3.05 | Rake $0.13 
Board [Jd Qc 8h 7s 2d]
Seat 1: HubertusB (button) folded before Flop (didn't bet)
Seat 2: Ente1512 (small blind) showed [Js As] and lost with a pair of Jacks
Seat 3: qk rodriguez (big blind) folded before Flop
Seat 4: 0cipsev0 folded before Flop (didn't bet)
Seat 5: omesy showed [9d Qd] and won ($2.92) with a pair of Queens
Seat 6: ILNAZ2307 folded before Flop (didn't bet)



PokerStars Zoom Hand #186690015916:  Hold'em No Limit ($0.02/$0.05) - 2018/05/21 22:28:51 CCT [2018/05/21 10:28:51 ET]
Table 'Donati' 6-max Seat #1 is the button
Seat 1: zaporozhko ($1.84 in chips) 
Seat 2: JNeoh ($8.47 in chips) 
Seat 3: HubertusB ($5.16 in chips) 
Seat 4: SilverSatori ($6.46 in chips) 
Seat 5: Mr_Trayke ($6.75 in chips) 
Seat 6: RAIN_ACID ($1.68 in chips) 
JNeoh: posts small blind $0.02
HubertusB: posts big blind $0.05
*** HOLE CARDS ***
Dealt to HubertusB [9c Ad]
SilverSatori: folds 
Mr_Trayke has timed out
Mr_Trayke: folds 
RAIN_ACID: calls $0.05
zaporozhko: folds 
JNeoh: raises $0.25 to $0.30
HubertusB: folds 
RAIN_ACID: folds 
Uncalled bet ($0.25) returned to JNeoh
JNeoh collected $0.15 from pot
JNeoh: doesn't show hand 
*** SUMMARY ***
Total pot $0.15 | Rake $0 
Seat 1: zaporozhko (button) folded before Flop (didn't bet)
Seat 2: JNeoh (small blind) collected ($0.15)
Seat 3: HubertusB (big blind) folded before Flop
Seat 4: SilverSatori folded before Flop (didn't bet)
Seat 5: Mr_Trayke folded before Flop (didn't bet)
Seat 6: RAIN_ACID folded before Flop



PokerStars Zoom Hand #186690032872:  Hold'em No Limit ($0.02/$0.05) - 2018/05/21 22:29:23 CCT [2018/05/21 10:29:23 ET]
Table 'Donati' 6-max Seat #1 is the button
Seat 1: Chaca273 ($8.42 in chips) 
Seat 2: HubertusB ($5.11 in chips) 
Seat 3: Kaxxis ($2.44 in chips) 
Seat 4: alex280183 ($2.58 in chips) 
Seat 5: derak488 ($5.07 in chips) 
Seat 6: ANANATOR ($5.71 in chips) 
HubertusB: posts small blind $0.02
Kaxxis: posts big blind $0.05
*** HOLE CARDS ***
Dealt to HubertusB [2s 7d]
alex280183: folds 
derak488: folds 
ANANATOR: folds 
Chaca273: folds 
HubertusB: folds 
Uncalled bet ($0.03) returned to Kaxxis
Kaxxis collected $0.04 from pot
Kaxxis: doesn't show hand 
*** SUMMARY ***
Total pot $0.04 | Rake $0 
Seat 1: Chaca273 (button) folded before Flop (didn't bet)
Seat 2: HubertusB (small blind) folded before Flop
Seat 3: Kaxxis (big blind) collected ($0.04)
Seat 4: alex280183 folded before Flop (didn't bet)
Seat 5: derak488 folded before Flop (didn't bet)
Seat 6: ANANATOR folded before Flop (didn't bet)



PokerStars Zoom Hand #186690043977:  Hold'em No Limit ($0.02/$0.05) - 2018/05/21 22:29:44 CCT [2018/05/21 10:29:44 ET]
Table 'Donati' 6-max Seat #1 is the button
Seat 1: MolodoyVanya ($5.78 in chips) 
Seat 2: fool_rabbit ($5.82 in chips) 
Seat 3: MJJJJJJJJJJJ ($5 in chips) 
Seat 4: Jinxers ($5 in chips) 
Seat 5: ckmtl5 ($4.17 in chips) 
Seat 6: HubertusB ($5.09 in chips) 
fool_rabbit: posts small blind $0.02
MJJJJJJJJJJJ: posts big blind $0.05
*** HOLE CARDS ***
Dealt to HubertusB [Jh Kd]
Jinxers: folds 
ckmtl5: folds 
HubertusB: raises $0.05 to $0.10
MolodoyVanya: folds 
fool_rabbit: folds 
MJJJJJJJJJJJ: raises $0.30 to $0.40
HubertusB: folds 
Uncalled bet ($0.30) returned to MJJJJJJJJJJJ
MJJJJJJJJJJJ collected $0.22 from pot
MJJJJJJJJJJJ: doesn't show hand 
*** SUMMARY ***
Total pot $0.22 | Rake $0 
Seat 1: MolodoyVanya (button) folded before Flop (didn't bet)
Seat 2: fool_rabbit (small blind) folded before Flop
Seat 3: MJJJJJJJJJJJ (big blind) collected ($0.22)
Seat 4: Jinxers folded before Flop (didn't bet)
Seat 5: ckmtl5 folded before Flop (didn't bet)
Seat 6: HubertusB folded before Flop



PokerStars Zoom Hand #186690040286:  Hold'em No Limit ($0.02/$0.05) - 2018/05/21 22:29:37 CCT [2018/05/21 10:29:37 ET]
Table 'Donati' 6-max Seat #1 is the button
Seat 1: HubertusB ($5.09 in chips) 
Seat 2: M4il4o ($14.91 in chips) 
Seat 3: smoot21 ($9.52 in chips) 
Seat 4: crawerman ($7 in chips) 
Seat 5: Serqunchik ($3.76 in chips) 
Seat 6: DarkAngels23 ($12.88 in chips) 
M4il4o: posts small blind $0.02
smoot21: posts big blind $0.05
*** HOLE CARDS ***
Dealt to HubertusB [Kc Td]
crawerman: raises $0.10 to $0.15
Serqunchik: folds 
DarkAngels23: folds 
HubertusB: folds 
M4il4o: folds 
smoot21: folds 
Uncalled bet ($0.10) returned to crawerman
crawerman collected $0.12 from pot
crawerman: doesn't show hand 
*** SUMMARY ***
Total pot $0.12 | Rake $0 
Seat 1: HubertusB (button) folded before Flop (didn't bet)
Seat 2: M4il4o (small blind) folded before Flop
Seat 3: smoot21 (big blind) folded before Flop
Seat 4: crawerman collected ($0.12)
Seat 5: Serqunchik folded before Flop (didn't bet)
Seat 6: DarkAngels23 folded before Flop (didn't bet)



PokerStars Zoom Hand #186690054486:  Hold'em No Limit ($0.02/$0.05) - 2018/05/21 22:30:04 CCT [2018/05/21 10:30:04 ET]
Table 'Donati' 6-max Seat #1 is the button
Seat 1: Bot1729 ($8.19 in chips) 
Seat 2: 310708 ($5.08 in chips) 
Seat 3: 3mari&mila6 ($5.01 in chips) 
Seat 4: PiNe4ppLe ($5 in chips) 
Seat 5: HubertusB ($4.99 in chips) 
Seat 6: flyingwoodz ($6.62 in chips) 
310708: posts small blind $0.02
3mari&mila6: posts big blind $0.05
*** HOLE CARDS ***
Dealt to HubertusB [Jh 4d]
PiNe4ppLe: raises $0.10 to $0.15
HubertusB: folds 
flyingwoodz: folds 
Bot1729: raises $0.35 to $0.50
310708: folds 
3mari&mila6: folds 
PiNe4ppLe: folds 
Uncalled bet ($0.35) returned to Bot1729
Bot1729 collected $0.37 from pot
Bot1729: doesn't show hand 
*** SUMMARY ***
Total pot $0.37 | Rake $0 
Seat 1: Bot1729 (button) collected ($0.37)
Seat 2: 310708 (small blind) folded before Flop
Seat 3: 3mari&mila6 (big blind) folded before Flop
Seat 4: PiNe4ppLe folded before Flop
Seat 5: HubertusB folded before Flop (didn't bet)
Seat 6: flyingwoodz folded before Flop (didn't bet)



PokerStars Zoom Hand #186690057072:  Hold'em No Limit ($0.02/$0.05) - 2018/05/21 22:30:09 CCT [2018/05/21 10:30:09 ET]
Table 'Donati' 6-max Seat #1 is the button
Seat 1: depotapo ($9.28 in chips) 
Seat 2: HubertusB ($4.99 in chips) 
Seat 3: poshla_nazuy ($5.07 in chips) 
Seat 4: SwordsDugu ($6.10 in chips) 
Seat 5: Estevancvel ($5.88 in chips) 
Seat 6: M4il4o ($14.89 in chips) 
HubertusB: posts small blind $0.02
poshla_nazuy: posts big blind $0.05
*** HOLE CARDS ***
Dealt to HubertusB [Ah Jd]
SwordsDugu: folds 
Estevancvel: folds 
M4il4o: folds 
depotapo: raises $0.10 to $0.15
HubertusB: raises $0.30 to $0.45
poshla_nazuy: folds 
depotapo: calls $0.30
*** FLOP *** [Kd 3s 3d]
HubertusB: bets $0.55
depotapo: calls $0.55
*** TURN *** [Kd 3s 3d] [7c]
HubertusB: bets $1.20
depotapo: folds 
Uncalled bet ($1.20) returned to HubertusB
HubertusB collected $1.97 from pot
HubertusB: doesn't show hand 
*** SUMMARY ***
Total pot $2.05 | Rake $0.08 
Board [Kd 3s 3d 7c]
Seat 1: depotapo (button) folded on the Turn
Seat 2: HubertusB (small blind) collected ($1.97)
Seat 3: poshla_nazuy (big blind) folded before Flop
Seat 4: SwordsDugu folded before Flop (didn't bet)
Seat 5: Estevancvel folded before Flop (didn't bet)
Seat 6: M4il4o folded before Flop (didn't bet)



PokerStars Zoom Hand #186690097988:  Hold'em No Limit ($0.02/$0.05) - 2018/05/21 22:31:27 CCT [2018/05/21 10:31:27 ET]
Table 'Donati' 6-max Seat #1 is the button
Seat 1: ssak07 ($5 in chips) 
Seat 2: arti192837 ($20.74 in chips) 
Seat 3: MarkusFu ($5 in chips) 
Seat 4: l0gik55 ($6.68 in chips) 
Seat 5: HubertusB ($5.96 in chips) 
Seat 6: crawerman ($9.57 in chips) 
arti192837: posts small blind $0.02
MarkusFu: posts big blind $0.05
*** HOLE CARDS ***
Dealt to HubertusB [4h 2s]
l0gik55: folds 
HubertusB: folds 
crawerman: folds 
ssak07: folds 
arti192837: folds 
Uncalled bet ($0.03) returned to MarkusFu
MarkusFu collected $0.04 from pot
MarkusFu: doesn't show hand 
*** SUMMARY ***
Total pot $0.04 | Rake $0 
Seat 1: ssak07 (button) folded before Flop (didn't bet)
Seat 2: arti192837 (small blind) folded before Flop
Seat 3: MarkusFu (big blind) collected ($0.04)
Seat 4: l0gik55 folded before Flop (didn't bet)
Seat 5: HubertusB folded before Flop (didn't bet)
Seat 6: crawerman folded before Flop (didn't bet)



PokerStars Zoom Hand #186690094853:  Hold'em No Limit ($0.02/$0.05) - 2018/05/21 22:31:21 CCT [2018/05/21 10:31:21 ET]
Table 'Donati' 6-max Seat #1 is the button
Seat 1: winson5588 ($6.46 in chips) 
Seat 2: ssak07 ($5 in chips) 
Seat 3: offuca ($6.25 in chips) 
Seat 4: marcioadrs ($15.12 in chips) 
Seat 5: HubertusB ($5.96 in chips) 
Seat 6: Loto70 ($6.23 in chips) 
ssak07: posts small blind $0.02
offuca: posts big blind $0.05
*** HOLE CARDS ***
Dealt to HubertusB [Td 7h]
marcioadrs: folds 
HubertusB: folds 
Loto70: raises $0.10 to $0.15
winson5588: folds 
ssak07: folds 
offuca: folds 
Uncalled bet ($0.10) returned to Loto70
Loto70 collected $0.12 from pot
Loto70: doesn't show hand 
*** SUMMARY ***
Total pot $0.12 | Rake $0 
Seat 1: winson5588 (button) folded before Flop (didn't bet)
Seat 2: ssak07 (small blind) folded before Flop
Seat 3: offuca (big blind) folded before Flop
Seat 4: marcioadrs folded before Flop (didn't bet)
Seat 5: HubertusB folded before Flop (didn't bet)
Seat 6: Loto70 collected ($0.12)



PokerStars Zoom Hand #186690103157:  Hold'em No Limit ($0.02/$0.05) - 2018/05/21 22:31:37 CCT [2018/05/21 10:31:37 ET]
Table 'Donati' 6-max Seat #1 is the button
Seat 1: Bot1729 ($8.12 in chips) 
Seat 2: adyrnicc ($5.45 in chips) 
Seat 3: ALover113 ($22.48 in chips) 
Seat 4: HubertusB ($5.96 in chips) 
Seat 5: SilverSatori ($5.20 in chips) 
Seat 6: ssak07 ($5 in chips) 
adyrnicc: posts small blind $0.02
ALover113: posts big blind $0.05
*** HOLE CARDS ***
Dealt to HubertusB [Jh 4s]
HubertusB: folds 
SilverSatori: folds 
ssak07: folds 
Bot1729: folds 
adyrnicc: raises $0.10 to $0.15
ALover113: raises $0.29 to $0.44
adyrnicc: folds 
Uncalled bet ($0.29) returned to ALover113
ALover113 collected $0.30 from pot
ALover113: doesn't show hand 
*** SUMMARY ***
Total pot $0.30 | Rake $0 
Seat 1: Bot1729 (button) folded before Flop (didn't bet)
Seat 2: adyrnicc (small blind) folded before Flop
Seat 3: ALover113 (big blind) collected ($0.30)
Seat 4: HubertusB folded before Flop (didn't bet)
Seat 5: SilverSatori folded before Flop (didn't bet)
Seat 6: ssak07 folded before Flop (didn't bet)



PokerStars Zoom Hand #186690100615:  Hold'em No Limit ($0.02/$0.05) - 2018/05/21 22:31:32 CCT [2018/05/21 10:31:32 ET]
Table 'Donati' 6-max Seat #1 is the button
Seat 1: ALover113 ($32.62 in chips) 
Seat 2: HajluM ($5 in chips) 
Seat 3: slob43.ru ($5 in chips) 
Seat 4: Schwabe02 ($8.20 in chips) 
Seat 5: FooRawr ($10.98 in chips) 
Seat 6: HubertusB ($5.96 in chips) 
HajluM: posts small blind $0.02
slob43.ru: posts big blind $0.05
*** HOLE CARDS ***
Dealt to HubertusB [4c Qs]
Schwabe02: folds 
FooRawr: folds 
HubertusB: folds 
ALover113: folds 
HajluM: raises $0.05 to $0.10
slob43.ru: calls $0.05
*** FLOP *** [4s 3h 8h]
HajluM: checks 
slob43.ru: checks 
*** TURN *** [4s 3h 8h] [Qc]
HajluM: checks 
slob43.ru: bets $0.10
HajluM: folds 
Uncalled bet ($0.10) returned to slob43.ru
slob43.ru collected $0.19 from pot
slob43.ru: doesn't show hand 
*** SUMMARY ***
Total pot $0.20 | Rake $0.01 
Board [4s 3h 8h Qc]
Seat 1: ALover113 (button) folded before Flop (didn't bet)
Seat 2: HajluM (small blind) folded on the Turn
Seat 3: slob43.ru (big blind) collected ($0.19)
Seat 4: Schwabe02 folded before Flop (didn't bet)
Seat 5: FooRawr folded before Flop (didn't bet)
Seat 6: HubertusB folded before Flop (didn't bet)



PokerStars Zoom Hand #186690105728:  Hold'em No Limit ($0.02/$0.05) - 2018/05/21 22:31:42 CCT [2018/05/21 10:31:42 ET]
Table 'Donati' 6-max Seat #1 is the button
Seat 1: omesy ($4.78 in chips) 
Seat 2: alex280183 ($2.58 in chips) 
Seat 3: HubertusB ($5.96 in chips) 
Seat 4: Derter25 ($6.11 in chips) 
Seat 5: fool_rabbit ($7.61 in chips) 
Seat 6: SilverSatori ($5.20 in chips) 
alex280183: posts small blind $0.02
HubertusB: posts big blind $0.05
*** HOLE CARDS ***
Dealt to HubertusB [8s 9s]
Derter25: folds 
fool_rabbit: raises $0.10 to $0.15
SilverSatori: calls $0.15
omesy: folds 
alex280183: folds 
HubertusB: calls $0.10
*** FLOP *** [3c 3d 3h]
HubertusB: checks 
fool_rabbit: checks 
SilverSatori: bets $0.30
HubertusB: folds 
fool_rabbit: calls $0.30
*** TURN *** [3c 3d 3h] [Jd]
fool_rabbit: checks 
SilverSatori: checks 
*** RIVER *** [3c 3d 3h Jd] [2c]
fool_rabbit: bets $0.69
SilverSatori: folds 
Uncalled bet ($0.69) returned to fool_rabbit
fool_rabbit collected $1.03 from pot
fool_rabbit: doesn't show hand 
*** SUMMARY ***
Total pot $1.07 | Rake $0.04 
Board [3c 3d 3h Jd 2c]
Seat 1: omesy (button) folded before Flop (didn't bet)
Seat 2: alex280183 (small blind) folded before Flop
Seat 3: HubertusB (big blind) folded on the Flop
Seat 4: Derter25 folded before Flop (didn't bet)
Seat 5: fool_rabbit collected ($1.03)
Seat 6: SilverSatori folded on the River



PokerStars Zoom Hand #186690122148:  Hold'em No Limit ($0.02/$0.05) - 2018/05/21 22:32:13 CCT [2018/05/21 10:32:13 ET]
Table 'Donati' 6-max Seat #1 is the button
Seat 1: haqpod ($5.02 in chips) 
Seat 2: HubertusB ($5.81 in chips) 
Seat 3: Dokerokk23 ($12.63 in chips) 
Seat 4: Mr_Trayke ($5.02 in chips) 
Seat 5: deltanueve ($5.12 in chips) 
Seat 6: mopsrenat ($2.44 in chips) 
HubertusB: posts small blind $0.02
Dokerokk23: posts big blind $0.05
*** HOLE CARDS ***
Dealt to HubertusB [Th Kh]
Mr_Trayke: folds 
deltanueve: raises $0.10 to $0.15
mopsrenat: folds 
haqpod: calls $0.15
HubertusB: folds 
Dokerokk23: folds 
*** FLOP *** [Js Kd Ks]
deltanueve: bets $0.22
haqpod: folds 
Uncalled bet ($0.22) returned to deltanueve
deltanueve collected $0.35 from pot
deltanueve: doesn't show hand 
*** SUMMARY ***
Total pot $0.37 | Rake $0.02 
Board [Js Kd Ks]
Seat 1: haqpod (button) folded on the Flop
Seat 2: HubertusB (small blind) folded before Flop
Seat 3: Dokerokk23 (big blind) folded before Flop
Seat 4: Mr_Trayke folded before Flop (didn't bet)
Seat 5: deltanueve collected ($0.35)
Seat 6: mopsrenat folded before Flop (didn't bet)



PokerStars Zoom Hand #186690128392:  Hold'em No Limit ($0.02/$0.05) - 2018/05/21 22:32:25 CCT [2018/05/21 10:32:25 ET]
Table 'Donati' 6-max Seat #1 is the button
Seat 1: HubertusB ($5.79 in chips) 
Seat 2: kukkertje ($5 in chips) 
Seat 3: BL4CK11 ($5 in chips) 
Seat 4: adyrnicc ($5.25 in chips) 
Seat 5: suckanother1 ($6.92 in chips) 
Seat 6: arti192837 ($6.45 in chips) 
kukkertje: posts small blind $0.02
BL4CK11: posts big blind $0.05
*** HOLE CARDS ***
Dealt to HubertusB [As Th]
adyrnicc: folds 
suckanother1: folds 
arti192837: raises $0.10 to $0.15
HubertusB: folds 
kukkertje: folds 
BL4CK11: folds 
Uncalled bet ($0.10) returned to arti192837
arti192837 collected $0.12 from pot
arti192837: doesn't show hand 
*** SUMMARY ***
Total pot $0.12 | Rake $0 
Seat 1: HubertusB (button) folded before Flop (didn't bet)
Seat 2: kukkertje (small blind) folded before Flop
Seat 3: BL4CK11 (big blind) folded before Flop
Seat 4: adyrnicc folded before Flop (didn't bet)
Seat 5: suckanother1 folded before Flop (didn't bet)
Seat 6: arti192837 collected ($0.12)



PokerStars Zoom Hand #186690131474:  Hold'em No Limit ($0.02/$0.05) - 2018/05/21 22:32:31 CCT [2018/05/21 10:32:31 ET]
Table 'Donati' 6-max Seat #1 is the button
Seat 1: belmain.by ($2.24 in chips) 
Seat 2: DylanMoran ($5.09 in chips) 
Seat 3: qk rodriguez ($5.80 in chips) 
Seat 4: Tub1610 ($5 in chips) 
Seat 5: Igor86554 ($6.20 in chips) 
Seat 6: HubertusB ($5.79 in chips) 
DylanMoran: posts small blind $0.02
qk rodriguez: posts big blind $0.05
*** HOLE CARDS ***
Dealt to HubertusB [8s 5c]
Tub1610: folds 
Igor86554: folds 
HubertusB: folds 
belmain.by: folds 
DylanMoran: folds 
Uncalled bet ($0.03) returned to qk rodriguez
qk rodriguez collected $0.04 from pot
qk rodriguez: doesn't show hand 
*** SUMMARY ***
Total pot $0.04 | Rake $0 
Seat 1: belmain.by (button) folded before Flop (didn't bet)
Seat 2: DylanMoran (small blind) folded before Flop
Seat 3: qk rodriguez (big blind) collected ($0.04)
Seat 4: Tub1610 folded before Flop (didn't bet)
Seat 5: Igor86554 folded before Flop (didn't bet)
Seat 6: HubertusB folded before Flop (didn't bet)



PokerStars Zoom Hand #186690135701:  Hold'em No Limit ($0.02/$0.05) - 2018/05/21 22:32:39 CCT [2018/05/21 10:32:39 ET]
Table 'Donati' 6-max Seat #1 is the button
Seat 1: Marian V. 31 ($5.46 in chips) 
Seat 2: JNeoh ($5 in chips) 
Seat 3: Erdnisrep ($21.88 in chips) 
Seat 4: ALover113 ($6.94 in chips) 
Seat 5: HubertusB ($5.79 in chips) 
Seat 6: offuca ($7.59 in chips) 
JNeoh: posts small blind $0.02
Erdnisrep: posts big blind $0.05
*** HOLE CARDS ***
Dealt to HubertusB [Kh Kd]
ALover113: folds 
HubertusB: raises $0.10 to $0.15
offuca: folds 
Marian V. 31: folds 
JNeoh: folds 
Erdnisrep: folds 
Uncalled bet ($0.10) returned to HubertusB
HubertusB collected $0.12 from pot
HubertusB: doesn't show hand 
*** SUMMARY ***
Total pot $0.12 | Rake $0 
Seat 1: Marian V. 31 (button) folded before Flop (didn't bet)
Seat 2: JNeoh (small blind) folded before Flop
Seat 3: Erdnisrep (big blind) folded before Flop
Seat 4: ALover113 folded before Flop (didn't bet)
Seat 5: HubertusB collected ($0.12)
Seat 6: offuca folded before Flop (didn't bet)



PokerStars Zoom Hand #186690141513:  Hold'em No Limit ($0.02/$0.05) - 2018/05/21 22:32:50 CCT [2018/05/21 10:32:50 ET]
Table 'Donati' 6-max Seat #1 is the button
Seat 1: MrLonghammer ($2.50 in chips) 
Seat 2: smoot21 ($9.20 in chips) 
Seat 3: HubertusB ($5.86 in chips) 
Seat 4: MoòSh ($9.99 in chips) 
Seat 5: PiNe4ppLe ($13.78 in chips) 
Seat 6: ANANATOR ($5 in chips) 
smoot21: posts small blind $0.02
HubertusB: posts big blind $0.05
*** HOLE CARDS ***
Dealt to HubertusB [Qh 4s]
MoòSh: folds 
PiNe4ppLe: folds 
ANANATOR: folds 
MrLonghammer: calls $0.05
smoot21: raises $0.15 to $0.20
HubertusB: folds 
MrLonghammer: calls $0.15
*** FLOP *** [Jd Js 6c]
smoot21: bets $0.27
MrLonghammer: folds 
Uncalled bet ($0.27) returned to smoot21
smoot21 collected $0.43 from pot
smoot21: doesn't show hand 
*** SUMMARY ***
Total pot $0.45 | Rake $0.02 
Board [Jd Js 6c]
Seat 1: MrLonghammer (button) folded on the Flop
Seat 2: smoot21 (small blind) collected ($0.43)
Seat 3: HubertusB (big blind) folded before Flop
Seat 4: MoòSh folded before Flop (didn't bet)
Seat 5: PiNe4ppLe folded before Flop (didn't bet)
Seat 6: ANANATOR folded before Flop (didn't bet)



PokerStars Zoom Hand #186690148308:  Hold'em No Limit ($0.02/$0.05) - 2018/05/21 22:33:03 CCT [2018/05/21 10:33:03 ET]
Table 'Donati' 6-max Seat #1 is the button
Seat 1: HubertusB ($5.81 in chips) 
Seat 2: svererii ($5.02 in chips) 
Seat 3: STARteamPR0 ($5.07 in chips) 
Seat 4: falcao991 ($5.46 in chips) 
Seat 5: FACCHETADE$ ($5.04 in chips) 
Seat 6: Plmax94 ($3.67 in chips) 
svererii: posts small blind $0.02
STARteamPR0: posts big blind $0.05
*** HOLE CARDS ***
Dealt to HubertusB [4h Th]
falcao991: folds 
FACCHETADE$: raises $0.10 to $0.15
Plmax94: folds 
HubertusB: folds 
svererii: folds 
STARteamPR0: folds 
Uncalled bet ($0.10) returned to FACCHETADE$
FACCHETADE$ collected $0.12 from pot
FACCHETADE$: doesn't show hand 
*** SUMMARY ***
Total pot $0.12 | Rake $0 
Seat 1: HubertusB (button) folded before Flop (didn't bet)
Seat 2: svererii (small blind) folded before Flop
Seat 3: STARteamPR0 (big blind) folded before Flop
Seat 4: falcao991 folded before Flop (didn't bet)
Seat 5: FACCHETADE$ collected ($0.12)
Seat 6: Plmax94 folded before Flop (didn't bet)



PokerStars Zoom Hand #186690154034:  Hold'em No Limit ($0.02/$0.05) - 2018/05/21 22:33:14 CCT [2018/05/21 10:33:14 ET]
Table 'Donati' 6-max Seat #1 is the button
Seat 1: ssak07 ($5.55 in chips) 
Seat 2: Bluecrust ($5 in chips) 
Seat 3: barbos2009 ($11.15 in chips) 
Seat 4: HubertusB ($5.79 in chips) 
Seat 5: smoot21 ($8.30 in chips) 
Seat 6: An74dy ($4.33 in chips) 
Bluecrust: posts small blind $0.02
barbos2009: posts big blind $0.05
*** HOLE CARDS ***
Dealt to HubertusB [7d Ks]
HubertusB: folds 
smoot21: folds 
An74dy: folds 
ssak07: folds 
Bluecrust: folds 
Uncalled bet ($0.03) returned to barbos2009
barbos2009 collected $0.04 from pot
barbos2009: doesn't show hand 
*** SUMMARY ***
Total pot $0.04 | Rake $0 
Seat 1: ssak07 (button) folded before Flop (didn't bet)
Seat 2: Bluecrust (small blind) folded before Flop
Seat 3: barbos2009 (big blind) collected ($0.04)
Seat 4: HubertusB folded before Flop (didn't bet)
Seat 5: smoot21 folded before Flop (didn't bet)
Seat 6: An74dy folded before Flop (didn't bet)



PokerStars Zoom Hand #186690160297:  Hold'em No Limit ($0.02/$0.05) - 2018/05/21 22:33:26 CCT [2018/05/21 10:33:26 ET]
Table 'Donati' 6-max Seat #1 is the button
Seat 1: HubertusB ($5.74 in chips) 
Seat 2: CVBA85 ($5.02 in chips) 
Seat 3: Psihh123 ($0.56 in chips) 
Seat 4: qk rodriguez ($5.80 in chips) 
Seat 5: bonsaiooo ($5 in chips) 
Seat 6: MJJJJJJJJJJJ ($6.86 in chips) 
CVBA85: posts small blind $0.02
Psihh123: posts big blind $0.05
*** HOLE CARDS ***
Dealt to HubertusB [Jd 4d]
qk rodriguez: folds 
bonsaiooo: folds 
MJJJJJJJJJJJ: raises $0.07 to $0.12
HubertusB: folds 
CVBA85: folds 
Psihh123: folds 
Uncalled bet ($0.07) returned to MJJJJJJJJJJJ
MJJJJJJJJJJJ collected $0.12 from pot
MJJJJJJJJJJJ: doesn't show hand 
*** SUMMARY ***
Total pot $0.12 | Rake $0 
Seat 1: HubertusB (button) folded before Flop (didn't bet)
Seat 2: CVBA85 (small blind) folded before Flop
Seat 3: Psihh123 (big blind) folded before Flop
Seat 4: qk rodriguez folded before Flop (didn't bet)
Seat 5: bonsaiooo folded before Flop (didn't bet)
Seat 6: MJJJJJJJJJJJ collected ($0.12)



PokerStars Zoom Hand #186690162951:  Hold'em No Limit ($0.02/$0.05) - 2018/05/21 22:33:31 CCT [2018/05/21 10:33:31 ET]
Table 'Donati' 6-max Seat #1 is the button
Seat 1: falcao991 ($5.39 in chips) 
Seat 2: HALIK2 ($3.73 in chips) 
Seat 3: naoyuki10 ($6.61 in chips) 
Seat 4: Tub1610 ($6.32 in chips) 
Seat 5: anarxist29 ($6.58 in chips) 
Seat 6: HubertusB ($5.74 in chips) 
HALIK2: posts small blind $0.02
naoyuki10: posts big blind $0.05
*** HOLE CARDS ***
Dealt to HubertusB [7d 5d]
Tub1610: folds 
anarxist29: folds 
HubertusB: raises $0.05 to $0.10
falcao991: folds 
HALIK2: folds 
naoyuki10: folds 
Uncalled bet ($0.05) returned to HubertusB
HubertusB collected $0.12 from pot
HubertusB: doesn't show hand 
*** SUMMARY ***
Total pot $0.12 | Rake $0 
Seat 1: falcao991 (button) folded before Flop (didn't bet)
Seat 2: HALIK2 (small blind) folded before Flop
Seat 3: naoyuki10 (big blind) folded before Flop
Seat 4: Tub1610 folded before Flop (didn't bet)
Seat 5: anarxist29 folded before Flop (didn't bet)
Seat 6: HubertusB collected ($0.12)



PokerStars Zoom Hand #186690151373:  Hold'em No Limit ($0.02/$0.05) - 2018/05/21 22:33:09 CCT [2018/05/21 10:33:09 ET]
Table 'Donati' 6-max Seat #1 is the button
Seat 1: marcioadrs ($15.14 in chips) 
Seat 2: HubertusB ($5.81 in chips) 
Seat 3: smidi13 ($2.62 in chips) 
Seat 4: krombacher21 ($3.01 in chips) 
Seat 5: MoòSh ($18.02 in chips) 
Seat 6: Chaca273 ($5 in chips) 
HubertusB: posts small blind $0.02
smidi13: posts big blind $0.05
*** HOLE CARDS ***
Dealt to HubertusB [3s 6c]
krombacher21: calls $0.05
MoòSh: folds 
Chaca273: raises $0.17 to $0.22
marcioadrs: folds 
HubertusB: folds 
smidi13: folds 
krombacher21: calls $0.17
*** FLOP *** [Jc 4h Jd]
krombacher21: checks 
Chaca273: checks 
*** TURN *** [Jc 4h Jd] [5h]
krombacher21: checks 
Chaca273: checks 
*** RIVER *** [Jc 4h Jd 5h] [Ah]
krombacher21: checks 
Chaca273: checks 
*** SHOW DOWN ***
krombacher21: shows [Qh 2h] (a flush, Ace high)
Chaca273: mucks hand 
krombacher21 collected $0.49 from pot
*** SUMMARY ***
Total pot $0.51 | Rake $0.02 
Board [Jc 4h Jd 5h Ah]
Seat 1: marcioadrs (button) folded before Flop (didn't bet)
Seat 2: HubertusB (small blind) folded before Flop
Seat 3: smidi13 (big blind) folded before Flop
Seat 4: krombacher21 showed [Qh 2h] and won ($0.49) with a flush, Ace high
Seat 5: MoòSh folded before Flop (didn't bet)
Seat 6: Chaca273 mucked [As 4s]



PokerStars Zoom Hand #186690157668:  Hold'em No Limit ($0.02/$0.05) - 2018/05/21 22:33:21 CCT [2018/05/21 10:33:21 ET]
Table 'Donati' 6-max Seat #1 is the button
Seat 1: kranovoy22 ($6.69 in chips) 
Seat 2: derak488 ($5 in chips) 
Seat 3: HubertusB ($5.79 in chips) 
Seat 4: cirus the vi ($5.62 in chips) 
Seat 5: Andrei.Sam07 ($5.09 in chips) 
Seat 6: Spudzoe ($6.18 in chips) 
derak488: posts small blind $0.02
HubertusB: posts big blind $0.05
*** HOLE CARDS ***
Dealt to HubertusB [4d Js]
cirus the vi: folds 
Andrei.Sam07: raises $0.05 to $0.10
Spudzoe: calls $0.10
kranovoy22: folds 
derak488: folds 
HubertusB: folds 
*** FLOP *** [7c 2h 7s]
Andrei.Sam07: bets $0.14
Spudzoe: calls $0.14
*** TURN *** [7c 2h 7s] [Qh]
Andrei.Sam07: checks 
Spudzoe: checks 
*** RIVER *** [7c 2h 7s Qh] [3c]
Andrei.Sam07: bets $0.17
Spudzoe: calls $0.17
*** SHOW DOWN ***
Andrei.Sam07: shows [8c 8d] (two pair, Eights and Sevens)
Spudzoe: shows [9d 9c] (two pair, Nines and Sevens)
Spudzoe collected $0.85 from pot
*** SUMMARY ***
Total pot $0.89 | Rake $0.04 
Board [7c 2h 7s Qh 3c]
Seat 1: kranovoy22 (button) folded before Flop (didn't bet)
Seat 2: derak488 (small blind) folded before Flop
Seat 3: HubertusB (big blind) folded before Flop
Seat 4: cirus the vi folded before Flop (didn't bet)
Seat 5: Andrei.Sam07 showed [8c 8d] and lost with two pair, Eights and Sevens
Seat 6: Spudzoe showed [9d 9c] and won ($0.85) with two pair, Nines and Sevens



PokerStars Zoom Hand #186690169176:  Hold'em No Limit ($0.02/$0.05) - 2018/05/21 22:33:43 CCT [2018/05/21 10:33:43 ET]
Table 'Donati' 6-max Seat #1 is the button
Seat 1: QuakieMan ($6.24 in chips) 
Seat 2: mesharkubait ($4.81 in chips) 
Seat 3: anika.niki ($6.79 in chips) 
Seat 4: HubertusB ($5.81 in chips) 
Seat 5: danielluizdl ($5.92 in chips) 
Seat 6: kukkertje ($6.63 in chips) 
mesharkubait: posts small blind $0.02
anika.niki: posts big blind $0.05
*** HOLE CARDS ***
Dealt to HubertusB [Ac 7c]
HubertusB: raises $0.05 to $0.10
danielluizdl: calls $0.10
kukkertje: folds 
QuakieMan: folds 
mesharkubait: calls $0.08
anika.niki: folds 
*** FLOP *** [Qd 9d Ks]
mesharkubait: checks 
HubertusB: checks 
danielluizdl: checks 
*** TURN *** [Qd 9d Ks] [3c]
mesharkubait: checks 
HubertusB: checks 
danielluizdl: bets $0.25
mesharkubait: folds 
HubertusB: folds 
Uncalled bet ($0.25) returned to danielluizdl
danielluizdl collected $0.34 from pot
danielluizdl: doesn't show hand 
*** SUMMARY ***
Total pot $0.35 | Rake $0.01 
Board [Qd 9d Ks 3c]
Seat 1: QuakieMan (button) folded before Flop (didn't bet)
Seat 2: mesharkubait (small blind) folded on the Turn
Seat 3: anika.niki (big blind) folded before Flop
Seat 4: HubertusB folded on the Turn
Seat 5: danielluizdl collected ($0.34)
Seat 6: kukkertje folded before Flop (didn't bet)



PokerStars Zoom Hand #186690190555:  Hold'em No Limit ($0.02/$0.05) - 2018/05/21 22:34:24 CCT [2018/05/21 10:34:24 ET]
Table 'Donati' 6-max Seat #1 is the button
Seat 1: JadesWrath ($9.16 in chips) 
Seat 2: HubertusB ($5.71 in chips) 
Seat 3: takeshie1971 ($4.65 in chips) 
Seat 4: JoelHunt007 ($5.18 in chips) 
Seat 5: titop_Vector ($5.92 in chips) 
Seat 6: GizaGliwic ($5.55 in chips) 
HubertusB: posts small blind $0.02
takeshie1971: posts big blind $0.05
*** HOLE CARDS ***
Dealt to HubertusB [Js Qd]
JoelHunt007: raises $0.10 to $0.15
titop_Vector: folds 
GizaGliwic: folds 
JadesWrath: folds 
HubertusB: folds 
takeshie1971: folds 
Uncalled bet ($0.10) returned to JoelHunt007
JoelHunt007 collected $0.12 from pot
JoelHunt007: doesn't show hand 
*** SUMMARY ***
Total pot $0.12 | Rake $0 
Seat 1: JadesWrath (button) folded before Flop (didn't bet)
Seat 2: HubertusB (small blind) folded before Flop
Seat 3: takeshie1971 (big blind) folded before Flop
Seat 4: JoelHunt007 collected ($0.12)
Seat 5: titop_Vector folded before Flop (didn't bet)
Seat 6: GizaGliwic folded before Flop (didn't bet)



PokerStars Zoom Hand #186690193284:  Hold'em No Limit ($0.02/$0.05) - 2018/05/21 22:34:29 CCT [2018/05/21 10:34:29 ET]
Table 'Donati' 6-max Seat #1 is the button
Seat 1: hotdavid ($6.89 in chips) 
Seat 2: Marian V. 31 ($5.26 in chips) 
Seat 3: Jenekkz ($5.61 in chips) 
Seat 4: marcioadrs ($15.19 in chips) 
Seat 5: HubertusB ($5.69 in chips) 
Seat 6: danielluizdl ($5.43 in chips) 
Marian V. 31: posts small blind $0.02
Jenekkz: posts big blind $0.05
*** HOLE CARDS ***
Dealt to HubertusB [9d Td]
marcioadrs: raises $0.10 to $0.15
HubertusB: calls $0.15
danielluizdl: folds 
hotdavid: folds 
Marian V. 31: folds 
Jenekkz: folds 
*** FLOP *** [Qc Ks Jc]
marcioadrs: checks 
HubertusB: bets $0.20
marcioadrs: folds 
Uncalled bet ($0.20) returned to HubertusB
HubertusB collected $0.35 from pot
HubertusB: doesn't show hand 
*** SUMMARY ***
Total pot $0.37 | Rake $0.02 
Board [Qc Ks Jc]
Seat 1: hotdavid (button) folded before Flop (didn't bet)
Seat 2: Marian V. 31 (small blind) folded before Flop
Seat 3: Jenekkz (big blind) folded before Flop
Seat 4: marcioadrs folded on the Flop
Seat 5: HubertusB collected ($0.35)
Seat 6: danielluizdl folded before Flop (didn't bet)



PokerStars Zoom Hand #186690206779:  Hold'em No Limit ($0.02/$0.05) - 2018/05/21 22:34:55 CCT [2018/05/21 10:34:55 ET]
Table 'Donati' 6-max Seat #1 is the button
Seat 1: joop119 ($5.45 in chips) 
Seat 2: horstborsto ($5 in chips) 
Seat 3: marcioadrs ($6.63 in chips) 
Seat 4: HubertusB ($5.89 in chips) 
Seat 5: PiNe4ppLe ($13.53 in chips) 
Seat 6: poshla_nazuy ($5.60 in chips) 
horstborsto: posts small blind $0.02
marcioadrs: posts big blind $0.05
*** HOLE CARDS ***
Dealt to HubertusB [7s 7d]
HubertusB: raises $0.05 to $0.10
PiNe4ppLe: folds 
poshla_nazuy: calls $0.10
joop119: folds 
horstborsto: folds 
marcioadrs: raises $0.36 to $0.46
HubertusB: folds 
poshla_nazuy: folds 
Uncalled bet ($0.36) returned to marcioadrs
marcioadrs collected $0.32 from pot
marcioadrs: doesn't show hand 
*** SUMMARY ***
Total pot $0.32 | Rake $0 
Seat 1: joop119 (button) folded before Flop (didn't bet)
Seat 2: horstborsto (small blind) folded before Flop
Seat 3: marcioadrs (big blind) collected ($0.32)
Seat 4: HubertusB folded before Flop
Seat 5: PiNe4ppLe folded before Flop (didn't bet)
Seat 6: poshla_nazuy folded before Flop



PokerStars Zoom Hand #186690222400:  Hold'em No Limit ($0.02/$0.05) - 2018/05/21 22:35:25 CCT [2018/05/21 10:35:25 ET]
Table 'Donati' 6-max Seat #1 is the button
Seat 1: chips010 ($7.77 in chips) 
Seat 2: noobatos ($9.84 in chips) 
Seat 3: HubertusB ($5.79 in chips) 
Seat 4: Draugsvoll ($5.09 in chips) 
Seat 5: juniscancer ($5.07 in chips) 
Seat 6: TheFibonachi ($4.43 in chips) 
noobatos: posts small blind $0.02
HubertusB: posts big blind $0.05
*** HOLE CARDS ***
Dealt to HubertusB [3d 9c]
Draugsvoll: raises $0.08 to $0.13
juniscancer: folds 
TheFibonachi: folds 
chips010: calls $0.13
noobatos: folds 
HubertusB: folds 
*** FLOP *** [Ts 8c 6h]
Draugsvoll: checks 
chips010: bets $0.32
Draugsvoll: folds 
Uncalled bet ($0.32) returned to chips010
chips010 collected $0.32 from pot
chips010: doesn't show hand 
*** SUMMARY ***
Total pot $0.33 | Rake $0.01 
Board [Ts 8c 6h]
Seat 1: chips010 (button) collected ($0.32)
Seat 2: noobatos (small blind) folded before Flop
Seat 3: HubertusB (big blind) folded before Flop
Seat 4: Draugsvoll folded on the Flop
Seat 5: juniscancer folded before Flop (didn't bet)
Seat 6: TheFibonachi folded before Flop (didn't bet)



PokerStars Zoom Hand #186690228152:  Hold'em No Limit ($0.02/$0.05) - 2018/05/21 22:35:36 CCT [2018/05/21 10:35:36 ET]
Table 'Donati' 6-max Seat #1 is the button
Seat 1: jamez_rjcv ($8.36 in chips) 
Seat 2: dvernik ($7.78 in chips) 
Seat 3: cirus the vi ($5.55 in chips) 
Seat 4: MarkusFu ($8.20 in chips) 
Seat 5: vitaha00007 ($5.25 in chips) 
Seat 6: HubertusB ($5.74 in chips) 
dvernik: posts small blind $0.02
cirus the vi: posts big blind $0.05
*** HOLE CARDS ***
Dealt to HubertusB [4d 3s]
MarkusFu: folds 
vitaha00007: folds 
HubertusB: folds 
jamez_rjcv: folds 
dvernik: folds 
Uncalled bet ($0.03) returned to cirus the vi
cirus the vi collected $0.04 from pot
cirus the vi: doesn't show hand 
*** SUMMARY ***
Total pot $0.04 | Rake $0 
Seat 1: jamez_rjcv (button) folded before Flop (didn't bet)
Seat 2: dvernik (small blind) folded before Flop
Seat 3: cirus the vi (big blind) collected ($0.04)
Seat 4: MarkusFu folded before Flop (didn't bet)
Seat 5: vitaha00007 folded before Flop (didn't bet)
Seat 6: HubertusB folded before Flop (didn't bet)



PokerStars Zoom Hand #186690234952:  Hold'em No Limit ($0.02/$0.05) - 2018/05/21 22:35:49 CCT [2018/05/21 10:35:49 ET]
Table 'Donati' 6-max Seat #1 is the button
Seat 1: dvernik ($5 in chips) 
Seat 2: shogi17 ($6.34 in chips) 
Seat 3: s0chi161090 ($2.68 in chips) 
Seat 4: 310708 ($6.02 in chips) 
Seat 5: HubertusB ($5.74 in chips) 
Seat 6: Lacky_DNK ($3.40 in chips) 
shogi17: posts small blind $0.02
s0chi161090: posts big blind $0.05
*** HOLE CARDS ***
Dealt to HubertusB [7c 4s]
310708: folds 
HubertusB: folds 
Lacky_DNK: folds 
dvernik: raises $0.10 to $0.15
shogi17: folds 
s0chi161090: folds 
Uncalled bet ($0.10) returned to dvernik
dvernik collected $0.12 from pot
dvernik: doesn't show hand 
*** SUMMARY ***
Total pot $0.12 | Rake $0 
Seat 1: dvernik (button) collected ($0.12)
Seat 2: shogi17 (small blind) folded before Flop
Seat 3: s0chi161090 (big blind) folded before Flop
Seat 4: 310708 folded before Flop (didn't bet)
Seat 5: HubertusB folded before Flop (didn't bet)
Seat 6: Lacky_DNK folded before Flop (didn't bet)



PokerStars Zoom Hand #186690238601:  Hold'em No Limit ($0.02/$0.05) - 2018/05/21 22:35:56 CCT [2018/05/21 10:35:56 ET]
Table 'Donati' 6-max Seat #1 is the button
Seat 1: JadesWrath ($6.31 in chips) 
Seat 2: HubertusB ($5.74 in chips) 
Seat 3: falcao991 ($5.71 in chips) 
Seat 4: Hox4 ($2.21 in chips) 
Seat 5: talibos232 ($5.51 in chips) 
Seat 6: HALIK2 ($5 in chips) 
HubertusB: posts small blind $0.02
falcao991: posts big blind $0.05
*** HOLE CARDS ***
Dealt to HubertusB [Tc 5c]
Hox4: folds 
talibos232: folds 
HALIK2: raises $0.12 to $0.17
JadesWrath: folds 
HubertusB: folds 
falcao991: folds 
Uncalled bet ($0.12) returned to HALIK2
HALIK2 collected $0.12 from pot
HALIK2: doesn't show hand 
*** SUMMARY ***
Total pot $0.12 | Rake $0 
Seat 1: JadesWrath (button) folded before Flop (didn't bet)
Seat 2: HubertusB (small blind) folded before Flop
Seat 3: falcao991 (big blind) folded before Flop
Seat 4: Hox4 folded before Flop (didn't bet)
Seat 5: talibos232 folded before Flop (didn't bet)
Seat 6: HALIK2 collected ($0.12)



PokerStars Zoom Hand #186690225507:  Hold'em No Limit ($0.02/$0.05) - 2018/05/21 22:35:31 CCT [2018/05/21 10:35:31 ET]
Table 'Donati' 6-max Seat #1 is the button
Seat 1: HubertusB ($5.74 in chips) 
Seat 2: Demon9090 ($5.86 in chips) 
Seat 3: TheFibonachi ($4.98 in chips) 
Seat 4: Tony GG1 ($4.76 in chips) 
Seat 5: arti192837 ($10.76 in chips) 
Seat 6: Bot1729 ($13.67 in chips) 
Demon9090: posts small blind $0.02
TheFibonachi: posts big blind $0.05
*** HOLE CARDS ***
Dealt to HubertusB [2s Ah]
Tony GG1: folds 
arti192837: raises $0.07 to $0.12
Bot1729: folds 
HubertusB: folds 
Demon9090: calls $0.10
TheFibonachi: folds 
*** FLOP *** [Qh Kc 6c]
Demon9090: checks 
arti192837: checks 
*** TURN *** [Qh Kc 6c] [5c]
Demon9090: bets $0.28
arti192837: folds 
Uncalled bet ($0.28) returned to Demon9090
Demon9090 collected $0.28 from pot
Demon9090: doesn't show hand 
*** SUMMARY ***
Total pot $0.29 | Rake $0.01 
Board [Qh Kc 6c 5c]
Seat 1: HubertusB (button) folded before Flop (didn't bet)
Seat 2: Demon9090 (small blind) collected ($0.28)
Seat 3: TheFibonachi (big blind) folded before Flop
Seat 4: Tony GG1 folded before Flop (didn't bet)
Seat 5: arti192837 folded on the Turn
Seat 6: Bot1729 folded before Flop (didn't bet)



PokerStars Zoom Hand #186690246020:  Hold'em No Limit ($0.02/$0.05) - 2018/05/21 22:36:10 CCT [2018/05/21 10:36:10 ET]
Table 'Donati' 6-max Seat #1 is the button
Seat 1: Ente1512 ($4.58 in chips) 
Seat 2: smoot21 ($9.58 in chips) 
Seat 3: HubertusB ($5.72 in chips) 
Seat 4: Banks202 ($6.70 in chips) 
Seat 5: born8sleepy ($5.05 in chips) 
Seat 6: Slavon122 ($6.25 in chips) 
smoot21: posts small blind $0.02
HubertusB: posts big blind $0.05
*** HOLE CARDS ***
Dealt to HubertusB [9s 8c]
Banks202: folds 
born8sleepy: folds 
Slavon122: folds 
Ente1512: raises $0.06 to $0.11
smoot21: folds 
HubertusB: folds 
Uncalled bet ($0.06) returned to Ente1512
Ente1512 collected $0.12 from pot
Ente1512: doesn't show hand 
*** SUMMARY ***
Total pot $0.12 | Rake $0 
Seat 1: Ente1512 (button) collected ($0.12)
Seat 2: smoot21 (small blind) folded before Flop
Seat 3: HubertusB (big blind) folded before Flop
Seat 4: Banks202 folded before Flop (didn't bet)
Seat 5: born8sleepy folded before Flop (didn't bet)
Seat 6: Slavon122 folded before Flop (didn't bet)



PokerStars Zoom Hand #186690252846:  Hold'em No Limit ($0.02/$0.05) - 2018/05/21 22:36:23 CCT [2018/05/21 10:36:23 ET]
Table 'Donati' 6-max Seat #1 is the button
Seat 1: HubertusB ($5.67 in chips) 
Seat 2: poshla_nazuy ($6.54 in chips) 
Seat 3: barbos2009 ($6.94 in chips) 
Seat 4: Divine Matt ($5.07 in chips) 
Seat 5: Lacky_DNK ($3.35 in chips) 
Seat 6: slob43.ru ($5.50 in chips) 
poshla_nazuy: posts small blind $0.02
barbos2009: posts big blind $0.05
*** HOLE CARDS ***
Dealt to HubertusB [Ah Qc]
Divine Matt: folds 
Lacky_DNK: raises $0.10 to $0.15
slob43.ru: folds 
HubertusB: raises $0.30 to $0.45
poshla_nazuy: folds 
barbos2009: folds 
Lacky_DNK: folds 
Uncalled bet ($0.30) returned to HubertusB
HubertusB collected $0.37 from pot
HubertusB: doesn't show hand 
*** SUMMARY ***
Total pot $0.37 | Rake $0 
Seat 1: HubertusB (button) collected ($0.37)
Seat 2: poshla_nazuy (small blind) folded before Flop
Seat 3: barbos2009 (big blind) folded before Flop
Seat 4: Divine Matt folded before Flop (didn't bet)
Seat 5: Lacky_DNK folded before Flop
Seat 6: slob43.ru folded before Flop (didn't bet)



PokerStars Zoom Hand #186690262195:  Hold'em No Limit ($0.02/$0.05) - 2018/05/21 22:36:41 CCT [2018/05/21 10:36:41 ET]
Table 'Donati' 6-max Seat #1 is the button
Seat 1: Anikin44 ($5.56 in chips) 
Seat 2: Toxa 565300 ($4 in chips) 
Seat 3: Kot88888888 ($4.09 in chips) 
Seat 4: djpaulinho_p ($5 in chips) 
Seat 5: larser52 ($2.52 in chips) 
Seat 6: HubertusB ($5.89 in chips) 
Toxa 565300: posts small blind $0.02
Kot88888888: posts big blind $0.05
*** HOLE CARDS ***
Dealt to HubertusB [Ah Tc]
djpaulinho_p: folds 
larser52: raises $0.10 to $0.15
HubertusB: calls $0.15
Anikin44: folds 
Toxa 565300: calls $0.13
Kot88888888: folds 
*** FLOP *** [2d Jd Jh]
Toxa 565300: checks 
larser52: bets $0.36
HubertusB: folds 
Toxa 565300: folds 
Uncalled bet ($0.36) returned to larser52
larser52 collected $0.48 from pot
larser52: doesn't show hand 
*** SUMMARY ***
Total pot $0.50 | Rake $0.02 
Board [2d Jd Jh]
Seat 1: Anikin44 (button) folded before Flop (didn't bet)
Seat 2: Toxa 565300 (small blind) folded on the Flop
Seat 3: Kot88888888 (big blind) folded before Flop
Seat 4: djpaulinho_p folded before Flop (didn't bet)
Seat 5: larser52 collected ($0.48)
Seat 6: HubertusB folded on the Flop



PokerStars Zoom Hand #186690276833:  Hold'em No Limit ($0.02/$0.05) - 2018/05/21 22:37:09 CCT [2018/05/21 10:37:09 ET]
Table 'Donati' 6-max Seat #1 is the button
Seat 1: crmcof ($8.99 in chips) 
Seat 2: qk rodriguez ($9.33 in chips) 
Seat 3: Katalysator8 ($6.59 in chips) 
Seat 4: HubertusB ($5.74 in chips) 
Seat 5: Theodore.t89 ($17.40 in chips) 
Seat 6: Brrocco ($3.61 in chips) 
qk rodriguez: posts small blind $0.02
Katalysator8: posts big blind $0.05
*** HOLE CARDS ***
Dealt to HubertusB [8c 4c]
HubertusB: folds 
Theodore.t89: folds 
Brrocco: folds 
crmcof: folds 
qk rodriguez: folds 
Uncalled bet ($0.03) returned to Katalysator8
Katalysator8 collected $0.04 from pot
Katalysator8: doesn't show hand 
*** SUMMARY ***
Total pot $0.04 | Rake $0 
Seat 1: crmcof (button) folded before Flop (didn't bet)
Seat 2: qk rodriguez (small blind) folded before Flop
Seat 3: Katalysator8 (big blind) collected ($0.04)
Seat 4: HubertusB folded before Flop (didn't bet)
Seat 5: Theodore.t89 folded before Flop (didn't bet)
Seat 6: Brrocco folded before Flop (didn't bet)



PokerStars Zoom Hand #186690284248:  Hold'em No Limit ($0.02/$0.05) - 2018/05/21 22:37:23 CCT [2018/05/21 10:37:23 ET]
Table 'Donati' 6-max Seat #1 is the button
Seat 1: Lago Madjore ($6.35 in chips) 
Seat 2: HubertusB ($5.74 in chips) 
Seat 3: anarxist29 ($5.58 in chips) 
Seat 4: Demon9090 ($9.01 in chips) 
Seat 5: derak488 ($5 in chips) 
Seat 6: ProjetRed ($7.98 in chips) 
HubertusB: posts small blind $0.02
anarxist29: posts big blind $0.05
*** HOLE CARDS ***
Dealt to HubertusB [3h Jh]
Demon9090: raises $0.12 to $0.17
derak488: folds 
ProjetRed: folds 
Lago Madjore: folds 
HubertusB: folds 
anarxist29: folds 
Uncalled bet ($0.12) returned to Demon9090
Demon9090 collected $0.12 from pot
Demon9090: doesn't show hand 
*** SUMMARY ***
Total pot $0.12 | Rake $0 
Seat 1: Lago Madjore (button) folded before Flop (didn't bet)
Seat 2: HubertusB (small blind) folded before Flop
Seat 3: anarxist29 (big blind) folded before Flop
Seat 4: Demon9090 collected ($0.12)
Seat 5: derak488 folded before Flop (didn't bet)
Seat 6: ProjetRed folded before Flop (didn't bet)



PokerStars Zoom Hand #186690286824:  Hold'em No Limit ($0.02/$0.05) - 2018/05/21 22:37:28 CCT [2018/05/21 10:37:28 ET]
Table 'Donati' 6-max Seat #1 is the button
Seat 1: RebleStripe ($10.16 in chips) 
Seat 2: belmain.by ($5 in chips) 
Seat 3: krombacher21 ($2.72 in chips) 
Seat 4: spage95 ($7.47 in chips) 
Seat 5: Colinzzy ($4.31 in chips) 
Seat 6: HubertusB ($5.72 in chips) 
belmain.by: posts small blind $0.02
krombacher21: posts big blind $0.05
*** HOLE CARDS ***
Dealt to HubertusB [Kd 5c]
spage95: folds 
Colinzzy: folds 
HubertusB: folds 
RebleStripe: folds 
belmain.by: folds 
Uncalled bet ($0.03) returned to krombacher21
krombacher21 collected $0.04 from pot
krombacher21: doesn't show hand 
*** SUMMARY ***
Total pot $0.04 | Rake $0 
Seat 1: RebleStripe (button) folded before Flop (didn't bet)
Seat 2: belmain.by (small blind) folded before Flop
Seat 3: krombacher21 (big blind) collected ($0.04)
Seat 4: spage95 folded before Flop (didn't bet)
Seat 5: Colinzzy folded before Flop (didn't bet)
Seat 6: HubertusB folded before Flop (didn't bet)



PokerStars Zoom Hand #186690295287:  Hold'em No Limit ($0.02/$0.05) - 2018/05/21 22:37:44 CCT [2018/05/21 10:37:44 ET]
Table 'Donati' 6-max Seat #1 is the button
Seat 1: Banks202 ($5 in chips) 
Seat 2: QuadsOff ($6.25 in chips) 
Seat 3: metalblack ($6.52 in chips) 
Seat 4: Dokerokk23 ($12.83 in chips) 
Seat 5: HubertusB ($5.67 in chips) 
Seat 6: Jenekkz ($6.47 in chips) 
QuadsOff: posts small blind $0.02
metalblack: posts big blind $0.05
*** HOLE CARDS ***
Dealt to HubertusB [6h 2h]
Dokerokk23: folds 
HubertusB: folds 
Jenekkz: folds 
Banks202: raises $0.07 to $0.12
QuadsOff: folds 
metalblack: calls $0.07
*** FLOP *** [7s 3d 9h]
metalblack: checks 
Banks202: bets $0.13
metalblack: folds 
Uncalled bet ($0.13) returned to Banks202
Banks202 collected $0.25 from pot
Banks202: doesn't show hand 
*** SUMMARY ***
Total pot $0.26 | Rake $0.01 
Board [7s 3d 9h]
Seat 1: Banks202 (button) collected ($0.25)
Seat 2: QuadsOff (small blind) folded before Flop
Seat 3: metalblack (big blind) folded on the Flop
Seat 4: Dokerokk23 folded before Flop (didn't bet)
Seat 5: HubertusB folded before Flop (didn't bet)
Seat 6: Jenekkz folded before Flop (didn't bet)



PokerStars Zoom Hand #186690297974:  Hold'em No Limit ($0.02/$0.05) - 2018/05/21 22:37:49 CCT [2018/05/21 10:37:49 ET]
Table 'Donati' 6-max Seat #1 is the button
Seat 1: deltanueve ($5.08 in chips) 
Seat 2: slob43.ru ($5.59 in chips) 
Seat 3: GizaGliwic ($6.48 in chips) 
Seat 4: Tupoun007 ($2.81 in chips) 
Seat 5: HubertusB ($5.67 in chips) 
Seat 6: Demyosaur ($5 in chips) 
slob43.ru: posts small blind $0.02
GizaGliwic: posts big blind $0.05
*** HOLE CARDS ***
Dealt to HubertusB [9s 4d]
Tupoun007: raises $0.10 to $0.15
HubertusB: folds 
Demyosaur: folds 
deltanueve: folds 
slob43.ru: folds 
GizaGliwic: raises $0.35 to $0.50
Tupoun007: folds 
Uncalled bet ($0.35) returned to GizaGliwic
GizaGliwic collected $0.32 from pot
GizaGliwic: doesn't show hand 
*** SUMMARY ***
Total pot $0.32 | Rake $0 
Seat 1: deltanueve (button) folded before Flop (didn't bet)
Seat 2: slob43.ru (small blind) folded before Flop
Seat 3: GizaGliwic (big blind) collected ($0.32)
Seat 4: Tupoun007 folded before Flop
Seat 5: HubertusB folded before Flop (didn't bet)
Seat 6: Demyosaur folded before Flop (didn't bet)



PokerStars Zoom Hand #186690290022:  Hold'em No Limit ($0.02/$0.05) - 2018/05/21 22:37:34 CCT [2018/05/21 10:37:34 ET]
Table 'Donati' 6-max Seat #1 is the button
Seat 1: Zatoch ($7.10 in chips) 
Seat 2: judith.f ($15.86 in chips) 
Seat 3: HubertusB ($5.72 in chips) 
Seat 4: JNeoh ($10.55 in chips) 
Seat 5: Banks202 ($6.58 in chips) 
Seat 6: ssak07 ($5.78 in chips) 
judith.f: posts small blind $0.02
HubertusB: posts big blind $0.05
*** HOLE CARDS ***
Dealt to HubertusB [Qs 9d]
JNeoh: raises $0.10 to $0.15
Banks202: folds 
ssak07: folds 
Zatoch: folds 
judith.f: calls $0.13
HubertusB: folds 
*** FLOP *** [Js 5d 6c]
judith.f: checks 
JNeoh: checks 
*** TURN *** [Js 5d 6c] [6d]
judith.f: checks 
JNeoh: checks 
*** RIVER *** [Js 5d 6c 6d] [2h]
judith.f: checks 
JNeoh: checks 
*** SHOW DOWN ***
judith.f: shows [9h 8h] (a pair of Sixes)
JNeoh: shows [Kh Qc] (a pair of Sixes - King kicker)
JNeoh collected $0.34 from pot
*** SUMMARY ***
Total pot $0.35 | Rake $0.01 
Board [Js 5d 6c 6d 2h]
Seat 1: Zatoch (button) folded before Flop (didn't bet)
Seat 2: judith.f (small blind) showed [9h 8h] and lost with a pair of Sixes
Seat 3: HubertusB (big blind) folded before Flop
Seat 4: JNeoh showed [Kh Qc] and won ($0.34) with a pair of Sixes
Seat 5: Banks202 folded before Flop (didn't bet)
Seat 6: ssak07 folded before Flop (didn't bet)



PokerStars Zoom Hand #186690292631:  Hold'em No Limit ($0.02/$0.05) - 2018/05/21 22:37:39 CCT [2018/05/21 10:37:39 ET]
Table 'Donati' 6-max Seat #1 is the button
Seat 1: HubertusB ($5.67 in chips) 
Seat 2: H.-Dietrich ($10.10 in chips) 
Seat 3: Jlavigne506 ($6.20 in chips) 
Seat 4: Draugsvoll ($5 in chips) 
Seat 5: JoelHunt007 ($5 in chips) 
Seat 6: Xodrobalubas ($5.70 in chips) 
H.-Dietrich: posts small blind $0.02
Jlavigne506: posts big blind $0.05
*** HOLE CARDS ***
Dealt to HubertusB [2d Ah]
Draugsvoll: folds 
JoelHunt007: folds 
Xodrobalubas: folds 
HubertusB: folds 
H.-Dietrich: raises $0.10 to $0.15
Jlavigne506: calls $0.10
*** FLOP *** [6s 2h 8c]
H.-Dietrich: checks 
Jlavigne506: checks 
*** TURN *** [6s 2h 8c] [Js]
H.-Dietrich: checks 
Jlavigne506: checks 
*** RIVER *** [6s 2h 8c Js] [Qc]
H.-Dietrich: checks 
Jlavigne506: bets $0.15
H.-Dietrich: calls $0.15
*** SHOW DOWN ***
Jlavigne506: shows [Th Qd] (a pair of Queens)
H.-Dietrich: mucks hand 
Jlavigne506 collected $0.58 from pot
*** SUMMARY ***
Total pot $0.60 | Rake $0.02 
Board [6s 2h 8c Js Qc]
Seat 1: HubertusB (button) folded before Flop (didn't bet)
Seat 2: H.-Dietrich (small blind) mucked [Qh 4h]
Seat 3: Jlavigne506 (big blind) showed [Th Qd] and won ($0.58) with a pair of Queens
Seat 4: Draugsvoll folded before Flop (didn't bet)
Seat 5: JoelHunt007 folded before Flop (didn't bet)
Seat 6: Xodrobalubas folded before Flop (didn't bet)



PokerStars Zoom Hand #186690301051:  Hold'em No Limit ($0.02/$0.05) - 2018/05/21 22:37:55 CCT [2018/05/21 10:37:55 ET]
Table 'Donati' 6-max Seat #1 is the button
Seat 1: HajluM ($5.68 in chips) 
Seat 2: HubertusB ($5.67 in chips) 
Seat 3: Norvek2018 ($5 in chips) 
Seat 4: s0chi161090 ($3.48 in chips) 
Seat 5: emalfa ($7.40 in chips) 
Seat 6: Estevancvel ($5 in chips) 
HubertusB: posts small blind $0.02
Norvek2018: posts big blind $0.05
*** HOLE CARDS ***
Dealt to HubertusB [5c 9h]
s0chi161090: folds 
emalfa: folds 
Estevancvel: raises $0.10 to $0.15
HajluM: raises $0.37 to $0.52
HubertusB: folds 
Norvek2018: folds 
Estevancvel: folds 
Uncalled bet ($0.37) returned to HajluM
HajluM collected $0.37 from pot
HajluM: doesn't show hand 
*** SUMMARY ***
Total pot $0.37 | Rake $0 
Seat 1: HajluM (button) collected ($0.37)
Seat 2: HubertusB (small blind) folded before Flop
Seat 3: Norvek2018 (big blind) folded before Flop
Seat 4: s0chi161090 folded before Flop (didn't bet)
Seat 5: emalfa folded before Flop (didn't bet)
Seat 6: Estevancvel folded before Flop



PokerStars Zoom Hand #186690304192:  Hold'em No Limit ($0.02/$0.05) - 2018/05/21 22:38:01 CCT [2018/05/21 10:38:01 ET]
Table 'Donati' 6-max Seat #1 is the button
Seat 1: Closex ($7.08 in chips) 
Seat 2: Jidowskoy ($6.48 in chips) 
Seat 3: Erdnisrep ($25.36 in chips) 
Seat 4: nikki31857 ($5.81 in chips) 
Seat 5: Andrei.Sam07 ($7.29 in chips) 
Seat 6: HubertusB ($5.65 in chips) 
Jidowskoy: posts small blind $0.02
Erdnisrep: posts big blind $0.05
*** HOLE CARDS ***
Dealt to HubertusB [Jd 9c]
nikki31857 has timed out
nikki31857: folds 
Andrei.Sam07: folds 
HubertusB: folds 
Closex: folds 
Jidowskoy: folds 
Uncalled bet ($0.03) returned to Erdnisrep
Erdnisrep collected $0.04 from pot
Erdnisrep: doesn't show hand 
*** SUMMARY ***
Total pot $0.04 | Rake $0 
Seat 1: Closex (button) folded before Flop (didn't bet)
Seat 2: Jidowskoy (small blind) folded before Flop
Seat 3: Erdnisrep (big blind) collected ($0.04)
Seat 4: nikki31857 folded before Flop (didn't bet)
Seat 5: Andrei.Sam07 folded before Flop (didn't bet)
Seat 6: HubertusB folded before Flop (didn't bet)



PokerStars Zoom Hand #186690306864:  Hold'em No Limit ($0.02/$0.05) - 2018/05/21 22:38:06 CCT [2018/05/21 10:38:06 ET]
Table 'Donati' 6-max Seat #1 is the button
Seat 1: Xodrobalubas ($5.65 in chips) 
Seat 2: derak488 ($5 in chips) 
Seat 3: HubertusB ($5.65 in chips) 
Seat 4: JadesWrath ($8.22 in chips) 
Seat 5: vmvmihail ($5 in chips) 
Seat 6: st_john888 ($7.88 in chips) 
derak488: posts small blind $0.02
HubertusB: posts big blind $0.05
*** HOLE CARDS ***
Dealt to HubertusB [As Qd]
JadesWrath: folds 
vmvmihail: folds 
st_john888: raises $0.05 to $0.10
Xodrobalubas: raises $0.20 to $0.30
derak488: folds 
HubertusB: raises $0.75 to $1.05
st_john888: folds 
Xodrobalubas: folds 
Uncalled bet ($0.75) returned to HubertusB
HubertusB collected $0.72 from pot
HubertusB: doesn't show hand 
*** SUMMARY ***
Total pot $0.72 | Rake $0 
Seat 1: Xodrobalubas (button) folded before Flop
Seat 2: derak488 (small blind) folded before Flop
Seat 3: HubertusB (big blind) collected ($0.72)
Seat 4: JadesWrath folded before Flop (didn't bet)
Seat 5: vmvmihail folded before Flop (didn't bet)
Seat 6: st_john888 folded before Flop



PokerStars Zoom Hand #186690324253:  Hold'em No Limit ($0.02/$0.05) - 2018/05/21 22:38:39 CCT [2018/05/21 10:38:39 ET]
Table 'Donati' 6-max Seat #1 is the button
Seat 1: HubertusB ($6.07 in chips) 
Seat 2: qk rodriguez ($5.01 in chips) 
Seat 3: marinesko1984 ($5 in chips) 
Seat 4: maxplanken ($7.73 in chips) 
Seat 5: TheLuckyDuck13 ($5.16 in chips) 
Seat 6: metalblack ($5.14 in chips) 
qk rodriguez: posts small blind $0.02
marinesko1984: posts big blind $0.05
*** HOLE CARDS ***
Dealt to HubertusB [2c Ts]
maxplanken: folds 
TheLuckyDuck13: folds 
metalblack: folds 
HubertusB: folds 
qk rodriguez: folds 
Uncalled bet ($0.03) returned to marinesko1984
marinesko1984 collected $0.04 from pot
marinesko1984: doesn't show hand 
*** SUMMARY ***
Total pot $0.04 | Rake $0 
Seat 1: HubertusB (button) folded before Flop (didn't bet)
Seat 2: qk rodriguez (small blind) folded before Flop
Seat 3: marinesko1984 (big blind) collected ($0.04)
Seat 4: maxplanken folded before Flop (didn't bet)
Seat 5: TheLuckyDuck13 folded before Flop (didn't bet)
Seat 6: metalblack folded before Flop (didn't bet)



PokerStars Zoom Hand #186690327454:  Hold'em No Limit ($0.02/$0.05) - 2018/05/21 22:38:45 CCT [2018/05/21 10:38:45 ET]
Table 'Donati' 6-max Seat #1 is the button
Seat 1: Demon9090 ($6.11 in chips) 
Seat 2: LingPro ($5.63 in chips) 
Seat 3: krisztina941 ($2.47 in chips) 
Seat 4: HubertusB ($6.07 in chips) 
Seat 5: maxplanken ($10.80 in chips) 
Seat 6: deltanueve ($5.69 in chips) 
LingPro: posts small blind $0.02
krisztina941: posts big blind $0.05
*** HOLE CARDS ***
Dealt to HubertusB [7d Ks]
HubertusB: folds 
maxplanken: folds 
deltanueve: folds 
Demon9090: folds 
LingPro: raises $0.05 to $0.10
krisztina941: calls $0.05
*** FLOP *** [7c Jh 8h]
LingPro: bets $0.10
krisztina941: calls $0.10
*** TURN *** [7c Jh 8h] [2d]
LingPro: bets $0.29
krisztina941: folds 
Uncalled bet ($0.29) returned to LingPro
LingPro collected $0.38 from pot
LingPro: doesn't show hand 
*** SUMMARY ***
Total pot $0.40 | Rake $0.02 
Board [7c Jh 8h 2d]
Seat 1: Demon9090 (button) folded before Flop (didn't bet)
Seat 2: LingPro (small blind) collected ($0.38)
Seat 3: krisztina941 (big blind) folded on the Turn
Seat 4: HubertusB folded before Flop (didn't bet)
Seat 5: maxplanken folded before Flop (didn't bet)
Seat 6: deltanueve folded before Flop (didn't bet)



PokerStars Zoom Hand #186690342655:  Hold'em No Limit ($0.02/$0.05) - 2018/05/21 22:39:14 CCT [2018/05/21 10:39:14 ET]
Table 'Donati' 6-max Seat #1 is the button
Seat 1: whitewhisper ($19.22 in chips) 
Seat 2: alexandro156 ($5 in chips) 
Seat 3: HubertusB ($6.05 in chips) 
Seat 4: Lacky_DNK ($5.39 in chips) 
Seat 5: DirtyDeedz1 ($11.56 in chips) 
Seat 6: pashqadk ($5.46 in chips) 
alexandro156: posts small blind $0.02
HubertusB: posts big blind $0.05
*** HOLE CARDS ***
Dealt to HubertusB [5c 9h]
Lacky_DNK: folds 
DirtyDeedz1: folds 
pashqadk: folds 
whitewhisper: folds 
alexandro156: folds 
Uncalled bet ($0.03) returned to HubertusB
HubertusB collected $0.04 from pot
HubertusB: doesn't show hand 
*** SUMMARY ***
Total pot $0.04 | Rake $0 
Seat 1: whitewhisper (button) folded before Flop (didn't bet)
Seat 2: alexandro156 (small blind) folded before Flop
Seat 3: HubertusB (big blind) collected ($0.04)
Seat 4: Lacky_DNK folded before Flop (didn't bet)
Seat 5: DirtyDeedz1 folded before Flop (didn't bet)
Seat 6: pashqadk folded before Flop (didn't bet)



PokerStars Zoom Hand #186690350708:  Hold'em No Limit ($0.02/$0.05) - 2018/05/21 22:39:29 CCT [2018/05/21 10:39:29 ET]
Table 'Donati' 6-max Seat #1 is the button
Seat 1: tim.y.ng ($4.77 in chips) 
Seat 2: Katalysator8 ($5 in chips) 
Seat 3: joop119 ($5.24 in chips) 
Seat 4: MD'forik' ($2.22 in chips) 
Seat 5: HubertusB ($6.07 in chips) 
Seat 6: PiNe4ppLe ($6.36 in chips) 
Katalysator8: posts small blind $0.02
joop119: posts big blind $0.05
*** HOLE CARDS ***
Dealt to HubertusB [9h 2c]
MD'forik': raises $0.10 to $0.15
HubertusB: folds 
PiNe4ppLe: folds 
tim.y.ng: folds 
Katalysator8: folds 
joop119: folds 
Uncalled bet ($0.10) returned to MD'forik'
MD'forik' collected $0.12 from pot
MD'forik': doesn't show hand 
*** SUMMARY ***
Total pot $0.12 | Rake $0 
Seat 1: tim.y.ng (button) folded before Flop (didn't bet)
Seat 2: Katalysator8 (small blind) folded before Flop
Seat 3: joop119 (big blind) folded before Flop
Seat 4: MD'forik' collected ($0.12)
Seat 5: HubertusB folded before Flop (didn't bet)
Seat 6: PiNe4ppLe folded before Flop (didn't bet)



PokerStars Zoom Hand #186690348086:  Hold'em No Limit ($0.02/$0.05) - 2018/05/21 22:39:24 CCT [2018/05/21 10:39:24 ET]
Table 'Donati' 6-max Seat #1 is the button
Seat 1: Killer0127 ($5.05 in chips) 
Seat 2: veprinskiy ($3.59 in chips) 
Seat 3: QuadsOff ($5.20 in chips) 
Seat 4: pashqadk ($5.46 in chips) 
Seat 5: arti192837 ($20.31 in chips) 
Seat 6: HubertusB ($6.07 in chips) 
veprinskiy: posts small blind $0.02
QuadsOff: posts big blind $0.05
*** HOLE CARDS ***
Dealt to HubertusB [Jc 2s]
pashqadk: raises $0.10 to $0.15
arti192837: folds 
HubertusB: folds 
Killer0127: folds 
veprinskiy: folds 
QuadsOff: raises $0.32 to $0.47
pashqadk: calls $0.32
*** FLOP *** [7s 8h 2d]
QuadsOff: bets $0.45
pashqadk: folds 
Uncalled bet ($0.45) returned to QuadsOff
QuadsOff collected $0.92 from pot
QuadsOff: doesn't show hand 
*** SUMMARY ***
Total pot $0.96 | Rake $0.04 
Board [7s 8h 2d]
Seat 1: Killer0127 (button) folded before Flop (didn't bet)
Seat 2: veprinskiy (small blind) folded before Flop
Seat 3: QuadsOff (big blind) collected ($0.92)
Seat 4: pashqadk folded on the Flop
Seat 5: arti192837 folded before Flop (didn't bet)
Seat 6: HubertusB folded before Flop (didn't bet)



PokerStars Zoom Hand #186690338466:  Hold'em No Limit ($0.02/$0.05) - 2018/05/21 22:39:06 CCT [2018/05/21 10:39:06 ET]
Table 'Donati' 6-max Seat #1 is the button
Seat 1: HubertusB ($6.05 in chips) 
Seat 2: slob43.ru ($4.93 in chips) 
Seat 3: Jinxers ($8.65 in chips) 
Seat 4: LingPro ($4.29 in chips) 
Seat 5: nonrev78 ($13.13 in chips) 
Seat 6: JoelHunt007 ($5 in chips) 
slob43.ru: posts small blind $0.02
Jinxers: posts big blind $0.05
*** HOLE CARDS ***
Dealt to HubertusB [Js 2h]
LingPro: folds 
nonrev78: folds 
JoelHunt007: folds 
HubertusB: folds 
slob43.ru: raises $0.10 to $0.15
Jinxers: raises $0.40 to $0.55
slob43.ru: calls $0.40
*** FLOP *** [8d 6c 7h]
slob43.ru: checks 
Jinxers: checks 
*** TURN *** [8d 6c 7h] [7d]
slob43.ru: bets $0.65
Jinxers: calls $0.65
*** RIVER *** [8d 6c 7h 7d] [4h]
slob43.ru: checks 
Jinxers: checks 
*** SHOW DOWN ***
slob43.ru: shows [Qs Qc] (two pair, Queens and Sevens)
Jinxers: mucks hand 
slob43.ru collected $2.30 from pot
*** SUMMARY ***
Total pot $2.40 | Rake $0.10 
Board [8d 6c 7h 7d 4h]
Seat 1: HubertusB (button) folded before Flop (didn't bet)
Seat 2: slob43.ru (small blind) showed [Qs Qc] and won ($2.30) with two pair, Queens and Sevens
Seat 3: Jinxers (big blind) mucked [Qd Ad]
Seat 4: LingPro folded before Flop (didn't bet)
Seat 5: nonrev78 folded before Flop (didn't bet)
Seat 6: JoelHunt007 folded before Flop (didn't bet)



PokerStars Zoom Hand #186690330632:  Hold'em No Limit ($0.02/$0.05) - 2018/05/21 22:38:51 CCT [2018/05/21 10:38:51 ET]
Table 'Donati' 6-max Seat #1 is the button
Seat 1: aibolit66677 ($5 in chips) 
Seat 2: BL4CK11 ($6.50 in chips) 
Seat 3: Sir_Drongo ($4.83 in chips) 
Seat 4: HubertusB ($6.07 in chips) 
Seat 5: titop_Vector ($5 in chips) 
Seat 6: fool_rabbit ($5.14 in chips) 
BL4CK11: posts small blind $0.02
Sir_Drongo: posts big blind $0.05
*** HOLE CARDS ***
Dealt to HubertusB [5h 2d]
HubertusB: folds 
titop_Vector: raises $0.07 to $0.12
fool_rabbit: folds 
aibolit66677: folds 
BL4CK11: folds 
Sir_Drongo: calls $0.07
*** FLOP *** [3s 5s Qs]
Sir_Drongo: bets $0.12
titop_Vector: calls $0.12
*** TURN *** [3s 5s Qs] [9h]
Sir_Drongo: bets $0.28
titop_Vector: calls $0.28
*** RIVER *** [3s 5s Qs 9h] [8s]
Sir_Drongo: checks 
titop_Vector: checks 
*** SHOW DOWN ***
Sir_Drongo: shows [9c Kc] (a pair of Nines)
titop_Vector: shows [Jd Qd] (a pair of Queens)
titop_Vector collected $1.02 from pot
*** SUMMARY ***
Total pot $1.06 | Rake $0.04 
Board [3s 5s Qs 9h 8s]
Seat 1: aibolit66677 (button) folded before Flop (didn't bet)
Seat 2: BL4CK11 (small blind) folded before Flop
Seat 3: Sir_Drongo (big blind) showed [9c Kc] and lost with a pair of Nines
Seat 4: HubertusB folded before Flop (didn't bet)
Seat 5: titop_Vector showed [Jd Qd] and won ($1.02) with a pair of Queens
Seat 6: fool_rabbit folded before Flop (didn't bet)



PokerStars Zoom Hand #186690357185:  Hold'em No Limit ($0.02/$0.05) - 2018/05/21 22:39:41 CCT [2018/05/21 10:39:41 ET]
Table 'Donati' 6-max Seat #1 is the button
Seat 1: Po1arising ($5.31 in chips) 
Seat 2: FACCHETADE$ ($6.98 in chips) 
Seat 3: Pelorojo1 ($6.09 in chips) 
Seat 4: Serqunchik ($3.69 in chips) 
Seat 5: HubertusB ($6.07 in chips) 
Seat 6: El Hanni ($5 in chips) 
FACCHETADE$: posts small blind $0.02
Pelorojo1: posts big blind $0.05
*** HOLE CARDS ***
Dealt to HubertusB [Ts 8c]
Serqunchik: folds 
HubertusB: folds 
El Hanni: folds 
Po1arising: folds 
FACCHETADE$: folds 
Uncalled bet ($0.03) returned to Pelorojo1
Pelorojo1 collected $0.04 from pot
Pelorojo1: doesn't show hand 
*** SUMMARY ***
Total pot $0.04 | Rake $0 
Seat 1: Po1arising (button) folded before Flop (didn't bet)
Seat 2: FACCHETADE$ (small blind) folded before Flop
Seat 3: Pelorojo1 (big blind) collected ($0.04)
Seat 4: Serqunchik folded before Flop (didn't bet)
Seat 5: HubertusB folded before Flop (didn't bet)
Seat 6: El Hanni folded before Flop (didn't bet)



PokerStars Zoom Hand #186690335829:  Hold'em No Limit ($0.02/$0.05) - 2018/05/21 22:39:01 CCT [2018/05/21 10:39:01 ET]
Table 'Donati' 6-max Seat #1 is the button
Seat 1: qk rodriguez ($5.02 in chips) 
Seat 2: HubertusB ($6.07 in chips) 
Seat 3: superdugong ($5.41 in chips) 
Seat 4: ScKing8888 ($6.57 in chips) 
Seat 5: poshla_nazuy ($5.66 in chips) 
Seat 6: Michel Mata ($5 in chips) 
HubertusB: posts small blind $0.02
superdugong: posts big blind $0.05
*** HOLE CARDS ***
Dealt to HubertusB [6c 5s]
ScKing8888: folds 
poshla_nazuy: folds 
Michel Mata: folds 
qk rodriguez: raises $0.07 to $0.12
HubertusB: folds 
superdugong: calls $0.07
*** FLOP *** [8d 3c 5d]
superdugong: checks 
qk rodriguez: checks 
*** TURN *** [8d 3c 5d] [3d]
superdugong: checks 
qk rodriguez: checks 
*** RIVER *** [8d 3c 5d 3d] [Tc]
superdugong: checks 
qk rodriguez: checks 
*** SHOW DOWN ***
superdugong: shows [7s Ks] (a pair of Threes)
qk rodriguez: mucks hand 
superdugong collected $0.25 from pot
*** SUMMARY ***
Total pot $0.26 | Rake $0.01 
Board [8d 3c 5d 3d Tc]
Seat 1: qk rodriguez (button) mucked [Jd Qh]
Seat 2: HubertusB (small blind) folded before Flop
Seat 3: superdugong (big blind) showed [7s Ks] and won ($0.25) with a pair of Threes
Seat 4: ScKing8888 folded before Flop (didn't bet)
Seat 5: poshla_nazuy folded before Flop (didn't bet)
Seat 6: Michel Mata folded before Flop (didn't bet)



PokerStars Zoom Hand #186690360347:  Hold'em No Limit ($0.02/$0.05) - 2018/05/21 22:39:47 CCT [2018/05/21 10:39:47 ET]
Table 'Donati' 6-max Seat #1 is the button
Seat 1: born8sleepy ($5.05 in chips) 
Seat 2: tarogame ($5.16 in chips) 
Seat 3: EveryOutCounts ($5.05 in chips) 
Seat 4: whitewhisper ($9.39 in chips) 
Seat 5: 0xC0DEBEEF ($5 in chips) 
Seat 6: HubertusB ($6.07 in chips) 
tarogame: posts small blind $0.02
EveryOutCounts: posts big blind $0.05
*** HOLE CARDS ***
Dealt to HubertusB [7c Qh]
whitewhisper: folds 
0xC0DEBEEF: folds 
HubertusB: folds 
born8sleepy: raises $0.05 to $0.10
tarogame: folds 
EveryOutCounts: calls $0.05
*** FLOP *** [8c Jd Jc]
EveryOutCounts: checks 
born8sleepy: checks 
*** TURN *** [8c Jd Jc] [8s]
EveryOutCounts: checks 
born8sleepy: checks 
*** RIVER *** [8c Jd Jc 8s] [Ks]
EveryOutCounts: checks 
born8sleepy: bets $0.14
EveryOutCounts: folds 
Uncalled bet ($0.14) returned to born8sleepy
born8sleepy collected $0.21 from pot
born8sleepy: doesn't show hand 
*** SUMMARY ***
Total pot $0.22 | Rake $0.01 
Board [8c Jd Jc 8s Ks]
Seat 1: born8sleepy (button) collected ($0.21)
Seat 2: tarogame (small blind) folded before Flop
Seat 3: EveryOutCounts (big blind) folded on the River
Seat 4: whitewhisper folded before Flop (didn't bet)
Seat 5: 0xC0DEBEEF folded before Flop (didn't bet)
Seat 6: HubertusB folded before Flop (didn't bet)



PokerStars Zoom Hand #186690366216:  Hold'em No Limit ($0.02/$0.05) - 2018/05/21 22:39:58 CCT [2018/05/21 10:39:58 ET]
Table 'Donati' 6-max Seat #1 is the button
Seat 1: qwess116 ($3.21 in chips) 
Seat 2: Mototaxist ($5.48 in chips) 
Seat 3: HubertusB ($6.07 in chips) 
Seat 4: FACCHETADE$ ($7.23 in chips) 
Seat 5: belmain.by ($5.38 in chips) 
Seat 6: Theodore.t89 ($17.64 in chips) 
Mototaxist: posts small blind $0.02
HubertusB: posts big blind $0.05
*** HOLE CARDS ***
Dealt to HubertusB [As 6c]
FACCHETADE$: folds 
belmain.by: folds 
Theodore.t89 has timed out
Theodore.t89: folds 
qwess116: raises $0.05 to $0.10
Mototaxist: raises $0.35 to $0.45
HubertusB: folds 
qwess116: folds 
Uncalled bet ($0.35) returned to Mototaxist
Mototaxist collected $0.25 from pot
Mototaxist: doesn't show hand 
*** SUMMARY ***
Total pot $0.25 | Rake $0 
Seat 1: qwess116 (button) folded before Flop
Seat 2: Mototaxist (small blind) collected ($0.25)
Seat 3: HubertusB (big blind) folded before Flop
Seat 4: FACCHETADE$ folded before Flop (didn't bet)
Seat 5: belmain.by folded before Flop (didn't bet)
Seat 6: Theodore.t89 folded before Flop (didn't bet)



PokerStars Zoom Hand #186690383267:  Hold'em No Limit ($0.02/$0.05) - 2018/05/21 22:40:30 CCT [2018/05/21 10:40:30 ET]
Table 'Donati' 6-max Seat #1 is the button
Seat 1: rosssilvs1183 ($6.09 in chips) 
Seat 2: HubertusB ($6.02 in chips) 
Seat 3: ilynskiy ($5.23 in chips) 
Seat 4: EveryOutCounts ($5 in chips) 
Seat 5: crmcof ($5 in chips) 
Seat 6: Knightwing78 ($3.04 in chips) 
HubertusB: posts small blind $0.02
ilynskiy: posts big blind $0.05
*** HOLE CARDS ***
Dealt to HubertusB [2d 4s]
EveryOutCounts: folds 
crmcof: folds 
Knightwing78: folds 
rosssilvs1183: raises $0.10 to $0.15
HubertusB: folds 
ilynskiy: folds 
Uncalled bet ($0.10) returned to rosssilvs1183
rosssilvs1183 collected $0.12 from pot
rosssilvs1183: doesn't show hand 
*** SUMMARY ***
Total pot $0.12 | Rake $0 
Seat 1: rosssilvs1183 (button) collected ($0.12)
Seat 2: HubertusB (small blind) folded before Flop
Seat 3: ilynskiy (big blind) folded before Flop
Seat 4: EveryOutCounts folded before Flop (didn't bet)
Seat 5: crmcof folded before Flop (didn't bet)
Seat 6: Knightwing78 folded before Flop (didn't bet)



PokerStars Zoom Hand #186690389109:  Hold'em No Limit ($0.02/$0.05) - 2018/05/21 22:40:41 CCT [2018/05/21 10:40:41 ET]
Table 'Donati' 6-max Seat #1 is the button
Seat 1: s0chi161090 ($2.88 in chips) 
Seat 2: joker1515503 ($5.72 in chips) 
Seat 3: kamilson66 ($5 in chips) 
Seat 4: BL4CK11 ($6.48 in chips) 
Seat 5: HubertusB ($6 in chips) 
Seat 6: derak488 ($5 in chips) 
joker1515503: posts small blind $0.02
kamilson66: posts big blind $0.05
*** HOLE CARDS ***
Dealt to HubertusB [7c 2s]
BL4CK11: folds 
HubertusB: folds 
derak488: folds 
s0chi161090: folds 
joker1515503: folds 
Uncalled bet ($0.03) returned to kamilson66
kamilson66 collected $0.04 from pot
kamilson66: doesn't show hand 
*** SUMMARY ***
Total pot $0.04 | Rake $0 
Seat 1: s0chi161090 (button) folded before Flop (didn't bet)
Seat 2: joker1515503 (small blind) folded before Flop
Seat 3: kamilson66 (big blind) collected ($0.04)
Seat 4: BL4CK11 folded before Flop (didn't bet)
Seat 5: HubertusB folded before Flop (didn't bet)
Seat 6: derak488 folded before Flop (didn't bet)



PokerStars Zoom Hand #186690385981:  Hold'em No Limit ($0.02/$0.05) - 2018/05/21 22:40:35 CCT [2018/05/21 10:40:35 ET]
Table 'Donati' 6-max Seat #1 is the button
Seat 1: HubertusB ($6 in chips) 
Seat 2: mvsz06 ($5.57 in chips) 
Seat 3: WhiteWolf459 ($6.22 in chips) 
Seat 4: Closex ($7.11 in chips) 
Seat 5: WEIPEI1 ($5.23 in chips) 
Seat 6: svererii ($4.04 in chips) 
mvsz06: posts small blind $0.02
WhiteWolf459: posts big blind $0.05
*** HOLE CARDS ***
Dealt to HubertusB [2s 4h]
Closex: folds 
WEIPEI1: folds 
svererii: raises $0.07 to $0.12
HubertusB: folds 
mvsz06: folds 
WhiteWolf459: folds 
Uncalled bet ($0.07) returned to svererii
svererii collected $0.12 from pot
svererii: doesn't show hand 
*** SUMMARY ***
Total pot $0.12 | Rake $0 
Seat 1: HubertusB (button) folded before Flop (didn't bet)
Seat 2: mvsz06 (small blind) folded before Flop
Seat 3: WhiteWolf459 (big blind) folded before Flop
Seat 4: Closex folded before Flop (didn't bet)
Seat 5: WEIPEI1 folded before Flop (didn't bet)
Seat 6: svererii collected ($0.12)



PokerStars Zoom Hand #186690363571:  Hold'em No Limit ($0.02/$0.05) - 2018/05/21 22:39:53 CCT [2018/05/21 10:39:53 ET]
Table 'Donati' 6-max Seat #1 is the button
Seat 1: visioncook ($4.95 in chips) 
Seat 2: lois br ($5 in chips) 
Seat 3: pointout91 ($7.63 in chips) 
Seat 4: HubertusB ($6.07 in chips) 
Seat 5: GizaGliwic ($5 in chips) 
Seat 6: Jinxers ($5.26 in chips) 
lois br: posts small blind $0.02
pointout91: posts big blind $0.05
*** HOLE CARDS ***
Dealt to HubertusB [6d 8s]
HubertusB: folds 
GizaGliwic: folds 
Jinxers: folds 
visioncook: folds 
lois br: raises $0.10 to $0.15
pointout91: calls $0.10
*** FLOP *** [Kh 7s 8h]
lois br: bets $0.15
pointout91: calls $0.15
*** TURN *** [Kh 7s 8h] [3d]
lois br: checks 
pointout91: bets $0.30
lois br: folds 
Uncalled bet ($0.30) returned to pointout91
pointout91 collected $0.58 from pot
pointout91: doesn't show hand 
*** SUMMARY ***
Total pot $0.60 | Rake $0.02 
Board [Kh 7s 8h 3d]
Seat 1: visioncook (button) folded before Flop (didn't bet)
Seat 2: lois br (small blind) folded on the Turn
Seat 3: pointout91 (big blind) collected ($0.58)
Seat 4: HubertusB folded before Flop (didn't bet)
Seat 5: GizaGliwic folded before Flop (didn't bet)
Seat 6: Jinxers folded before Flop (didn't bet)



PokerStars Zoom Hand #186690398651:  Hold'em No Limit ($0.02/$0.05) - 2018/05/21 22:40:59 CCT [2018/05/21 10:40:59 ET]
Table 'Donati' 6-max Seat #1 is the button
Seat 1: CVBA85 ($5.69 in chips) 
Seat 2: joop119 ($5 in chips) 
Seat 3: HubertusB ($6 in chips) 
Seat 4: Udokoai ($11.22 in chips) 
Seat 5: peniels12 ($4.91 in chips) 
Seat 6: falcao991 ($5.52 in chips) 
joop119: posts small blind $0.02
HubertusB: posts big blind $0.05
*** HOLE CARDS ***
Dealt to HubertusB [Kc Jh]
Udokoai: folds 
peniels12: folds 
falcao991: folds 
CVBA85: folds 
joop119: calls $0.03
HubertusB: checks 
*** FLOP *** [Jc 6h 3d]
joop119: checks 
HubertusB: bets $0.10
joop119: folds 
Uncalled bet ($0.10) returned to HubertusB
HubertusB collected $0.10 from pot
HubertusB: doesn't show hand 
*** SUMMARY ***
Total pot $0.10 | Rake $0 
Board [Jc 6h 3d]
Seat 1: CVBA85 (button) folded before Flop (didn't bet)
Seat 2: joop119 (small blind) folded on the Flop
Seat 3: HubertusB (big blind) collected ($0.10)
Seat 4: Udokoai folded before Flop (didn't bet)
Seat 5: peniels12 folded before Flop (didn't bet)
Seat 6: falcao991 folded before Flop (didn't bet)



PokerStars Zoom Hand #186690391707:  Hold'em No Limit ($0.02/$0.05) - 2018/05/21 22:40:46 CCT [2018/05/21 10:40:46 ET]
Table 'Donati' 6-max Seat #1 is the button
Seat 1: superdugong ($11.75 in chips) 
Seat 2: flyingwoodz ($3.53 in chips) 
Seat 3: genya929 ($14.11 in chips) 
Seat 4: kukkertje ($5.83 in chips) 
Seat 5: MSKLucky007 ($5.09 in chips) 
Seat 6: HubertusB ($6 in chips) 
flyingwoodz: posts small blind $0.02
genya929: posts big blind $0.05
*** HOLE CARDS ***
Dealt to HubertusB [Kd 5c]
kukkertje: folds 
MSKLucky007: folds 
HubertusB: folds 
superdugong: raises $0.10 to $0.15
flyingwoodz: calls $0.13
genya929: folds 
*** FLOP *** [Qd Ah Qs]
flyingwoodz: checks 
superdugong: checks 
*** TURN *** [Qd Ah Qs] [8d]
flyingwoodz: checks 
superdugong: checks 
*** RIVER *** [Qd Ah Qs 8d] [4s]
flyingwoodz: checks 
superdugong: checks 
*** SHOW DOWN ***
flyingwoodz: shows [8s Ts] (two pair, Queens and Eights)
superdugong: mucks hand 
flyingwoodz collected $0.34 from pot
*** SUMMARY ***
Total pot $0.35 | Rake $0.01 
Board [Qd Ah Qs 8d 4s]
Seat 1: superdugong (button) mucked [6s Js]
Seat 2: flyingwoodz (small blind) showed [8s Ts] and won ($0.34) with two pair, Queens and Eights
Seat 3: genya929 (big blind) folded before Flop
Seat 4: kukkertje folded before Flop (didn't bet)
Seat 5: MSKLucky007 folded before Flop (didn't bet)
Seat 6: HubertusB folded before Flop (didn't bet)



PokerStars Zoom Hand #186690409226:  Hold'em No Limit ($0.02/$0.05) - 2018/05/21 22:41:19 CCT [2018/05/21 10:41:19 ET]
Table 'Donati' 6-max Seat #1 is the button
Seat 1: WEIPEI1 ($5.15 in chips) 
Seat 2: HubertusB ($6.05 in chips) 
Seat 3: Paviloco ($7.60 in chips) 
Seat 4: vmvmihail ($6.08 in chips) 
Seat 5: TULYA 15 ($3.34 in chips) 
Seat 6: smet181 ($0.54 in chips) 
HubertusB: posts small blind $0.02
Paviloco: posts big blind $0.05
*** HOLE CARDS ***
Dealt to HubertusB [9h 7d]
vmvmihail: folds 
TULYA 15: folds 
smet181: folds 
WEIPEI1: folds 
HubertusB: folds 
Uncalled bet ($0.03) returned to Paviloco
Paviloco collected $0.04 from pot
Paviloco: doesn't show hand 
*** SUMMARY ***
Total pot $0.04 | Rake $0 
Seat 1: WEIPEI1 (button) folded before Flop (didn't bet)
Seat 2: HubertusB (small blind) folded before Flop
Seat 3: Paviloco (big blind) collected ($0.04)
Seat 4: vmvmihail folded before Flop (didn't bet)
Seat 5: TULYA 15 folded before Flop (didn't bet)
Seat 6: smet181 folded before Flop (didn't bet)



PokerStars Zoom Hand #186690414637:  Hold'em No Limit ($0.02/$0.05) - 2018/05/21 22:41:29 CCT [2018/05/21 10:41:29 ET]
Table 'Donati' 6-max Seat #1 is the button
Seat 1: HubertusB ($6.03 in chips) 
Seat 2: pashqadk ($5.02 in chips) 
Seat 3: maxkepa ($9.63 in chips) 
Seat 4: poshla_nazuy ($6.09 in chips) 
Seat 5: JhonnyShu ($5.14 in chips) 
Seat 6: joop119 ($4.73 in chips) 
pashqadk: posts small blind $0.02
maxkepa: posts big blind $0.05
*** HOLE CARDS ***
Dealt to HubertusB [4c Qh]
poshla_nazuy: folds 
JhonnyShu: folds 
joop119: folds 
HubertusB: folds 
pashqadk: folds 
Uncalled bet ($0.03) returned to maxkepa
maxkepa collected $0.04 from pot
maxkepa: doesn't show hand 
*** SUMMARY ***
Total pot $0.04 | Rake $0 
Seat 1: HubertusB (button) folded before Flop (didn't bet)
Seat 2: pashqadk (small blind) folded before Flop
Seat 3: maxkepa (big blind) collected ($0.04)
Seat 4: poshla_nazuy folded before Flop (didn't bet)
Seat 5: JhonnyShu folded before Flop (didn't bet)
Seat 6: joop119 folded before Flop (didn't bet)



PokerStars Zoom Hand #186690395946:  Hold'em No Limit ($0.02/$0.05) - 2018/05/21 22:40:54 CCT [2018/05/21 10:40:54 ET]
Table 'Donati' 6-max Seat #1 is the button
Seat 1: svererii ($5.69 in chips) 
Seat 2: maxkepa ($5.33 in chips) 
Seat 3: kranovoy22 ($15.26 in chips) 
Seat 4: HubertusB ($6 in chips) 
Seat 5: marcioadrs ($17.20 in chips) 
Seat 6: JhonnyShu ($5 in chips) 
maxkepa: posts small blind $0.02
kranovoy22: posts big blind $0.05
*** HOLE CARDS ***
Dealt to HubertusB [5h 9s]
HubertusB: folds 
marcioadrs: folds 
JhonnyShu: folds 
svererii: raises $0.05 to $0.10
maxkepa: calls $0.08
kranovoy22: folds 
*** FLOP *** [9d 8h 6c]
maxkepa: checks 
svererii: checks 
*** TURN *** [9d 8h 6c] [Jc]
maxkepa: bets $0.12
svererii: calls $0.12
*** RIVER *** [9d 8h 6c Jc] [9h]
maxkepa: checks 
svererii: checks 
*** SHOW DOWN ***
maxkepa: shows [Ah 7s] (a pair of Nines)
svererii: shows [Js Td] (two pair, Jacks and Nines)
svererii collected $0.47 from pot
*** SUMMARY ***
Total pot $0.49 | Rake $0.02 
Board [9d 8h 6c Jc 9h]
Seat 1: svererii (button) showed [Js Td] and won ($0.47) with two pair, Jacks and Nines
Seat 2: maxkepa (small blind) showed [Ah 7s] and lost with a pair of Nines
Seat 3: kranovoy22 (big blind) folded before Flop
Seat 4: HubertusB folded before Flop (didn't bet)
Seat 5: marcioadrs folded before Flop (didn't bet)
Seat 6: JhonnyShu folded before Flop (didn't bet)



PokerStars Zoom Hand #186690417311:  Hold'em No Limit ($0.02/$0.05) - 2018/05/21 22:41:34 CCT [2018/05/21 10:41:34 ET]
Table 'Donati' 6-max Seat #1 is the button
Seat 1: adam601 ($2.63 in chips) 
Seat 2: EveryOutCounts ($5.09 in chips) 
Seat 3: 1Sania1 ($4.71 in chips) 
Seat 4: Ruki2000 ($3.58 in chips) 
Seat 5: superRODRI ($5.02 in chips) 
Seat 6: HubertusB ($6.03 in chips) 
EveryOutCounts: posts small blind $0.02
1Sania1: posts big blind $0.05
*** HOLE CARDS ***
Dealt to HubertusB [8h Qc]
Ruki2000: folds 
superRODRI: folds 
HubertusB: folds 
adam601: folds 
EveryOutCounts: folds 
Uncalled bet ($0.03) returned to 1Sania1
1Sania1 collected $0.04 from pot
1Sania1: doesn't show hand 
*** SUMMARY ***
Total pot $0.04 | Rake $0 
Seat 1: adam601 (button) folded before Flop (didn't bet)
Seat 2: EveryOutCounts (small blind) folded before Flop
Seat 3: 1Sania1 (big blind) collected ($0.04)
Seat 4: Ruki2000 folded before Flop (didn't bet)
Seat 5: superRODRI folded before Flop (didn't bet)
Seat 6: HubertusB folded before Flop (didn't bet)



PokerStars Zoom Hand #186690412453:  Hold'em No Limit ($0.02/$0.05) - 2018/05/21 22:41:25 CCT [2018/05/21 10:41:25 ET]
Table 'Donati' 6-max Seat #1 is the button
Seat 1: Jenekkz ($8.18 in chips) 
Seat 2: ganbate91 ($5.01 in chips) 
Seat 3: Toxa 565300 ($2.74 in chips) 
Seat 4: HubertusB ($6.03 in chips) 
Seat 5: mr_black434 ($5.05 in chips) 
Seat 6: Leime11 ($5 in chips) 
ganbate91: posts small blind $0.02
Toxa 565300: posts big blind $0.05
*** HOLE CARDS ***
Dealt to HubertusB [4h 2c]
HubertusB: folds 
mr_black434: folds 
Leime11: folds 
Jenekkz: folds 
ganbate91: raises $0.10 to $0.15
Toxa 565300: calls $0.10
*** FLOP *** [Ac 8c Jc]
ganbate91: checks 
Toxa 565300: bets $0.05
ganbate91: calls $0.05
*** TURN *** [Ac 8c Jc] [Js]
ganbate91: checks 
Toxa 565300: bets $0.05
ganbate91: calls $0.05
*** RIVER *** [Ac 8c Jc Js] [2h]
ganbate91: bets $0.20
Toxa 565300: raises $0.45 to $0.65
ganbate91: calls $0.45
*** SHOW DOWN ***
Toxa 565300: shows [4s Qc] (a pair of Jacks)
ganbate91: shows [Qs Jd] (three of a kind, Jacks)
ganbate91 collected $1.73 from pot
*** SUMMARY ***
Total pot $1.80 | Rake $0.07 
Board [Ac 8c Jc Js 2h]
Seat 1: Jenekkz (button) folded before Flop (didn't bet)
Seat 2: ganbate91 (small blind) showed [Qs Jd] and won ($1.73) with three of a kind, Jacks
Seat 3: Toxa 565300 (big blind) showed [4s Qc] and lost with a pair of Jacks
Seat 4: HubertusB folded before Flop (didn't bet)
Seat 5: mr_black434 folded before Flop (didn't bet)
Seat 6: Leime11 folded before Flop (didn't bet)



PokerStars Zoom Hand #186690430159:  Hold'em No Limit ($0.02/$0.05) - 2018/05/21 22:41:58 CCT [2018/05/21 10:41:58 ET]
Table 'Donati' 6-max Seat #1 is the button
Seat 1: EduardoR9' ($3.41 in chips) 
Seat 2: GizaGliwic ($5 in chips) 
Seat 3: HubertusB ($6.01 in chips) 
Seat 4: mggL89 ($1.70 in chips) 
Seat 5: mrDustBoy ($5.55 in chips) 
Seat 6: flaming07 ($5.89 in chips) 
GizaGliwic: posts small blind $0.02
HubertusB: posts big blind $0.05
*** HOLE CARDS ***
Dealt to HubertusB [Kh 6c]
mggL89: folds 
mrDustBoy: folds 
flaming07: folds 
EduardoR9': folds 
GizaGliwic: folds 
Uncalled bet ($0.03) returned to HubertusB
HubertusB collected $0.04 from pot
HubertusB: doesn't show hand 
*** SUMMARY ***
Total pot $0.04 | Rake $0 
Seat 1: EduardoR9' (button) folded before Flop (didn't bet)
Seat 2: GizaGliwic (small blind) folded before Flop
Seat 3: HubertusB (big blind) collected ($0.04)
Seat 4: mggL89 folded before Flop (didn't bet)
Seat 5: mrDustBoy folded before Flop (didn't bet)
Seat 6: flaming07 folded before Flop (didn't bet)



PokerStars Zoom Hand #186690422588:  Hold'em No Limit ($0.02/$0.05) - 2018/05/21 22:41:44 CCT [2018/05/21 10:41:44 ET]
Table 'Donati' 6-max Seat #1 is the button
Seat 1: peniels12 ($5 in chips) 
Seat 2: ckmtl5 ($4.94 in chips) 
Seat 3: neselov ($16.44 in chips) 
Seat 4: HubertusB ($6.03 in chips) 
Seat 5: STARteamPR0 ($6.13 in chips) 
Seat 6: qk rodriguez ($5.82 in chips) 
ckmtl5: posts small blind $0.02
neselov: posts big blind $0.05
*** HOLE CARDS ***
Dealt to HubertusB [Qs Jc]
HubertusB: folds 
STARteamPR0: folds 
qk rodriguez: raises $0.07 to $0.12
peniels12: folds 
ckmtl5: folds 
neselov: calls $0.07
*** FLOP *** [Kc 6c Js]
neselov: checks 
qk rodriguez: bets $0.13
neselov: folds 
Uncalled bet ($0.13) returned to qk rodriguez
qk rodriguez collected $0.25 from pot
qk rodriguez: doesn't show hand 
*** SUMMARY ***
Total pot $0.26 | Rake $0.01 
Board [Kc 6c Js]
Seat 1: peniels12 (button) folded before Flop (didn't bet)
Seat 2: ckmtl5 (small blind) folded before Flop
Seat 3: neselov (big blind) folded on the Flop
Seat 4: HubertusB folded before Flop (didn't bet)
Seat 5: STARteamPR0 folded before Flop (didn't bet)
Seat 6: qk rodriguez collected ($0.25)



PokerStars Zoom Hand #186690419947:  Hold'em No Limit ($0.02/$0.05) - 2018/05/21 22:41:39 CCT [2018/05/21 10:41:39 ET]
Table 'Donati' 6-max Seat #1 is the button
Seat 1: crawerman ($8 in chips) 
Seat 2: jmbusinezz11 ($10.37 in chips) 
Seat 3: flyingwoodz ($3.72 in chips) 
Seat 4: TheFibonachi ($3.73 in chips) 
Seat 5: HubertusB ($6.03 in chips) 
Seat 6: 310708 ($5.28 in chips) 
jmbusinezz11: posts small blind $0.02
flyingwoodz: posts big blind $0.05
*** HOLE CARDS ***
Dealt to HubertusB [2h Kc]
TheFibonachi: folds 
HubertusB: folds 
310708: raises $0.10 to $0.15
crawerman: folds 
jmbusinezz11: folds 
flyingwoodz: calls $0.10
*** FLOP *** [8c Kh 8h]
flyingwoodz: checks 
310708: checks 
*** TURN *** [8c Kh 8h] [3s]
flyingwoodz: checks 
310708: bets $0.19
flyingwoodz: folds 
Uncalled bet ($0.19) returned to 310708
310708 collected $0.31 from pot
310708: doesn't show hand 
*** SUMMARY ***
Total pot $0.32 | Rake $0.01 
Board [8c Kh 8h 3s]
Seat 1: crawerman (button) folded before Flop (didn't bet)
Seat 2: jmbusinezz11 (small blind) folded before Flop
Seat 3: flyingwoodz (big blind) folded on the Turn
Seat 4: TheFibonachi folded before Flop (didn't bet)
Seat 5: HubertusB folded before Flop (didn't bet)
Seat 6: 310708 collected ($0.31)



PokerStars Zoom Hand #186690426293:  Hold'em No Limit ($0.02/$0.05) - 2018/05/21 22:41:51 CCT [2018/05/21 10:41:51 ET]
Table 'Donati' 6-max Seat #1 is the button
Seat 1: djon023rus ($3.71 in chips) 
Seat 2: HubertusB ($6.03 in chips) 
Seat 3: Bluecrust ($23.28 in chips) 
Seat 4: Igor86554 ($5.93 in chips) 
Seat 5: ssak07 ($6.34 in chips) 
Seat 6: Gangster4747 ($5.75 in chips) 
HubertusB: posts small blind $0.02
Bluecrust: posts big blind $0.05
*** HOLE CARDS ***
Dealt to HubertusB [9h 8s]
Igor86554: raises $0.07 to $0.12
ssak07: folds 
Gangster4747: folds 
djon023rus: folds 
HubertusB: folds 
Bluecrust: calls $0.07
*** FLOP *** [As Ts 6c]
Bluecrust: checks 
Igor86554: bets $0.15
Bluecrust: calls $0.15
*** TURN *** [As Ts 6c] [4c]
Bluecrust: checks 
Igor86554: bets $0.32
Bluecrust: folds 
Uncalled bet ($0.32) returned to Igor86554
Igor86554 collected $0.54 from pot
Igor86554: doesn't show hand 
*** SUMMARY ***
Total pot $0.56 | Rake $0.02 
Board [As Ts 6c 4c]
Seat 1: djon023rus (button) folded before Flop (didn't bet)
Seat 2: HubertusB (small blind) folded before Flop
Seat 3: Bluecrust (big blind) folded on the Turn
Seat 4: Igor86554 collected ($0.54)
Seat 5: ssak07 folded before Flop (didn't bet)
Seat 6: Gangster4747 folded before Flop (didn't bet)



PokerStars Zoom Hand #186690441972:  Hold'em No Limit ($0.02/$0.05) - 2018/05/21 22:42:20 CCT [2018/05/21 10:42:20 ET]
Table 'Donati' 6-max Seat #1 is the button
Seat 1: HubertusB ($6.03 in chips) 
Seat 2: kranovoy22 ($15.59 in chips) 
Seat 3: hecke74 ($2.68 in chips) 
Seat 4: QuadsOff ($5.41 in chips) 
Seat 5: 0cipsev0 ($13.61 in chips) 
Seat 6: Altbayern ($7.48 in chips) 
kranovoy22: posts small blind $0.02
hecke74: posts big blind $0.05
*** HOLE CARDS ***
Dealt to HubertusB [Qh 6s]
QuadsOff: folds 
0cipsev0: folds 
Altbayern: folds 
HubertusB: folds 
kranovoy22: folds 
Uncalled bet ($0.03) returned to hecke74
hecke74 collected $0.04 from pot
hecke74: doesn't show hand 
*** SUMMARY ***
Total pot $0.04 | Rake $0 
Seat 1: HubertusB (button) folded before Flop (didn't bet)
Seat 2: kranovoy22 (small blind) folded before Flop
Seat 3: hecke74 (big blind) collected ($0.04)
Seat 4: QuadsOff folded before Flop (didn't bet)
Seat 5: 0cipsev0 folded before Flop (didn't bet)
Seat 6: Altbayern folded before Flop (didn't bet)



PokerStars Zoom Hand #186690445296:  Hold'em No Limit ($0.02/$0.05) - 2018/05/21 22:42:26 CCT [2018/05/21 10:42:26 ET]
Table 'Donati' 6-max Seat #1 is the button
Seat 1: kukkertje ($8.97 in chips) 
Seat 2: Mototaxist ($5 in chips) 
Seat 3: visioncook ($4.32 in chips) 
Seat 4: 310708 ($5.44 in chips) 
Seat 5: HubertusB ($6.03 in chips) 
Seat 6: ssak07 ($5.19 in chips) 
Mototaxist: posts small blind $0.02
visioncook: posts big blind $0.05
*** HOLE CARDS ***
Dealt to HubertusB [Qh Kc]
310708: folds 
HubertusB: raises $0.05 to $0.10
ssak07: folds 
kukkertje: folds 
Mototaxist: folds 
visioncook: calls $0.05
*** FLOP *** [As 6h 2c]
visioncook: checks 
HubertusB: checks 
*** TURN *** [As 6h 2c] [5c]
visioncook: bets $0.12
HubertusB: folds 
Uncalled bet ($0.12) returned to visioncook
visioncook collected $0.21 from pot
visioncook: doesn't show hand 
*** SUMMARY ***
Total pot $0.22 | Rake $0.01 
Board [As 6h 2c 5c]
Seat 1: kukkertje (button) folded before Flop (didn't bet)
Seat 2: Mototaxist (small blind) folded before Flop
Seat 3: visioncook (big blind) collected ($0.21)
Seat 4: 310708 folded before Flop (didn't bet)
Seat 5: HubertusB folded on the Turn
Seat 6: ssak07 folded before Flop (didn't bet)



PokerStars Zoom Hand #186690465760:  Hold'em No Limit ($0.02/$0.05) - 2018/05/21 22:43:04 CCT [2018/05/21 10:43:04 ET]
Table 'Donati' 6-max Seat #1 is the button
Seat 1: Serqunchik ($3.65 in chips) 
Seat 2: HubertusB ($5.93 in chips) 
Seat 3: s0chi161090 ($3.85 in chips) 
Seat 4: mopsrenat ($1.67 in chips) 
Seat 5: barbos2009 ($5.91 in chips) 
Seat 6: crawerman ($5 in chips) 
HubertusB: posts small blind $0.02
s0chi161090: posts big blind $0.05
*** HOLE CARDS ***
Dealt to HubertusB [7d 2c]
mopsrenat: raises $0.10 to $0.15
barbos2009: folds 
crawerman: folds 
Serqunchik: folds 
HubertusB: folds 
s0chi161090: folds 
Uncalled bet ($0.10) returned to mopsrenat
mopsrenat collected $0.12 from pot
mopsrenat: doesn't show hand 
*** SUMMARY ***
Total pot $0.12 | Rake $0 
Seat 1: Serqunchik (button) folded before Flop (didn't bet)
Seat 2: HubertusB (small blind) folded before Flop
Seat 3: s0chi161090 (big blind) folded before Flop
Seat 4: mopsrenat collected ($0.12)
Seat 5: barbos2009 folded before Flop (didn't bet)
Seat 6: crawerman folded before Flop (didn't bet)



PokerStars Zoom Hand #186690469008:  Hold'em No Limit ($0.02/$0.05) - 2018/05/21 22:43:10 CCT [2018/05/21 10:43:10 ET]
Table 'Donati' 6-max Seat #1 is the button
Seat 1: MaN1SiK ($2.50 in chips) 
Seat 2: Knightwing78 ($2.79 in chips) 
Seat 3: HubertusB ($5.91 in chips) 
Seat 4: barbos2009 ($5.91 in chips) 
Seat 5: Katalysator8 ($5 in chips) 
Seat 6: FACCHETADE$ ($6.78 in chips) 
Knightwing78: posts small blind $0.02
HubertusB: posts big blind $0.05
*** HOLE CARDS ***
Dealt to HubertusB [Kd As]
barbos2009: folds 
Katalysator8: folds 
FACCHETADE$: raises $0.05 to $0.10
MaN1SiK: calls $0.10
Knightwing78: calls $0.08
HubertusB: raises $0.70 to $0.80
FACCHETADE$: folds 
MaN1SiK: folds 
Knightwing78: folds 
Uncalled bet ($0.70) returned to HubertusB
HubertusB collected $0.40 from pot
HubertusB: doesn't show hand 
*** SUMMARY ***
Total pot $0.40 | Rake $0 
Seat 1: MaN1SiK (button) folded before Flop
Seat 2: Knightwing78 (small blind) folded before Flop
Seat 3: HubertusB (big blind) collected ($0.40)
Seat 4: barbos2009 folded before Flop (didn't bet)
Seat 5: Katalysator8 folded before Flop (didn't bet)
Seat 6: FACCHETADE$ folded before Flop



PokerStars Zoom Hand #186690488659:  Hold'em No Limit ($0.02/$0.05) - 2018/05/21 22:43:47 CCT [2018/05/21 10:43:47 ET]
Table 'Donati' 6-max Seat #1 is the button
Seat 1: fool_rabbit ($6.56 in chips) 
Seat 2: Reskriptor ($2.75 in chips) 
Seat 3: Demon9090 ($6.86 in chips) 
Seat 4: JNeoh ($9.93 in chips) 
Seat 5: EveryOutCounts ($5.43 in chips) 
Seat 6: HubertusB ($6.21 in chips) 
Reskriptor: posts small blind $0.02
Demon9090: posts big blind $0.05
*** HOLE CARDS ***
Dealt to HubertusB [3d 3s]
JNeoh: folds 
EveryOutCounts: folds 
HubertusB: raises $0.05 to $0.10
fool_rabbit: folds 
Reskriptor: folds 
Demon9090: folds 
Uncalled bet ($0.05) returned to HubertusB
HubertusB collected $0.12 from pot
HubertusB: doesn't show hand 
*** SUMMARY ***
Total pot $0.12 | Rake $0 
Seat 1: fool_rabbit (button) folded before Flop (didn't bet)
Seat 2: Reskriptor (small blind) folded before Flop
Seat 3: Demon9090 (big blind) folded before Flop
Seat 4: JNeoh folded before Flop (didn't bet)
Seat 5: EveryOutCounts folded before Flop (didn't bet)
Seat 6: HubertusB collected ($0.12)



