PokerStars Zoom Hand #186688938460:  Hold'em No Limit ($0.02/$0.05) - 2018/05/21 21:52:54 CCT [2018/05/21 9:52:54 ET]
Table 'Donati' 6-max Seat #1 is the button
Seat 1: Levison ($8.04 in chips) 
Seat 2: Rusherito87 ($5.38 in chips) 
Seat 3: HubertusB ($5 in chips) 
Seat 4: Yaha 09 ($5.59 in chips) 
Seat 5: Theodore.t89 ($8.88 in chips) 
Seat 6: Dmigri ($6.51 in chips) 
Rusherito87: posts small blind $0.02
HubertusB: posts big blind $0.05
*** HOLE CARDS ***
Dealt to HubertusB [Js Ad]
Yaha 09: folds 
Theodore.t89: folds 
Dmigri: folds 
Levison: folds 
Rusherito87: calls $0.03
HubertusB: raises $0.15 to $0.20
Rusherito87: folds 
Uncalled bet ($0.15) returned to HubertusB
HubertusB collected $0.10 from pot
HubertusB: doesn't show hand 
*** SUMMARY ***
Total pot $0.10 | Rake $0 
Seat 1: Levison (button) folded before Flop (didn't bet)
Seat 2: Rusherito87 (small blind) folded before Flop
Seat 3: HubertusB (big blind) collected ($0.10)
Seat 4: Yaha 09 folded before Flop (didn't bet)
Seat 5: Theodore.t89 folded before Flop (didn't bet)
Seat 6: Dmigri folded before Flop (didn't bet)



PokerStars Zoom Hand #186688947881:  Hold'em No Limit ($0.02/$0.05) - 2018/05/21 21:53:13 CCT [2018/05/21 9:53:13 ET]
Table 'Donati' 6-max Seat #1 is the button
Seat 1: HubertusB ($5.05 in chips) 
Seat 2: VoneRT ($5 in chips) 
Seat 3: FoR_Shai ($5 in chips) 
Seat 4: HALIK2 ($5.55 in chips) 
Seat 5: TheFibonachi ($4.62 in chips) 
Seat 6: BoSs00 ($5.26 in chips) 
VoneRT: posts small blind $0.02
FoR_Shai: posts big blind $0.05
*** HOLE CARDS ***
Dealt to HubertusB [9d 8h]
HALIK2: folds 
TheFibonachi: folds 
BoSs00: folds 
HubertusB: raises $0.05 to $0.10
VoneRT: folds 
FoR_Shai: folds 
Uncalled bet ($0.05) returned to HubertusB
HubertusB collected $0.12 from pot
HubertusB: doesn't show hand 
*** SUMMARY ***
Total pot $0.12 | Rake $0 
Seat 1: HubertusB (button) collected ($0.12)
Seat 2: VoneRT (small blind) folded before Flop
Seat 3: FoR_Shai (big blind) folded before Flop
Seat 4: HALIK2 folded before Flop (didn't bet)
Seat 5: TheFibonachi folded before Flop (didn't bet)
Seat 6: BoSs00 folded before Flop (didn't bet)



PokerStars Zoom Hand #186688957893:  Hold'em No Limit ($0.02/$0.05) - 2018/05/21 21:53:33 CCT [2018/05/21 9:53:33 ET]
Table 'Donati' 6-max Seat #1 is the button
Seat 1: Spudzoe ($7.10 in chips) 
Seat 2: HubertusB ($5.12 in chips) 
Seat 3: Rataj89 ($4.85 in chips) 
Seat 4: BestHandle ($2.57 in chips) 
Seat 5: Marian V. 31 ($5.26 in chips) 
Seat 6: ILNAZ2307 ($5.74 in chips) 
HubertusB: posts small blind $0.02
Rataj89: posts big blind $0.05
*** HOLE CARDS ***
Dealt to HubertusB [8h 3d]
BestHandle: folds 
Marian V. 31: folds 
ILNAZ2307: folds 
Spudzoe: folds 
HubertusB: folds 
Uncalled bet ($0.03) returned to Rataj89
Rataj89 collected $0.04 from pot
Rataj89: doesn't show hand 
*** SUMMARY ***
Total pot $0.04 | Rake $0 
Seat 1: Spudzoe (button) folded before Flop (didn't bet)
Seat 2: HubertusB (small blind) folded before Flop
Seat 3: Rataj89 (big blind) collected ($0.04)
Seat 4: BestHandle folded before Flop (didn't bet)
Seat 5: Marian V. 31 folded before Flop (didn't bet)
Seat 6: ILNAZ2307 folded before Flop (didn't bet)



PokerStars Zoom Hand #186688960365:  Hold'em No Limit ($0.02/$0.05) - 2018/05/21 21:53:38 CCT [2018/05/21 9:53:38 ET]
Table 'Donati' 6-max Seat #1 is the button
Seat 1: kukkertje ($5 in chips) 
Seat 2: CIDUL21 ($3.43 in chips) 
Seat 3: trelogiatrs3 ($5.91 in chips) 
Seat 4: bolseiroo ($8.38 in chips) 
Seat 5: HubertusB ($5.10 in chips) 
Seat 6: schmilf ($4.93 in chips) 
CIDUL21: posts small blind $0.02
trelogiatrs3: posts big blind $0.05
*** HOLE CARDS ***
Dealt to HubertusB [9h 5c]
bolseiroo: folds 
HubertusB: folds 
schmilf: folds 
kukkertje: folds 
CIDUL21: folds 
Uncalled bet ($0.03) returned to trelogiatrs3
trelogiatrs3 collected $0.04 from pot
trelogiatrs3: doesn't show hand 
*** SUMMARY ***
Total pot $0.04 | Rake $0 
Seat 1: kukkertje (button) folded before Flop (didn't bet)
Seat 2: CIDUL21 (small blind) folded before Flop
Seat 3: trelogiatrs3 (big blind) collected ($0.04)
Seat 4: bolseiroo folded before Flop (didn't bet)
Seat 5: HubertusB folded before Flop (didn't bet)
Seat 6: schmilf folded before Flop (didn't bet)



PokerStars Zoom Hand #186688962833:  Hold'em No Limit ($0.02/$0.05) - 2018/05/21 21:53:43 CCT [2018/05/21 9:53:43 ET]
Table 'Donati' 6-max Seat #1 is the button
Seat 1: poshla_nazuy ($5.22 in chips) 
Seat 2: Aliona_st ($5.76 in chips) 
Seat 3: joop119 ($5 in chips) 
Seat 4: Martyyy25 ($2.61 in chips) 
Seat 5: trelogiatrs3 ($3.77 in chips) 
Seat 6: HubertusB ($5.10 in chips) 
Aliona_st: posts small blind $0.02
joop119: posts big blind $0.05
*** HOLE CARDS ***
Dealt to HubertusB [Qh 8s]
Martyyy25: folds 
trelogiatrs3: folds 
HubertusB: raises $0.05 to $0.10
poshla_nazuy: folds 
Aliona_st: folds 
joop119: folds 
Uncalled bet ($0.05) returned to HubertusB
HubertusB collected $0.12 from pot
HubertusB: doesn't show hand 
*** SUMMARY ***
Total pot $0.12 | Rake $0 
Seat 1: poshla_nazuy (button) folded before Flop (didn't bet)
Seat 2: Aliona_st (small blind) folded before Flop
Seat 3: joop119 (big blind) folded before Flop
Seat 4: Martyyy25 folded before Flop (didn't bet)
Seat 5: trelogiatrs3 folded before Flop (didn't bet)
Seat 6: HubertusB collected ($0.12)



PokerStars Zoom Hand #186688977683:  Hold'em No Limit ($0.02/$0.05) - 2018/05/21 21:54:13 CCT [2018/05/21 9:54:13 ET]
Table 'Donati' 6-max Seat #1 is the button
Seat 1: Olimhon ($4.50 in chips) 
Seat 2: HubertusB ($5.12 in chips) 
Seat 3: qk rodriguez ($5 in chips) 
Seat 4: WEIPEI1 ($5.34 in chips) 
Seat 5: XXXiao ($13.45 in chips) 
Seat 6: drk55 ($18.75 in chips) 
HubertusB: posts small blind $0.02
qk rodriguez: posts big blind $0.05
*** HOLE CARDS ***
Dealt to HubertusB [2s 5d]
WEIPEI1: folds 
XXXiao: folds 
drk55: folds 
Olimhon: folds 
HubertusB: folds 
Uncalled bet ($0.03) returned to qk rodriguez
qk rodriguez collected $0.04 from pot
qk rodriguez: doesn't show hand 
*** SUMMARY ***
Total pot $0.04 | Rake $0 
Seat 1: Olimhon (button) folded before Flop (didn't bet)
Seat 2: HubertusB (small blind) folded before Flop
Seat 3: qk rodriguez (big blind) collected ($0.04)
Seat 4: WEIPEI1 folded before Flop (didn't bet)
Seat 5: XXXiao folded before Flop (didn't bet)
Seat 6: drk55 folded before Flop (didn't bet)



PokerStars Zoom Hand #186688972192:  Hold'em No Limit ($0.02/$0.05) - 2018/05/21 21:54:02 CCT [2018/05/21 9:54:02 ET]
Table 'Donati' 6-max Seat #1 is the button
Seat 1: AsterixBrn ($10.47 in chips) 
Seat 2: marcioadrs ($9.11 in chips) 
Seat 3: HubertusB ($5.17 in chips) 
Seat 4: Omicron333 ($15.23 in chips) 
Seat 5: 99coco ($1.90 in chips) 
Seat 6: VladTim ($7.68 in chips) 
marcioadrs: posts small blind $0.02
HubertusB: posts big blind $0.05
*** HOLE CARDS ***
Dealt to HubertusB [9d 3h]
Omicron333: folds 
99coco: folds 
VladTim: folds 
AsterixBrn: raises $0.07 to $0.12
marcioadrs: folds 
HubertusB: folds 
Uncalled bet ($0.07) returned to AsterixBrn
AsterixBrn collected $0.12 from pot
AsterixBrn: doesn't show hand 
*** SUMMARY ***
Total pot $0.12 | Rake $0 
Seat 1: AsterixBrn (button) collected ($0.12)
Seat 2: marcioadrs (small blind) folded before Flop
Seat 3: HubertusB (big blind) folded before Flop
Seat 4: Omicron333 folded before Flop (didn't bet)
Seat 5: 99coco folded before Flop (didn't bet)
Seat 6: VladTim folded before Flop (didn't bet)



PokerStars Zoom Hand #186688980143:  Hold'em No Limit ($0.02/$0.05) - 2018/05/21 21:54:18 CCT [2018/05/21 9:54:18 ET]
Table 'Donati' 6-max Seat #1 is the button
Seat 1: HubertusB ($5.10 in chips) 
Seat 2: Jinxers ($5.19 in chips) 
Seat 3: PiNe4ppLe ($8.18 in chips) 
Seat 4: LeonKoenig ($3.72 in chips) 
Seat 5: LAZO30 ($1.91 in chips) 
Seat 6: AlexDa88 ($5.10 in chips) 
Jinxers: posts small blind $0.02
PiNe4ppLe: posts big blind $0.05
*** HOLE CARDS ***
Dealt to HubertusB [2h 4c]
LeonKoenig: folds 
LAZO30: folds 
AlexDa88: folds 
HubertusB: folds 
Jinxers: folds 
Uncalled bet ($0.03) returned to PiNe4ppLe
PiNe4ppLe collected $0.04 from pot
PiNe4ppLe: doesn't show hand 
*** SUMMARY ***
Total pot $0.04 | Rake $0 
Seat 1: HubertusB (button) folded before Flop (didn't bet)
Seat 2: Jinxers (small blind) folded before Flop
Seat 3: PiNe4ppLe (big blind) collected ($0.04)
Seat 4: LeonKoenig folded before Flop (didn't bet)
Seat 5: LAZO30 folded before Flop (didn't bet)
Seat 6: AlexDa88 folded before Flop (didn't bet)



PokerStars Zoom Hand #186688969627:  Hold'em No Limit ($0.02/$0.05) - 2018/05/21 21:53:57 CCT [2018/05/21 9:53:57 ET]
Table 'Donati' 6-max Seat #1 is the button
Seat 1: jason032323 ($6.83 in chips) 
Seat 2: OsloVest ($12.66 in chips) 
Seat 3: Spudzoe ($8.99 in chips) 
Seat 4: HubertusB ($5.17 in chips) 
Seat 5: Fighter485 ($5 in chips) 
Seat 6: etd.poker ($6.10 in chips) 
OsloVest: posts small blind $0.02
Spudzoe: posts big blind $0.05
*** HOLE CARDS ***
Dealt to HubertusB [8h 5s]
HubertusB: folds 
Fighter485: folds 
etd.poker: raises $0.10 to $0.15
jason032323: folds 
OsloVest: raises $0.40 to $0.55
Spudzoe: folds 
etd.poker: folds 
Uncalled bet ($0.40) returned to OsloVest
OsloVest collected $0.35 from pot
OsloVest: doesn't show hand 
*** SUMMARY ***
Total pot $0.35 | Rake $0 
Seat 1: jason032323 (button) folded before Flop (didn't bet)
Seat 2: OsloVest (small blind) collected ($0.35)
Seat 3: Spudzoe (big blind) folded before Flop
Seat 4: HubertusB folded before Flop (didn't bet)
Seat 5: Fighter485 folded before Flop (didn't bet)
Seat 6: etd.poker folded before Flop



PokerStars Zoom Hand #186688983491:  Hold'em No Limit ($0.02/$0.05) - 2018/05/21 21:54:25 CCT [2018/05/21 9:54:25 ET]
Table 'Donati' 6-max Seat #1 is the button
Seat 1: Jaguar$1993 ($4.95 in chips) 
Seat 2: pointout91 ($7.74 in chips) 
Seat 3: Adry0616 ($4.53 in chips) 
Seat 4: XXXiao ($13.38 in chips) 
Seat 5: serge87100 ($19.73 in chips) 
Seat 6: HubertusB ($5.10 in chips) 
pointout91: posts small blind $0.02
Adry0616: posts big blind $0.05
*** HOLE CARDS ***
Dealt to HubertusB [9h 2d]
XXXiao: folds 
serge87100: folds 
HubertusB: folds 
Jaguar$1993: folds 
pointout91: folds 
Uncalled bet ($0.03) returned to Adry0616
Adry0616 collected $0.04 from pot
Adry0616: doesn't show hand 
*** SUMMARY ***
Total pot $0.04 | Rake $0 
Seat 1: Jaguar$1993 (button) folded before Flop (didn't bet)
Seat 2: pointout91 (small blind) folded before Flop
Seat 3: Adry0616 (big blind) collected ($0.04)
Seat 4: XXXiao folded before Flop (didn't bet)
Seat 5: serge87100 folded before Flop (didn't bet)
Seat 6: HubertusB folded before Flop (didn't bet)



PokerStars Zoom Hand #186688986016:  Hold'em No Limit ($0.02/$0.05) - 2018/05/21 21:54:30 CCT [2018/05/21 9:54:30 ET]
Table 'Donati' 6-max Seat #1 is the button
Seat 1: FightMe!-LOOSER ($7.05 in chips) 
Seat 2: smoot21 ($5.07 in chips) 
Seat 3: Olimhon ($4.57 in chips) 
Seat 4: XXXiao ($34.30 in chips) 
Seat 5: HubertusB ($5.10 in chips) 
Seat 6: TheFibonachi ($7.68 in chips) 
smoot21: posts small blind $0.02
Olimhon: posts big blind $0.05
*** HOLE CARDS ***
Dealt to HubertusB [Ac Ah]
XXXiao: folds 
HubertusB: raises $0.10 to $0.15
TheFibonachi: folds 
FightMe!-LOOSER: folds 
smoot21: folds 
Olimhon: folds 
Uncalled bet ($0.10) returned to HubertusB
HubertusB collected $0.12 from pot
HubertusB: doesn't show hand 
*** SUMMARY ***
Total pot $0.12 | Rake $0 
Seat 1: FightMe!-LOOSER (button) folded before Flop (didn't bet)
Seat 2: smoot21 (small blind) folded before Flop
Seat 3: Olimhon (big blind) folded before Flop
Seat 4: XXXiao folded before Flop (didn't bet)
Seat 5: HubertusB collected ($0.12)
Seat 6: TheFibonachi folded before Flop (didn't bet)



PokerStars Zoom Hand #186688993371:  Hold'em No Limit ($0.02/$0.05) - 2018/05/21 21:54:45 CCT [2018/05/21 9:54:45 ET]
Table 'Donati' 6-max Seat #1 is the button
Seat 1: etd.poker ($5.90 in chips) 
Seat 2: Genildopoker ($2.51 in chips) 
Seat 3: HubertusB ($5.17 in chips) 
Seat 4: ProjetRed ($5 in chips) 
Seat 5: UmZlosT'Sila ($5.55 in chips) 
Seat 6: aaw990619 ($5.43 in chips) 
Genildopoker: posts small blind $0.02
HubertusB: posts big blind $0.05
*** HOLE CARDS ***
Dealt to HubertusB [Js 6c]
ProjetRed: folds 
UmZlosT'Sila: folds 
aaw990619: folds 
etd.poker: folds 
Genildopoker: calls $0.03
HubertusB: checks 
*** FLOP *** [9h Jc Kd]
Genildopoker: checks 
HubertusB: checks 
*** TURN *** [9h Jc Kd] [9d]
Genildopoker: checks 
HubertusB: bets $0.05
Genildopoker: calls $0.05
*** RIVER *** [9h Jc Kd 9d] [4h]
Genildopoker: checks 
HubertusB: bets $0.10
Genildopoker: folds 
Uncalled bet ($0.10) returned to HubertusB
HubertusB collected $0.19 from pot
HubertusB: doesn't show hand 
*** SUMMARY ***
Total pot $0.20 | Rake $0.01 
Board [9h Jc Kd 9d 4h]
Seat 1: etd.poker (button) folded before Flop (didn't bet)
Seat 2: Genildopoker (small blind) folded on the River
Seat 3: HubertusB (big blind) collected ($0.19)
Seat 4: ProjetRed folded before Flop (didn't bet)
Seat 5: UmZlosT'Sila folded before Flop (didn't bet)
Seat 6: aaw990619 folded before Flop (didn't bet)



PokerStars Zoom Hand #186689017820:  Hold'em No Limit ($0.02/$0.05) - 2018/05/21 21:55:40 CCT [2018/05/21 9:55:40 ET]
Table 'Donati' 6-max Seat #1 is the button
Seat 1: HubertusB ($5.24 in chips) 
Seat 2: 183622w2nd ($2.99 in chips) 
Seat 3: TU-95 ($4.01 in chips) 
Seat 4: NERMIN_PEKI ($6.95 in chips) 
Seat 5: Quellesurpr ($4.94 in chips) 
Seat 6: WEIPEI1 ($5.48 in chips) 
183622w2nd: posts small blind $0.02
TU-95: posts big blind $0.05
*** HOLE CARDS ***
Dealt to HubertusB [8s 7h]
NERMIN_PEKI: raises $0.05 to $0.10
Quellesurpr: folds 
WEIPEI1: folds 
HubertusB: folds 
183622w2nd: folds 
TU-95: folds 
Uncalled bet ($0.05) returned to NERMIN_PEKI
NERMIN_PEKI collected $0.12 from pot
NERMIN_PEKI: doesn't show hand 
*** SUMMARY ***
Total pot $0.12 | Rake $0 
Seat 1: HubertusB (button) folded before Flop (didn't bet)
Seat 2: 183622w2nd (small blind) folded before Flop
Seat 3: TU-95 (big blind) folded before Flop
Seat 4: NERMIN_PEKI collected ($0.12)
Seat 5: Quellesurpr folded before Flop (didn't bet)
Seat 6: WEIPEI1 folded before Flop (didn't bet)



PokerStars Zoom Hand #186689015788:  Hold'em No Limit ($0.02/$0.05) - 2018/05/21 21:55:35 CCT [2018/05/21 9:55:35 ET]
Table 'Donati' 6-max Seat #1 is the button
Seat 1: pointout91 ($10.37 in chips) 
Seat 2: HubertusB ($5.26 in chips) 
Seat 3: maltrine ($5 in chips) 
Seat 4: Omicron333 ($9.88 in chips) 
Seat 5: cRaZyEiGhT85 ($6.47 in chips) 
Seat 6: born8sleepy ($6.17 in chips) 
HubertusB: posts small blind $0.02
maltrine: posts big blind $0.05
*** HOLE CARDS ***
Dealt to HubertusB [3c Jd]
Omicron333: folds 
cRaZyEiGhT85: raises $0.10 to $0.15
born8sleepy: folds 
pointout91: calls $0.15
HubertusB: folds 
maltrine: calls $0.10
*** FLOP *** [Ad 7s 3h]
maltrine: checks 
cRaZyEiGhT85: checks 
pointout91: checks 
*** TURN *** [Ad 7s 3h] [8h]
maltrine: checks 
cRaZyEiGhT85: checks 
pointout91: checks 
*** RIVER *** [Ad 7s 3h 8h] [Qc]
maltrine: checks 
cRaZyEiGhT85: checks 
pointout91: bets $0.15
maltrine: folds 
cRaZyEiGhT85: folds 
Uncalled bet ($0.15) returned to pointout91
pointout91 collected $0.45 from pot
pointout91: doesn't show hand 
*** SUMMARY ***
Total pot $0.47 | Rake $0.02 
Board [Ad 7s 3h 8h Qc]
Seat 1: pointout91 (button) collected ($0.45)
Seat 2: HubertusB (small blind) folded before Flop
Seat 3: maltrine (big blind) folded on the River
Seat 4: Omicron333 folded before Flop (didn't bet)
Seat 5: cRaZyEiGhT85 folded on the River
Seat 6: born8sleepy folded before Flop (didn't bet)



PokerStars Zoom Hand #186689020306:  Hold'em No Limit ($0.02/$0.05) - 2018/05/21 21:55:46 CCT [2018/05/21 9:55:46 ET]
Table 'Donati' 6-max Seat #1 is the button
Seat 1: winsochi ($5.74 in chips) 
Seat 2: Theodore.t89 ($9.40 in chips) 
Seat 3: maltrine ($5.27 in chips) 
Seat 4: tommy!1986 ($5 in chips) 
Seat 5: HubertusB ($5.24 in chips) 
Seat 6: Leopoldia ($2.33 in chips) 
Theodore.t89: posts small blind $0.02
maltrine: posts big blind $0.05
*** HOLE CARDS ***
Dealt to HubertusB [4c 7d]
tommy!1986: folds 
HubertusB: folds 
Leopoldia: raises $0.05 to $0.10
winsochi: folds 
Theodore.t89: folds 
maltrine: calls $0.05
*** FLOP *** [Ad 4h Qd]
maltrine: checks 
Leopoldia: checks 
*** TURN *** [Ad 4h Qd] [Jd]
maltrine: bets $0.14
Leopoldia: folds 
Uncalled bet ($0.14) returned to maltrine
maltrine collected $0.21 from pot
maltrine: doesn't show hand 
*** SUMMARY ***
Total pot $0.22 | Rake $0.01 
Board [Ad 4h Qd Jd]
Seat 1: winsochi (button) folded before Flop (didn't bet)
Seat 2: Theodore.t89 (small blind) folded before Flop
Seat 3: maltrine (big blind) collected ($0.21)
Seat 4: tommy!1986 folded before Flop (didn't bet)
Seat 5: HubertusB folded before Flop (didn't bet)
Seat 6: Leopoldia folded on the Turn



PokerStars Zoom Hand #186689023651:  Hold'em No Limit ($0.02/$0.05) - 2018/05/21 21:55:54 CCT [2018/05/21 9:55:54 ET]
Table 'Donati' 6-max Seat #1 is the button
Seat 1: joker_95rus ($33.83 in chips) 
Seat 2: WEIPEI1 ($5.78 in chips) 
Seat 3: jeffpig16 ($5 in chips) 
Seat 4: schmilf ($6.03 in chips) 
Seat 5: SHMAG3L ($5.92 in chips) 
Seat 6: HubertusB ($5.24 in chips) 
WEIPEI1: posts small blind $0.02
jeffpig16: posts big blind $0.05
*** HOLE CARDS ***
Dealt to HubertusB [6h Kd]
schmilf: folds 
SHMAG3L: folds 
HubertusB: raises $0.05 to $0.10
joker_95rus: calls $0.10
WEIPEI1: folds 
jeffpig16: folds 
*** FLOP *** [6c 4h 5h]
HubertusB: checks 
joker_95rus: checks 
*** TURN *** [6c 4h 5h] [3c]
HubertusB: checks 
joker_95rus: checks 
*** RIVER *** [6c 4h 5h 3c] [Jc]
HubertusB: checks 
joker_95rus: checks 
*** SHOW DOWN ***
HubertusB: shows [6h Kd] (a pair of Sixes)
joker_95rus: mucks hand 
HubertusB collected $0.26 from pot
*** SUMMARY ***
Total pot $0.27 | Rake $0.01 
Board [6c 4h 5h 3c Jc]
Seat 1: joker_95rus (button) mucked [Ad 8d]
Seat 2: WEIPEI1 (small blind) folded before Flop
Seat 3: jeffpig16 (big blind) folded before Flop
Seat 4: schmilf folded before Flop (didn't bet)
Seat 5: SHMAG3L folded before Flop (didn't bet)
Seat 6: HubertusB showed [6h Kd] and won ($0.26) with a pair of Sixes



PokerStars Zoom Hand #186689013688:  Hold'em No Limit ($0.02/$0.05) - 2018/05/21 21:55:30 CCT [2018/05/21 9:55:30 ET]
Table 'Donati' 6-max Seat #1 is the button
Seat 1: judith.f ($30.38 in chips) 
Seat 2: Spudzoe ($5.07 in chips) 
Seat 3: Rataj89 ($4.36 in chips) 
Seat 4: HubertusB ($5.26 in chips) 
Seat 5: Dmigri ($6.90 in chips) 
Seat 6: wessel2908 ($5.02 in chips) 
Spudzoe: posts small blind $0.02
Rataj89: posts big blind $0.05
*** HOLE CARDS ***
Dealt to HubertusB [7c As]
HubertusB: folds 
Dmigri: raises $0.10 to $0.15
wessel2908: folds 
judith.f: folds 
Spudzoe: folds 
Rataj89: raises $0.35 to $0.50
Dmigri: calls $0.35
*** FLOP *** [Qs 7d 3c]
Rataj89: bets $0.70
Dmigri: calls $0.70
*** TURN *** [Qs 7d 3c] [4c]
Rataj89: bets $1.80
Dmigri: calls $1.80
*** RIVER *** [Qs 7d 3c 4c] [2d]
Rataj89: checks 
Dmigri: bets $1.45
Rataj89: folds 
Uncalled bet ($1.45) returned to Dmigri
Dmigri collected $5.77 from pot
Dmigri: doesn't show hand 
*** SUMMARY ***
Total pot $6.02 | Rake $0.25 
Board [Qs 7d 3c 4c 2d]
Seat 1: judith.f (button) folded before Flop (didn't bet)
Seat 2: Spudzoe (small blind) folded before Flop
Seat 3: Rataj89 (big blind) folded on the River
Seat 4: HubertusB folded before Flop (didn't bet)
Seat 5: Dmigri collected ($5.77)
Seat 6: wessel2908 folded before Flop (didn't bet)



PokerStars Zoom Hand #186689034361:  Hold'em No Limit ($0.02/$0.05) - 2018/05/21 21:56:19 CCT [2018/05/21 9:56:19 ET]
Table 'Donati' 6-max Seat #1 is the button
Seat 1: maltrine ($5 in chips) 
Seat 2: adiaspora12 ($5.78 in chips) 
Seat 3: trelogiatrs3 ($4.34 in chips) 
Seat 4: rombassss ($4.81 in chips) 
Seat 5: HubertusB ($5.40 in chips) 
Seat 6: ThePainter63 ($4.32 in chips) 
adiaspora12: posts small blind $0.02
trelogiatrs3: posts big blind $0.05
*** HOLE CARDS ***
Dealt to HubertusB [3s Ks]
rombassss: raises $0.10 to $0.15
HubertusB: raises $0.30 to $0.45
ThePainter63: folds 
maltrine: folds 
adiaspora12: folds 
trelogiatrs3: folds 
rombassss: calls $0.30
*** FLOP *** [3h 8h Ad]
rombassss: checks 
HubertusB: bets $0.35
rombassss: calls $0.35
*** TURN *** [3h 8h Ad] [7h]
rombassss: checks 
HubertusB: checks 
*** RIVER *** [3h 8h Ad 7h] [Jh]
rombassss: checks 
HubertusB: bets $0.80
rombassss: folds 
Uncalled bet ($0.80) returned to HubertusB
HubertusB collected $1.60 from pot
HubertusB: doesn't show hand 
*** SUMMARY ***
Total pot $1.67 | Rake $0.07 
Board [3h 8h Ad 7h Jh]
Seat 1: maltrine (button) folded before Flop (didn't bet)
Seat 2: adiaspora12 (small blind) folded before Flop
Seat 3: trelogiatrs3 (big blind) folded before Flop
Seat 4: rombassss folded on the River
Seat 5: HubertusB collected ($1.60)
Seat 6: ThePainter63 folded before Flop (didn't bet)



PokerStars Zoom Hand #186689059764:  Hold'em No Limit ($0.02/$0.05) - 2018/05/21 21:57:19 CCT [2018/05/21 9:57:19 ET]
Table 'Donati' 6-max Seat #1 is the button
Seat 1: nonrev78 ($5.69 in chips) 
Seat 2: mopsrenat ($5.95 in chips) 
Seat 3: HubertusB ($6.20 in chips) 
Seat 4: qk rodriguez ($5 in chips) 
Seat 5: Yroslav Mudr ($11.16 in chips) 
Seat 6: Dimarik9593 ($1.11 in chips) 
mopsrenat: posts small blind $0.02
HubertusB: posts big blind $0.05
*** HOLE CARDS ***
Dealt to HubertusB [5d 8c]
qk rodriguez: folds 
Yroslav Mudr: folds 
Dimarik9593: folds 
nonrev78: folds 
mopsrenat: folds 
Uncalled bet ($0.03) returned to HubertusB
HubertusB collected $0.04 from pot
HubertusB: doesn't show hand 
*** SUMMARY ***
Total pot $0.04 | Rake $0 
Seat 1: nonrev78 (button) folded before Flop (didn't bet)
Seat 2: mopsrenat (small blind) folded before Flop
Seat 3: HubertusB (big blind) collected ($0.04)
Seat 4: qk rodriguez folded before Flop (didn't bet)
Seat 5: Yroslav Mudr folded before Flop (didn't bet)
Seat 6: Dimarik9593 folded before Flop (didn't bet)



PokerStars Zoom Hand #186689064885:  Hold'em No Limit ($0.02/$0.05) - 2018/05/21 21:57:31 CCT [2018/05/21 9:57:31 ET]
Table 'Donati' 6-max Seat #1 is the button
Seat 1: chips010 ($2.96 in chips) 
Seat 2: HubertusB ($6.22 in chips) 
Seat 3: ILNAZ2307 ($4.67 in chips) 
Seat 4: Draugsvoll ($6.49 in chips) 
Seat 5: HPV1209 ($5.65 in chips) 
Seat 6: HARTEN1 ($10.64 in chips) 
HubertusB: posts small blind $0.02
ILNAZ2307: posts big blind $0.05
*** HOLE CARDS ***
Dealt to HubertusB [3d Th]
Draugsvoll: folds 
HPV1209: folds 
HARTEN1: folds 
chips010: raises $0.10 to $0.15
HubertusB: folds 
ILNAZ2307: folds 
Uncalled bet ($0.10) returned to chips010
chips010 collected $0.12 from pot
chips010: doesn't show hand 
*** SUMMARY ***
Total pot $0.12 | Rake $0 
Seat 1: chips010 (button) collected ($0.12)
Seat 2: HubertusB (small blind) folded before Flop
Seat 3: ILNAZ2307 (big blind) folded before Flop
Seat 4: Draugsvoll folded before Flop (didn't bet)
Seat 5: HPV1209 folded before Flop (didn't bet)
Seat 6: HARTEN1 folded before Flop (didn't bet)



PokerStars Zoom Hand #186689069104:  Hold'em No Limit ($0.02/$0.05) - 2018/05/21 21:57:41 CCT [2018/05/21 9:57:41 ET]
Table 'Donati' 6-max Seat #1 is the button
Seat 1: HubertusB ($6.20 in chips) 
Seat 2: smoot21 ($5.48 in chips) 
Seat 3: kranovoy22 ($10.52 in chips) 
Seat 4: nonrev78 ($5.69 in chips) 
Seat 5: offuca ($5.03 in chips) 
Seat 6: csöri83 ($7.07 in chips) 
smoot21: posts small blind $0.02
kranovoy22: posts big blind $0.05
*** HOLE CARDS ***
Dealt to HubertusB [Tc 7h]
nonrev78: folds 
offuca: folds 
csöri83: raises $0.12 to $0.17
HubertusB: folds 
smoot21: folds 
kranovoy22: folds 
Uncalled bet ($0.12) returned to csöri83
csöri83 collected $0.12 from pot
csöri83: doesn't show hand 
*** SUMMARY ***
Total pot $0.12 | Rake $0 
Seat 1: HubertusB (button) folded before Flop (didn't bet)
Seat 2: smoot21 (small blind) folded before Flop
Seat 3: kranovoy22 (big blind) folded before Flop
Seat 4: nonrev78 folded before Flop (didn't bet)
Seat 5: offuca folded before Flop (didn't bet)
Seat 6: csöri83 collected ($0.12)



PokerStars Zoom Hand #186689067035:  Hold'em No Limit ($0.02/$0.05) - 2018/05/21 21:57:36 CCT [2018/05/21 9:57:36 ET]
Table 'Donati' 6-max Seat #1 is the button
Seat 1: Tqlkkk-_- ($7.87 in chips) 
Seat 2: Grussbote ($11.20 in chips) 
Seat 3: komar665 ($4.64 in chips) 
Seat 4: HubertusB ($6.20 in chips) 
Seat 5: C-class man ($11.50 in chips) 
Seat 6: Grilojdi ($2.43 in chips) 
Grussbote: posts small blind $0.02
komar665: posts big blind $0.05
*** HOLE CARDS ***
Dealt to HubertusB [8d 2d]
HubertusB: folds 
C-class man: folds 
Grilojdi: folds 
Tqlkkk-_-: raises $0.07 to $0.12
Grussbote: folds 
komar665: calls $0.07
*** FLOP *** [Qh 2s 2c]
komar665: checks 
Tqlkkk-_-: bets $0.17
komar665: calls $0.17
*** TURN *** [Qh 2s 2c] [Ad]
komar665: checks 
Tqlkkk-_-: bets $0.39
komar665: calls $0.39
*** RIVER *** [Qh 2s 2c Ad] [7s]
komar665: checks 
Tqlkkk-_-: checks 
*** SHOW DOWN ***
komar665: shows [As 8s] (two pair, Aces and Deuces)
Tqlkkk-_-: mucks hand 
komar665 collected $1.32 from pot
*** SUMMARY ***
Total pot $1.38 | Rake $0.06 
Board [Qh 2s 2c Ad 7s]
Seat 1: Tqlkkk-_- (button) mucked [7d 3d]
Seat 2: Grussbote (small blind) folded before Flop
Seat 3: komar665 (big blind) showed [As 8s] and won ($1.32) with two pair, Aces and Deuces
Seat 4: HubertusB folded before Flop (didn't bet)
Seat 5: C-class man folded before Flop (didn't bet)
Seat 6: Grilojdi folded before Flop (didn't bet)



PokerStars Zoom Hand #186689071718:  Hold'em No Limit ($0.02/$0.05) - 2018/05/21 21:57:47 CCT [2018/05/21 9:57:47 ET]
Table 'Donati' 6-max Seat #1 is the button
Seat 1: HPV1209 ($3.63 in chips) 
Seat 2: clarkin1 ($2.40 in chips) 
Seat 3: DaQQQ ($4.73 in chips) 
Seat 4: Hamaris ($10.44 in chips) 
Seat 5: Ornivas ($3.53 in chips) 
Seat 6: HubertusB ($6.20 in chips) 
clarkin1: posts small blind $0.02
DaQQQ: posts big blind $0.05
*** HOLE CARDS ***
Dealt to HubertusB [Qh Ac]
Hamaris: raises $0.10 to $0.15
Ornivas: folds 
HubertusB: calls $0.15
HPV1209: folds 
clarkin1: folds 
DaQQQ: folds 
*** FLOP *** [Qc Qs 2s]
Hamaris: bets $0.20
HubertusB: calls $0.20
*** TURN *** [Qc Qs 2s] [7h]
Hamaris: bets $0.35
HubertusB: raises $0.60 to $0.95
Hamaris: folds 
Uncalled bet ($0.60) returned to HubertusB
HubertusB collected $1.41 from pot
HubertusB: doesn't show hand 
*** SUMMARY ***
Total pot $1.47 | Rake $0.06 
Board [Qc Qs 2s 7h]
Seat 1: HPV1209 (button) folded before Flop (didn't bet)
Seat 2: clarkin1 (small blind) folded before Flop
Seat 3: DaQQQ (big blind) folded before Flop
Seat 4: Hamaris folded on the Turn
Seat 5: Ornivas folded before Flop (didn't bet)
Seat 6: HubertusB collected ($1.41)



PokerStars Zoom Hand #186689091747:  Hold'em No Limit ($0.02/$0.05) - 2018/05/21 21:58:34 CCT [2018/05/21 9:58:34 ET]
Table 'Donati' 6-max Seat #1 is the button
Seat 1: arti192837 ($11.14 in chips) 
Seat 2: ilynskiy ($7.18 in chips) 
Seat 3: HubertusB ($6.91 in chips) 
Seat 4: prm4life ($5.01 in chips) 
Seat 5: GLaDOS2 ($5 in chips) 
Seat 6: titop_Vector ($5.05 in chips) 
ilynskiy: posts small blind $0.02
HubertusB: posts big blind $0.05
*** HOLE CARDS ***
Dealt to HubertusB [Td 8c]
prm4life: folds 
GLaDOS2: folds 
titop_Vector: folds 
arti192837: folds 
ilynskiy: folds 
Uncalled bet ($0.03) returned to HubertusB
HubertusB collected $0.04 from pot
HubertusB: doesn't show hand 
*** SUMMARY ***
Total pot $0.04 | Rake $0 
Seat 1: arti192837 (button) folded before Flop (didn't bet)
Seat 2: ilynskiy (small blind) folded before Flop
Seat 3: HubertusB (big blind) collected ($0.04)
Seat 4: prm4life folded before Flop (didn't bet)
Seat 5: GLaDOS2 folded before Flop (didn't bet)
Seat 6: titop_Vector folded before Flop (didn't bet)



PokerStars Zoom Hand #186689089627:  Hold'em No Limit ($0.02/$0.05) - 2018/05/21 21:58:29 CCT [2018/05/21 9:58:29 ET]
Table 'Donati' 6-max Seat #1 is the button
Seat 1: BestHandle ($3.09 in chips) 
Seat 2: Tqlkkk-_- ($5 in chips) 
Seat 3: VladTim ($5.82 in chips) 
Seat 4: HubertusB ($6.91 in chips) 
Seat 5: pashqadk ($5.29 in chips) 
Seat 6: falcao991 ($5 in chips) 
Tqlkkk-_-: posts small blind $0.02
VladTim: posts big blind $0.05
*** HOLE CARDS ***
Dealt to HubertusB [Js 8c]
HubertusB: folds 
pashqadk: raises $0.10 to $0.15
falcao991: folds 
BestHandle: folds 
Tqlkkk-_-: folds 
VladTim: calls $0.10
*** FLOP *** [7h Ad 3d]
VladTim: checks 
pashqadk: bets $0.20
VladTim: folds 
Uncalled bet ($0.20) returned to pashqadk
pashqadk collected $0.31 from pot
pashqadk: doesn't show hand 
*** SUMMARY ***
Total pot $0.32 | Rake $0.01 
Board [7h Ad 3d]
Seat 1: BestHandle (button) folded before Flop (didn't bet)
Seat 2: Tqlkkk-_- (small blind) folded before Flop
Seat 3: VladTim (big blind) folded on the Flop
Seat 4: HubertusB folded before Flop (didn't bet)
Seat 5: pashqadk collected ($0.31)
Seat 6: falcao991 folded before Flop (didn't bet)



PokerStars Zoom Hand #186689097712:  Hold'em No Limit ($0.02/$0.05) - 2018/05/21 21:58:48 CCT [2018/05/21 9:58:48 ET]
Table 'Donati' 6-max Seat #1 is the button
Seat 1: drk55 ($20.45 in chips) 
Seat 2: HubertusB ($6.93 in chips) 
Seat 3: vabako ($10.10 in chips) 
Seat 4: Yaha 09 ($5 in chips) 
Seat 5: cRaZyEiGhT85 ($8.40 in chips) 
Seat 6: smoot21 ($8.37 in chips) 
HubertusB: posts small blind $0.02
vabako: posts big blind $0.05
*** HOLE CARDS ***
Dealt to HubertusB [Js 9c]
Yaha 09: folds 
cRaZyEiGhT85: folds 
smoot21: raises $0.05 to $0.10
drk55: folds 
HubertusB: folds 
vabako: calls $0.05
*** FLOP *** [8c 4d 4h]
vabako: checks 
smoot21: bets $0.13
vabako: folds 
Uncalled bet ($0.13) returned to smoot21
smoot21 collected $0.21 from pot
smoot21: doesn't show hand 
*** SUMMARY ***
Total pot $0.22 | Rake $0.01 
Board [8c 4d 4h]
Seat 1: drk55 (button) folded before Flop (didn't bet)
Seat 2: HubertusB (small blind) folded before Flop
Seat 3: vabako (big blind) folded on the Flop
Seat 4: Yaha 09 folded before Flop (didn't bet)
Seat 5: cRaZyEiGhT85 folded before Flop (didn't bet)
Seat 6: smoot21 collected ($0.21)



PokerStars Zoom Hand #186689103725:  Hold'em No Limit ($0.02/$0.05) - 2018/05/21 21:59:02 CCT [2018/05/21 9:59:02 ET]
Table 'Donati' 6-max Seat #1 is the button
Seat 1: HubertusB ($6.91 in chips) 
Seat 2: BL4CK11 ($5 in chips) 
Seat 3: swimmingsu ($5.37 in chips) 
Seat 4: sizuu1225 ($5 in chips) 
Seat 5: LOrd90.1337 ($3.45 in chips) 
Seat 6: JuraV.31 ($3.01 in chips) 
BL4CK11: posts small blind $0.02
swimmingsu: posts big blind $0.05
*** HOLE CARDS ***
Dealt to HubertusB [Ac 9s]
sizuu1225: folds 
LOrd90.1337: folds 
JuraV.31: folds 
HubertusB: raises $0.05 to $0.10
BL4CK11: raises $0.35 to $0.45
swimmingsu: folds 
HubertusB: folds 
Uncalled bet ($0.35) returned to BL4CK11
BL4CK11 collected $0.25 from pot
BL4CK11: doesn't show hand 
*** SUMMARY ***
Total pot $0.25 | Rake $0 
Seat 1: HubertusB (button) folded before Flop
Seat 2: BL4CK11 (small blind) collected ($0.25)
Seat 3: swimmingsu (big blind) folded before Flop
Seat 4: sizuu1225 folded before Flop (didn't bet)
Seat 5: LOrd90.1337 folded before Flop (didn't bet)
Seat 6: JuraV.31 folded before Flop (didn't bet)



PokerStars Zoom Hand #186689113941:  Hold'em No Limit ($0.02/$0.05) - 2018/05/21 21:59:26 CCT [2018/05/21 9:59:26 ET]
Table 'Donati' 6-max Seat #1 is the button
Seat 1: Rusherito87 ($10.26 in chips) 
Seat 2: metalblack ($4.88 in chips) 
Seat 3: Omicron333 ($11.05 in chips) 
Seat 4: Savavlad97 ($11.50 in chips) 
Seat 5: Raika_364 ($7.43 in chips) 
Seat 6: HubertusB ($6.81 in chips) 
metalblack: posts small blind $0.02
Omicron333: posts big blind $0.05
*** HOLE CARDS ***
Dealt to HubertusB [9d 3s]
Savavlad97: folds 
Raika_364: folds 
HubertusB: folds 
Rusherito87: folds 
metalblack: folds 
Uncalled bet ($0.03) returned to Omicron333
Omicron333 collected $0.04 from pot
Omicron333: doesn't show hand 
*** SUMMARY ***
Total pot $0.04 | Rake $0 
Seat 1: Rusherito87 (button) folded before Flop (didn't bet)
Seat 2: metalblack (small blind) folded before Flop
Seat 3: Omicron333 (big blind) collected ($0.04)
Seat 4: Savavlad97 folded before Flop (didn't bet)
Seat 5: Raika_364 folded before Flop (didn't bet)
Seat 6: HubertusB folded before Flop (didn't bet)



PokerStars Zoom Hand #186689116965:  Hold'em No Limit ($0.02/$0.05) - 2018/05/21 21:59:33 CCT [2018/05/21 9:59:33 ET]
Table 'Donati' 6-max Seat #1 is the button
Seat 1: pashqadk ($5.38 in chips) 
Seat 2: anrom888 ($2.08 in chips) 
Seat 3: ZulundeR ($3.92 in chips) 
Seat 4: PUSSI228 ($3.31 in chips) 
Seat 5: HubertusB ($6.81 in chips) 
Seat 6: pointout91 ($10.59 in chips) 
anrom888: posts small blind $0.02
ZulundeR: posts big blind $0.05
*** HOLE CARDS ***
Dealt to HubertusB [8h Qc]
PUSSI228: folds 
HubertusB: folds 
pointout91: folds 
pashqadk: folds 
anrom888: folds 
Uncalled bet ($0.03) returned to ZulundeR
ZulundeR collected $0.04 from pot
ZulundeR: doesn't show hand 
*** SUMMARY ***
Total pot $0.04 | Rake $0 
Seat 1: pashqadk (button) folded before Flop (didn't bet)
Seat 2: anrom888 (small blind) folded before Flop
Seat 3: ZulundeR (big blind) collected ($0.04)
Seat 4: PUSSI228 folded before Flop (didn't bet)
Seat 5: HubertusB folded before Flop (didn't bet)
Seat 6: pointout91 folded before Flop (didn't bet)



PokerStars Zoom Hand #186689119560:  Hold'em No Limit ($0.02/$0.05) - 2018/05/21 21:59:39 CCT [2018/05/21 9:59:39 ET]
Table 'Donati' 6-max Seat #1 is the button
Seat 1: TheFibonachi ($4.58 in chips) 
Seat 2: pashqadk ($5 in chips) 
Seat 3: ThePainter63 ($4.38 in chips) 
Seat 4: HubertusB ($6.81 in chips) 
Seat 5: Ornivas ($3.38 in chips) 
Seat 6: qk rodriguez ($5.02 in chips) 
pashqadk: posts small blind $0.02
ThePainter63: posts big blind $0.05
*** HOLE CARDS ***
Dealt to HubertusB [Ks 2h]
HubertusB: folds 
Ornivas: raises $0.10 to $0.15
qk rodriguez: folds 
TheFibonachi: folds 
pashqadk: folds 
ThePainter63: folds 
Uncalled bet ($0.10) returned to Ornivas
Ornivas collected $0.12 from pot
Ornivas: doesn't show hand 
*** SUMMARY ***
Total pot $0.12 | Rake $0 
Seat 1: TheFibonachi (button) folded before Flop (didn't bet)
Seat 2: pashqadk (small blind) folded before Flop
Seat 3: ThePainter63 (big blind) folded before Flop
Seat 4: HubertusB folded before Flop (didn't bet)
Seat 5: Ornivas collected ($0.12)
Seat 6: qk rodriguez folded before Flop (didn't bet)



PokerStars Zoom Hand #186689122550:  Hold'em No Limit ($0.02/$0.05) - 2018/05/21 21:59:46 CCT [2018/05/21 9:59:46 ET]
Table 'Donati' 6-max Seat #1 is the button
Seat 1: pointout91 ($7.78 in chips) 
Seat 2: HubertusB ($6.81 in chips) 
Seat 3: Derter25 ($5.96 in chips) 
Seat 4: VladTim ($5.74 in chips) 
Seat 5: dominant111 ($10.13 in chips) 
Seat 6: drago2027 ($1.84 in chips) 
HubertusB: posts small blind $0.02
Derter25: posts big blind $0.05
*** HOLE CARDS ***
Dealt to HubertusB [4c 5c]
VladTim: folds 
dominant111: folds 
drago2027: calls $0.05
pointout91: folds 
HubertusB: calls $0.03
Derter25: checks 
*** FLOP *** [Ks 7d Qh]
HubertusB: checks 
Derter25: checks 
drago2027: bets $0.05
HubertusB: folds 
Derter25: folds 
Uncalled bet ($0.05) returned to drago2027
drago2027 collected $0.14 from pot
drago2027: doesn't show hand 
*** SUMMARY ***
Total pot $0.15 | Rake $0.01 
Board [Ks 7d Qh]
Seat 1: pointout91 (button) folded before Flop (didn't bet)
Seat 2: HubertusB (small blind) folded on the Flop
Seat 3: Derter25 (big blind) folded on the Flop
Seat 4: VladTim folded before Flop (didn't bet)
Seat 5: dominant111 folded before Flop (didn't bet)
Seat 6: drago2027 collected ($0.14)



PokerStars Zoom Hand #186689133205:  Hold'em No Limit ($0.02/$0.05) - 2018/05/21 22:00:11 CCT [2018/05/21 10:00:11 ET]
Table 'Donati' 6-max Seat #1 is the button
Seat 1: jeffpig16 ($5.37 in chips) 
Seat 2: drk55 ($11.47 in chips) 
Seat 3: HubertusB ($6.76 in chips) 
Seat 4: Dmigri ($5.58 in chips) 
Seat 5: Rataj89 ($4.95 in chips) 
Seat 6: RAIN_ACID ($4.18 in chips) 
drk55: posts small blind $0.02
HubertusB: posts big blind $0.05
*** HOLE CARDS ***
Dealt to HubertusB [6s Td]
Dmigri: folds 
Rataj89: folds 
RAIN_ACID: folds 
jeffpig16: folds 
drk55: folds 
Uncalled bet ($0.03) returned to HubertusB
HubertusB collected $0.04 from pot
HubertusB: doesn't show hand 
*** SUMMARY ***
Total pot $0.04 | Rake $0 
Seat 1: jeffpig16 (button) folded before Flop (didn't bet)
Seat 2: drk55 (small blind) folded before Flop
Seat 3: HubertusB (big blind) collected ($0.04)
Seat 4: Dmigri folded before Flop (didn't bet)
Seat 5: Rataj89 folded before Flop (didn't bet)
Seat 6: RAIN_ACID folded before Flop (didn't bet)



PokerStars Zoom Hand #186689137679:  Hold'em No Limit ($0.02/$0.05) - 2018/05/21 22:00:21 CCT [2018/05/21 10:00:21 ET]
Table 'Donati' 6-max Seat #1 is the button
Seat 1: HubertusB ($6.78 in chips) 
Seat 2: FoR_Shai ($5.16 in chips) 
Seat 3: esycall ($5.05 in chips) 
Seat 4: Levison ($7.73 in chips) 
Seat 5: clarkin1 ($2.74 in chips) 
Seat 6: qk rodriguez ($5.02 in chips) 
FoR_Shai: posts small blind $0.02
esycall: posts big blind $0.05
*** HOLE CARDS ***
Dealt to HubertusB [Qs 5s]
Levison: folds 
clarkin1: folds 
qk rodriguez: folds 
HubertusB: raises $0.05 to $0.10
FoR_Shai: folds 
esycall: folds 
Uncalled bet ($0.05) returned to HubertusB
HubertusB collected $0.12 from pot
HubertusB: doesn't show hand 
*** SUMMARY ***
Total pot $0.12 | Rake $0 
Seat 1: HubertusB (button) collected ($0.12)
Seat 2: FoR_Shai (small blind) folded before Flop
Seat 3: esycall (big blind) folded before Flop
Seat 4: Levison folded before Flop (didn't bet)
Seat 5: clarkin1 folded before Flop (didn't bet)
Seat 6: qk rodriguez folded before Flop (didn't bet)



PokerStars Zoom Hand #186689143067:  Hold'em No Limit ($0.02/$0.05) - 2018/05/21 22:00:33 CCT [2018/05/21 10:00:33 ET]
Table 'Donati' 6-max Seat #1 is the button
Seat 1: Mimmihaj ($2.07 in chips) 
Seat 2: Aleble285 ($4.98 in chips) 
Seat 3: MolodoyVanya ($6.01 in chips) 
Seat 4: liliy_yama ($5.05 in chips) 
Seat 5: xerocross ($4.61 in chips) 
Seat 6: HubertusB ($6.85 in chips) 
Aleble285: posts small blind $0.02
MolodoyVanya: posts big blind $0.05
*** HOLE CARDS ***
Dealt to HubertusB [Ah 2h]
liliy_yama: raises $0.10 to $0.15
xerocross: folds 
HubertusB: raises $0.30 to $0.45
Mimmihaj: folds 
Aleble285: folds 
MolodoyVanya: folds 
liliy_yama: raises $0.95 to $1.40
HubertusB: folds 
Uncalled bet ($0.95) returned to liliy_yama
liliy_yama collected $0.97 from pot
liliy_yama: doesn't show hand 
*** SUMMARY ***
Total pot $0.97 | Rake $0 
Seat 1: Mimmihaj (button) folded before Flop (didn't bet)
Seat 2: Aleble285 (small blind) folded before Flop
Seat 3: MolodoyVanya (big blind) folded before Flop
Seat 4: liliy_yama collected ($0.97)
Seat 5: xerocross folded before Flop (didn't bet)
Seat 6: HubertusB folded before Flop



PokerStars Zoom Hand #186689156363:  Hold'em No Limit ($0.02/$0.05) - 2018/05/21 22:01:02 CCT [2018/05/21 10:01:02 ET]
Table 'Donati' 6-max Seat #1 is the button
Seat 1: tokigori ($8.88 in chips) 
Seat 2: genya929 ($3.12 in chips) 
Seat 3: swimmingsu ($6.41 in chips) 
Seat 4: Derter25 ($5.82 in chips) 
Seat 5: HubertusB ($6.40 in chips) 
Seat 6: zoneafly ($8.28 in chips) 
genya929: posts small blind $0.02
swimmingsu: posts big blind $0.05
*** HOLE CARDS ***
Dealt to HubertusB [4c 2c]
Derter25: raises $0.10 to $0.15
HubertusB: folds 
zoneafly: folds 
tokigori: calls $0.15
genya929: calls $0.13
swimmingsu: folds 
*** FLOP *** [9s As 2s]
genya929: bets $0.05
Derter25: raises $0.29 to $0.34
tokigori: folds 
genya929: folds 
Uncalled bet ($0.29) returned to Derter25
Derter25 collected $0.58 from pot
Derter25: doesn't show hand 
*** SUMMARY ***
Total pot $0.60 | Rake $0.02 
Board [9s As 2s]
Seat 1: tokigori (button) folded on the Flop
Seat 2: genya929 (small blind) folded on the Flop
Seat 3: swimmingsu (big blind) folded before Flop
Seat 4: Derter25 collected ($0.58)
Seat 5: HubertusB folded before Flop (didn't bet)
Seat 6: zoneafly folded before Flop (didn't bet)



PokerStars Zoom Hand #186689160657:  Hold'em No Limit ($0.02/$0.05) - 2018/05/21 22:01:11 CCT [2018/05/21 10:01:11 ET]
Table 'Donati' 6-max Seat #1 is the button
Seat 1: Ky3M14 ($4.09 in chips) 
Seat 2: fbimerg86 ($5.02 in chips) 
Seat 3: HubertusB ($6.40 in chips) 
Seat 4: CafeDay ($5 in chips) 
Seat 5: Spudzoe ($8.65 in chips) 
Seat 6: eliasfleitas ($14.43 in chips) 
fbimerg86: posts small blind $0.02
HubertusB: posts big blind $0.05
*** HOLE CARDS ***
Dealt to HubertusB [Ad 7d]
CafeDay: folds 
Spudzoe: folds 
eliasfleitas: folds 
Ky3M14: raises $0.10 to $0.15
fbimerg86: folds 
HubertusB: raises $0.30 to $0.45
Ky3M14: raises $0.85 to $1.30
HubertusB: raises $5.10 to $6.40 and is all-in
Ky3M14: calls $2.79 and is all-in
Uncalled bet ($2.31) returned to HubertusB
*** FLOP *** [Jc 3c Qd]
*** TURN *** [Jc 3c Qd] [9d]
*** RIVER *** [Jc 3c Qd 9d] [6s]
*** SHOW DOWN ***
HubertusB: shows [Ad 7d] (high card Ace)
Ky3M14: shows [4h Ah] (high card Ace - lower kicker)
HubertusB collected $7.86 from pot
*** SUMMARY ***
Total pot $8.20 | Rake $0.34 
Board [Jc 3c Qd 9d 6s]
Seat 1: Ky3M14 (button) showed [4h Ah] and lost with high card Ace
Seat 2: fbimerg86 (small blind) folded before Flop
Seat 3: HubertusB (big blind) showed [Ad 7d] and won ($7.86) with high card Ace
Seat 4: CafeDay folded before Flop (didn't bet)
Seat 5: Spudzoe folded before Flop (didn't bet)
Seat 6: eliasfleitas folded before Flop (didn't bet)



PokerStars Zoom Hand #186689175083:  Hold'em No Limit ($0.02/$0.05) - 2018/05/21 22:01:41 CCT [2018/05/21 10:01:41 ET]
Table 'Donati' 6-max Seat #1 is the button
Seat 1: LQ Wu ($4.95 in chips) 
Seat 2: 11parkjj1 ($6.93 in chips) 
Seat 3: Bluecrust ($5.74 in chips) 
Seat 4: HubertusB ($10.17 in chips) 
Seat 5: STARteamPR0 ($5.29 in chips) 
Seat 6: smasaken ($4.88 in chips) 
11parkjj1: posts small blind $0.02
Bluecrust: posts big blind $0.05
*** HOLE CARDS ***
Dealt to HubertusB [Td 6h]
HubertusB: folds 
STARteamPR0: folds 
smasaken: folds 
LQ Wu: raises $0.10 to $0.15
11parkjj1: folds 
Bluecrust: folds 
Uncalled bet ($0.10) returned to LQ Wu
LQ Wu collected $0.12 from pot
LQ Wu: doesn't show hand 
*** SUMMARY ***
Total pot $0.12 | Rake $0 
Seat 1: LQ Wu (button) collected ($0.12)
Seat 2: 11parkjj1 (small blind) folded before Flop
Seat 3: Bluecrust (big blind) folded before Flop
Seat 4: HubertusB folded before Flop (didn't bet)
Seat 5: STARteamPR0 folded before Flop (didn't bet)
Seat 6: smasaken folded before Flop (didn't bet)



PokerStars Zoom Hand #186689178536:  Hold'em No Limit ($0.02/$0.05) - 2018/05/21 22:01:48 CCT [2018/05/21 10:01:48 ET]
Table 'Donati' 6-max Seat #1 is the button
Seat 1: MoòSh ($21.06 in chips) 
Seat 2: HubertusB ($10.17 in chips) 
Seat 3: mopsrenat ($8.84 in chips) 
Seat 4: marcioadrs ($6.22 in chips) 
Seat 5: qk rodriguez ($5.15 in chips) 
Seat 6: bushman86511 ($3.45 in chips) 
HubertusB: posts small blind $0.02
mopsrenat: posts big blind $0.05
*** HOLE CARDS ***
Dealt to HubertusB [8h 6d]
marcioadrs: folds 
qk rodriguez: raises $0.10 to $0.15
bushman86511: folds 
MoòSh: folds 
HubertusB: folds 
mopsrenat: folds 
Uncalled bet ($0.10) returned to qk rodriguez
qk rodriguez collected $0.12 from pot
qk rodriguez: doesn't show hand 
*** SUMMARY ***
Total pot $0.12 | Rake $0 
Seat 1: MoòSh (button) folded before Flop (didn't bet)
Seat 2: HubertusB (small blind) folded before Flop
Seat 3: mopsrenat (big blind) folded before Flop
Seat 4: marcioadrs folded before Flop (didn't bet)
Seat 5: qk rodriguez collected ($0.12)
Seat 6: bushman86511 folded before Flop (didn't bet)



PokerStars Zoom Hand #186689184289:  Hold'em No Limit ($0.02/$0.05) - 2018/05/21 22:01:59 CCT [2018/05/21 10:01:59 ET]
Table 'Donati' 6-max Seat #1 is the button
Seat 1: HubertusB ($10.15 in chips) 
Seat 2: n3ur0n84 ($5.07 in chips) 
Seat 3: Dokerokk23 ($20.80 in chips) 
Seat 4: angel4977 ($5.28 in chips) 
Seat 5: belmain.by ($5.19 in chips) 
Seat 6: marcioadrs ($9.34 in chips) 
n3ur0n84: posts small blind $0.02
Dokerokk23: posts big blind $0.05
*** HOLE CARDS ***
Dealt to HubertusB [6c 9h]
angel4977: raises $0.10 to $0.15
belmain.by: folds 
marcioadrs: folds 
HubertusB: folds 
n3ur0n84: folds 
Dokerokk23: calls $0.10
*** FLOP *** [As 4d Ac]
Dokerokk23: checks 
angel4977: bets $0.10
Dokerokk23: folds 
Uncalled bet ($0.10) returned to angel4977
angel4977 collected $0.31 from pot
angel4977: doesn't show hand 
*** SUMMARY ***
Total pot $0.32 | Rake $0.01 
Board [As 4d Ac]
Seat 1: HubertusB (button) folded before Flop (didn't bet)
Seat 2: n3ur0n84 (small blind) folded before Flop
Seat 3: Dokerokk23 (big blind) folded on the Flop
Seat 4: angel4977 collected ($0.31)
Seat 5: belmain.by folded before Flop (didn't bet)
Seat 6: marcioadrs folded before Flop (didn't bet)



PokerStars Zoom Hand #186689188117:  Hold'em No Limit ($0.02/$0.05) - 2018/05/21 22:02:07 CCT [2018/05/21 10:02:07 ET]
Table 'Donati' 6-max Seat #1 is the button
Seat 1: vakalo ($3.48 in chips) 
Seat 2: LRS888 ($5.02 in chips) 
Seat 3: Timxx7 ($5.57 in chips) 
Seat 4: dzole 45927 ($2.92 in chips) 
Seat 5: Bluecrust ($5.69 in chips) 
Seat 6: HubertusB ($10.15 in chips) 
LRS888: posts small blind $0.02
Timxx7: posts big blind $0.05
*** HOLE CARDS ***
Dealt to HubertusB [Kd 7h]
dzole 45927: raises $0.10 to $0.15
Bluecrust: folds 
HubertusB: folds 
vakalo: folds 
LRS888: folds 
Timxx7: folds 
Uncalled bet ($0.10) returned to dzole 45927
dzole 45927 collected $0.12 from pot
dzole 45927: doesn't show hand 
*** SUMMARY ***
Total pot $0.12 | Rake $0 
Seat 1: vakalo (button) folded before Flop (didn't bet)
Seat 2: LRS888 (small blind) folded before Flop
Seat 3: Timxx7 (big blind) folded before Flop
Seat 4: dzole 45927 collected ($0.12)
Seat 5: Bluecrust folded before Flop (didn't bet)
Seat 6: HubertusB folded before Flop (didn't bet)



PokerStars Zoom Hand #186689191096:  Hold'em No Limit ($0.02/$0.05) - 2018/05/21 22:02:13 CCT [2018/05/21 10:02:13 ET]
Table 'Donati' 6-max Seat #1 is the button
Seat 1: IGOR14RUS ($8.67 in chips) 
Seat 2: HALIK2 ($3.09 in chips) 
Seat 3: Maximilian_B123 ($4.26 in chips) 
Seat 4: HubertusB ($10.15 in chips) 
Seat 5: jeffpig16 ($5.29 in chips) 
Seat 6: belmain.by ($5.19 in chips) 
HALIK2: posts small blind $0.02
Maximilian_B123: posts big blind $0.05
*** HOLE CARDS ***
Dealt to HubertusB [8c Th]
HubertusB: folds 
jeffpig16: folds 
belmain.by: folds 
IGOR14RUS: folds 
HALIK2: raises $0.05 to $0.10
Maximilian_B123: folds 
Uncalled bet ($0.05) returned to HALIK2
HALIK2 collected $0.10 from pot
HALIK2: doesn't show hand 
*** SUMMARY ***
Total pot $0.10 | Rake $0 
Seat 1: IGOR14RUS (button) folded before Flop (didn't bet)
Seat 2: HALIK2 (small blind) collected ($0.10)
Seat 3: Maximilian_B123 (big blind) folded before Flop
Seat 4: HubertusB folded before Flop (didn't bet)
Seat 5: jeffpig16 folded before Flop (didn't bet)
Seat 6: belmain.by folded before Flop (didn't bet)



PokerStars Zoom Hand #186689194131:  Hold'em No Limit ($0.02/$0.05) - 2018/05/21 22:02:19 CCT [2018/05/21 10:02:19 ET]
Table 'Donati' 6-max Seat #1 is the button
Seat 1: marcioadrs ($13.58 in chips) 
Seat 2: pashqadk ($5.30 in chips) 
Seat 3: HubertusB ($10.15 in chips) 
Seat 4: miaolegemi ($6.98 in chips) 
Seat 5: RAIN_ACID ($4.39 in chips) 
Seat 6: Reece1985 ($6.53 in chips) 
pashqadk: posts small blind $0.02
HubertusB: posts big blind $0.05
*** HOLE CARDS ***
Dealt to HubertusB [3h Kc]
miaolegemi: folds 
RAIN_ACID: folds 
Reece1985: folds 
marcioadrs: raises $0.07 to $0.12
pashqadk: folds 
HubertusB: folds 
Uncalled bet ($0.07) returned to marcioadrs
marcioadrs collected $0.12 from pot
marcioadrs: doesn't show hand 
*** SUMMARY ***
Total pot $0.12 | Rake $0 
Seat 1: marcioadrs (button) collected ($0.12)
Seat 2: pashqadk (small blind) folded before Flop
Seat 3: HubertusB (big blind) folded before Flop
Seat 4: miaolegemi folded before Flop (didn't bet)
Seat 5: RAIN_ACID folded before Flop (didn't bet)
Seat 6: Reece1985 folded before Flop (didn't bet)



PokerStars Zoom Hand #186689201915:  Hold'em No Limit ($0.02/$0.05) - 2018/05/21 22:02:35 CCT [2018/05/21 10:02:35 ET]
Table 'Donati' 6-max Seat #1 is the button
Seat 1: chips010 ($3.61 in chips) 
Seat 2: OoShooked ($6.50 in chips) 
Seat 3: RAIN_ACID ($4.39 in chips) 
Seat 4: LeonKoenig ($3.43 in chips) 
Seat 5: $ly4ss ($5.68 in chips) 
Seat 6: HubertusB ($10.10 in chips) 
OoShooked: posts small blind $0.02
RAIN_ACID: posts big blind $0.05
*** HOLE CARDS ***
Dealt to HubertusB [Qd As]
LeonKoenig: folds 
$ly4ss: folds 
HubertusB: raises $0.05 to $0.10
chips010: folds 
OoShooked: folds 
RAIN_ACID: calls $0.05
*** FLOP *** [2h Qc Kc]
RAIN_ACID: checks 
HubertusB: bets $0.17
RAIN_ACID: folds 
Uncalled bet ($0.17) returned to HubertusB
HubertusB collected $0.21 from pot
HubertusB: doesn't show hand 
*** SUMMARY ***
Total pot $0.22 | Rake $0.01 
Board [2h Qc Kc]
Seat 1: chips010 (button) folded before Flop (didn't bet)
Seat 2: OoShooked (small blind) folded before Flop
Seat 3: RAIN_ACID (big blind) folded on the Flop
Seat 4: LeonKoenig folded before Flop (didn't bet)
Seat 5: $ly4ss folded before Flop (didn't bet)
Seat 6: HubertusB collected ($0.21)



PokerStars Zoom Hand #186689212471:  Hold'em No Limit ($0.02/$0.05) - 2018/05/21 22:02:57 CCT [2018/05/21 10:02:57 ET]
Table 'Donati' 6-max Seat #1 is the button
Seat 1: IGOR14RUS ($5 in chips) 
Seat 2: HubertusB ($10.21 in chips) 
Seat 3: Hamaris ($1.63 in chips) 
Seat 4: tokigori ($8.53 in chips) 
Seat 5: Estevancvel ($5.40 in chips) 
Seat 6: metalblack ($6.22 in chips) 
HubertusB: posts small blind $0.02
Hamaris: posts big blind $0.05
*** HOLE CARDS ***
Dealt to HubertusB [5c 9s]
tokigori: raises $0.07 to $0.12
Estevancvel: raises $0.28 to $0.40
metalblack: folds 
IGOR14RUS: folds 
HubertusB: folds 
Hamaris: folds 
tokigori: calls $0.28
*** FLOP *** [8d 4h 5d]
tokigori: checks 
Estevancvel: bets $0.46
tokigori: folds 
Uncalled bet ($0.46) returned to Estevancvel
Estevancvel collected $0.83 from pot
Estevancvel: doesn't show hand 
*** SUMMARY ***
Total pot $0.87 | Rake $0.04 
Board [8d 4h 5d]
Seat 1: IGOR14RUS (button) folded before Flop (didn't bet)
Seat 2: HubertusB (small blind) folded before Flop
Seat 3: Hamaris (big blind) folded before Flop
Seat 4: tokigori folded on the Flop
Seat 5: Estevancvel collected ($0.83)
Seat 6: metalblack folded before Flop (didn't bet)



PokerStars Zoom Hand #186689215478:  Hold'em No Limit ($0.02/$0.05) - 2018/05/21 22:03:03 CCT [2018/05/21 10:03:03 ET]
Table 'Donati' 6-max Seat #1 is the button
Seat 1: HubertusB ($10.19 in chips) 
Seat 2: BoSs00 ($6.75 in chips) 
Seat 3: qk rodriguez ($5.25 in chips) 
Seat 4: TheFibonachi ($7.35 in chips) 
Seat 5: CafeDay ($5.08 in chips) 
Seat 6: sizuu1225 ($5 in chips) 
BoSs00: posts small blind $0.02
qk rodriguez: posts big blind $0.05
*** HOLE CARDS ***
Dealt to HubertusB [Kc 8c]
TheFibonachi: folds 
CafeDay: folds 
sizuu1225: raises $0.10 to $0.15
HubertusB: raises $0.30 to $0.45
BoSs00: folds 
qk rodriguez: folds 
sizuu1225: calls $0.30
*** FLOP *** [4s Qc 4c]
sizuu1225: checks 
HubertusB: bets $0.35
sizuu1225: calls $0.35
*** TURN *** [4s Qc 4c] [Qs]
sizuu1225: checks 
HubertusB: bets $0.85
sizuu1225: calls $0.85
*** RIVER *** [4s Qc 4c Qs] [Jh]
sizuu1225: checks 
HubertusB: bets $0.95
sizuu1225: calls $0.95
*** SHOW DOWN ***
HubertusB: shows [Kc 8c] (two pair, Queens and Fours)
sizuu1225: shows [9h 9s] (two pair, Queens and Nines)
sizuu1225 collected $5.05 from pot
*** SUMMARY ***
Total pot $5.27 | Rake $0.22 
Board [4s Qc 4c Qs Jh]
Seat 1: HubertusB (button) showed [Kc 8c] and lost with two pair, Queens and Fours
Seat 2: BoSs00 (small blind) folded before Flop
Seat 3: qk rodriguez (big blind) folded before Flop
Seat 4: TheFibonachi folded before Flop (didn't bet)
Seat 5: CafeDay folded before Flop (didn't bet)
Seat 6: sizuu1225 showed [9h 9s] and won ($5.05) with two pair, Queens and Nines



PokerStars Zoom Hand #186689267093:  Hold'em No Limit ($0.02/$0.05) - 2018/05/21 22:04:47 CCT [2018/05/21 10:04:47 ET]
Table 'Donati' 6-max Seat #1 is the button
Seat 1: JNeoh ($6.15 in chips) 
Seat 2: OoShooked ($5 in chips) 
Seat 3: marcioadrs ($13.97 in chips) 
Seat 4: Levison ($5.95 in chips) 
Seat 5: HubertusB ($7.59 in chips) 
Seat 6: metalblack ($4.49 in chips) 
OoShooked: posts small blind $0.02
marcioadrs: posts big blind $0.05
*** HOLE CARDS ***
Dealt to HubertusB [8d 6d]
Levison: folds 
HubertusB: raises $0.05 to $0.10
metalblack: calls $0.10
JNeoh: folds 
OoShooked: folds 
marcioadrs: calls $0.05
*** FLOP *** [Kd 5d 8h]
marcioadrs: checks 
HubertusB: bets $0.25
metalblack: folds 
marcioadrs: folds 
Uncalled bet ($0.25) returned to HubertusB
HubertusB collected $0.31 from pot
HubertusB: doesn't show hand 
*** SUMMARY ***
Total pot $0.32 | Rake $0.01 
Board [Kd 5d 8h]
Seat 1: JNeoh (button) folded before Flop (didn't bet)
Seat 2: OoShooked (small blind) folded before Flop
Seat 3: marcioadrs (big blind) folded on the Flop
Seat 4: Levison folded before Flop (didn't bet)
Seat 5: HubertusB collected ($0.31)
Seat 6: metalblack folded on the Flop



PokerStars Zoom Hand #186689280699:  Hold'em No Limit ($0.02/$0.05) - 2018/05/21 22:05:14 CCT [2018/05/21 10:05:14 ET]
Table 'Donati' 6-max Seat #1 is the button
Seat 1: swimmingsu ($5.56 in chips) 
Seat 2: YogiBear_UK ($4.75 in chips) 
Seat 3: C-class man ($10.65 in chips) 
Seat 4: HubertusB ($7.80 in chips) 
Seat 5: JNeoh ($16.61 in chips) 
Seat 6: Levison ($5.90 in chips) 
YogiBear_UK: posts small blind $0.02
C-class man: posts big blind $0.05
*** HOLE CARDS ***
Dealt to HubertusB [8h 5s]
HubertusB: folds 
JNeoh: folds 
Levison: folds 
swimmingsu: raises $0.10 to $0.15
YogiBear_UK: folds 
C-class man: folds 
Uncalled bet ($0.10) returned to swimmingsu
swimmingsu collected $0.12 from pot
swimmingsu: doesn't show hand 
*** SUMMARY ***
Total pot $0.12 | Rake $0 
Seat 1: swimmingsu (button) collected ($0.12)
Seat 2: YogiBear_UK (small blind) folded before Flop
Seat 3: C-class man (big blind) folded before Flop
Seat 4: HubertusB folded before Flop (didn't bet)
Seat 5: JNeoh folded before Flop (didn't bet)
Seat 6: Levison folded before Flop (didn't bet)



PokerStars Zoom Hand #186689283223:  Hold'em No Limit ($0.02/$0.05) - 2018/05/21 22:05:19 CCT [2018/05/21 10:05:19 ET]
Table 'Donati' 6-max Seat #1 is the button
Seat 1: Maximilian_B123 ($5.19 in chips) 
Seat 2: PUSSI228 ($1.41 in chips) 
Seat 3: HubertusB ($7.80 in chips) 
Seat 4: XXXiao ($14.39 in chips) 
Seat 5: poshla_nazuy ($5 in chips) 
Seat 6: kukkertje ($5 in chips) 
PUSSI228: posts small blind $0.02
HubertusB: posts big blind $0.05
*** HOLE CARDS ***
Dealt to HubertusB [Kd 3h]
XXXiao: folds 
poshla_nazuy: folds 
kukkertje: raises $0.07 to $0.12
Maximilian_B123: folds 
PUSSI228: folds 
HubertusB: folds 
Uncalled bet ($0.07) returned to kukkertje
kukkertje collected $0.12 from pot
kukkertje: doesn't show hand 
*** SUMMARY ***
Total pot $0.12 | Rake $0 
Seat 1: Maximilian_B123 (button) folded before Flop (didn't bet)
Seat 2: PUSSI228 (small blind) folded before Flop
Seat 3: HubertusB (big blind) folded before Flop
Seat 4: XXXiao folded before Flop (didn't bet)
Seat 5: poshla_nazuy folded before Flop (didn't bet)
Seat 6: kukkertje collected ($0.12)



PokerStars Zoom Hand #186689287722:  Hold'em No Limit ($0.02/$0.05) - 2018/05/21 22:05:28 CCT [2018/05/21 10:05:28 ET]
Table 'Donati' 6-max Seat #1 is the button
Seat 1: Feia93 ($5.29 in chips) 
Seat 2: HubertusB ($7.75 in chips) 
Seat 3: pashqadk ($5.14 in chips) 
Seat 4: VoneRT ($6.82 in chips) 
Seat 5: DarylJenks ($4.86 in chips) 
Seat 6: eliasfleitas ($11.78 in chips) 
HubertusB: posts small blind $0.02
pashqadk: posts big blind $0.05
*** HOLE CARDS ***
Dealt to HubertusB [6h Jd]
VoneRT: raises $0.10 to $0.15
DarylJenks: folds 
eliasfleitas: folds 
Feia93: folds 
HubertusB: folds 
pashqadk: folds 
Uncalled bet ($0.10) returned to VoneRT
VoneRT collected $0.12 from pot
VoneRT: doesn't show hand 
*** SUMMARY ***
Total pot $0.12 | Rake $0 
Seat 1: Feia93 (button) folded before Flop (didn't bet)
Seat 2: HubertusB (small blind) folded before Flop
Seat 3: pashqadk (big blind) folded before Flop
Seat 4: VoneRT collected ($0.12)
Seat 5: DarylJenks folded before Flop (didn't bet)
Seat 6: eliasfleitas folded before Flop (didn't bet)



PokerStars Zoom Hand #186689260553:  Hold'em No Limit ($0.02/$0.05) - 2018/05/21 22:04:34 CCT [2018/05/21 10:04:34 ET]
Table 'Donati' 6-max Seat #1 is the button
Seat 1: ILNAZ2307 ($5.55 in chips) 
Seat 2: STARteamPR0 ($5.49 in chips) 
Seat 3: KenTanimura ($5.23 in chips) 
Seat 4: arti192837 ($7.45 in chips) 
Seat 5: HubertusB ($7.59 in chips) 
Seat 6: fumi2323 ($3.92 in chips) 
STARteamPR0: posts small blind $0.02
KenTanimura: posts big blind $0.05
*** HOLE CARDS ***
Dealt to HubertusB [Td Ks]
arti192837: raises $0.10 to $0.15
HubertusB: folds 
fumi2323: raises $0.30 to $0.45
ILNAZ2307: folds 
STARteamPR0: folds 
KenTanimura: folds 
arti192837: calls $0.30
*** FLOP *** [2c 2h 3c]
arti192837: checks 
fumi2323: bets $0.50
arti192837: calls $0.50
*** TURN *** [2c 2h 3c] [Th]
arti192837: checks 
fumi2323: bets $1.42
arti192837: folds 
Uncalled bet ($1.42) returned to fumi2323
fumi2323 collected $1.89 from pot
fumi2323: doesn't show hand 
*** SUMMARY ***
Total pot $1.97 | Rake $0.08 
Board [2c 2h 3c Th]
Seat 1: ILNAZ2307 (button) folded before Flop (didn't bet)
Seat 2: STARteamPR0 (small blind) folded before Flop
Seat 3: KenTanimura (big blind) folded before Flop
Seat 4: arti192837 folded on the Turn
Seat 5: HubertusB folded before Flop (didn't bet)
Seat 6: fumi2323 collected ($1.89)



PokerStars Zoom Hand #186689293214:  Hold'em No Limit ($0.02/$0.05) - 2018/05/21 22:05:39 CCT [2018/05/21 10:05:39 ET]
Table 'Donati' 6-max Seat #1 is the button
Seat 1: HubertusB ($7.73 in chips) 
Seat 2: volodymyr546 ($6.43 in chips) 
Seat 3: VladTim ($9.76 in chips) 
Seat 4: whipwhipcn ($5 in chips) 
Seat 5: mish732 ($7.65 in chips) 
Seat 6: UmZlosT'Sila ($4.32 in chips) 
volodymyr546: posts small blind $0.02
VladTim: posts big blind $0.05
*** HOLE CARDS ***
Dealt to HubertusB [3h 6c]
whipwhipcn: folds 
mish732: raises $0.05 to $0.10
UmZlosT'Sila: folds 
HubertusB: folds 
volodymyr546: folds 
VladTim: folds 
Uncalled bet ($0.05) returned to mish732
mish732 collected $0.12 from pot
mish732: doesn't show hand 
*** SUMMARY ***
Total pot $0.12 | Rake $0 
Seat 1: HubertusB (button) folded before Flop (didn't bet)
Seat 2: volodymyr546 (small blind) folded before Flop
Seat 3: VladTim (big blind) folded before Flop
Seat 4: whipwhipcn folded before Flop (didn't bet)
Seat 5: mish732 collected ($0.12)
Seat 6: UmZlosT'Sila folded before Flop (didn't bet)



PokerStars Zoom Hand #186689304946:  Hold'em No Limit ($0.02/$0.05) - 2018/05/21 22:06:02 CCT [2018/05/21 10:06:02 ET]
Table 'Donati' 6-max Seat #1 is the button
Seat 1: luck1987 ($1.69 in chips) 
Seat 2: cRaZyEiGhT85 ($5.15 in chips) 
Seat 3: Bluecrust ($20.14 in chips) 
Seat 4: KristinaNuts ($4.77 in chips) 
Seat 5: HubertusB ($7.68 in chips) 
Seat 6: józsef188 ($25.33 in chips) 
cRaZyEiGhT85: posts small blind $0.02
Bluecrust: posts big blind $0.05
*** HOLE CARDS ***
Dealt to HubertusB [4s 9s]
KristinaNuts: folds 
HubertusB: folds 
józsef188: folds 
luck1987: raises $0.10 to $0.15
cRaZyEiGhT85: folds 
Bluecrust: folds 
Uncalled bet ($0.10) returned to luck1987
luck1987 collected $0.12 from pot
luck1987: doesn't show hand 
*** SUMMARY ***
Total pot $0.12 | Rake $0 
Seat 1: luck1987 (button) collected ($0.12)
Seat 2: cRaZyEiGhT85 (small blind) folded before Flop
Seat 3: Bluecrust (big blind) folded before Flop
Seat 4: KristinaNuts folded before Flop (didn't bet)
Seat 5: HubertusB folded before Flop (didn't bet)
Seat 6: józsef188 folded before Flop (didn't bet)



PokerStars Zoom Hand #186689296267:  Hold'em No Limit ($0.02/$0.05) - 2018/05/21 22:05:45 CCT [2018/05/21 10:05:45 ET]
Table 'Donati' 6-max Seat #1 is the button
Seat 1: Erdnisrep ($6.24 in chips) 
Seat 2: naoyuki10 ($1.92 in chips) 
Seat 3: VoneRT ($6.89 in chips) 
Seat 4: swimmingsu ($5.69 in chips) 
Seat 5: Proton_3000 ($7.54 in chips) 
Seat 6: HubertusB ($7.73 in chips) 
naoyuki10: posts small blind $0.02
VoneRT: posts big blind $0.05
*** HOLE CARDS ***
Dealt to HubertusB [Qd 8h]
swimmingsu: raises $0.10 to $0.15
Proton_3000: calls $0.15
HubertusB: folds 
Erdnisrep: folds 
naoyuki10: folds 
VoneRT: folds 
*** FLOP *** [6s 3d 7d]
swimmingsu: checks 
Proton_3000: checks 
*** TURN *** [6s 3d 7d] [Td]
swimmingsu: bets $0.18
Proton_3000: folds 
Uncalled bet ($0.18) returned to swimmingsu
swimmingsu collected $0.35 from pot
swimmingsu: doesn't show hand 
*** SUMMARY ***
Total pot $0.37 | Rake $0.02 
Board [6s 3d 7d Td]
Seat 1: Erdnisrep (button) folded before Flop (didn't bet)
Seat 2: naoyuki10 (small blind) folded before Flop
Seat 3: VoneRT (big blind) folded before Flop
Seat 4: swimmingsu collected ($0.35)
Seat 5: Proton_3000 folded on the Turn
Seat 6: HubertusB folded before Flop (didn't bet)



PokerStars Zoom Hand #186689300459:  Hold'em No Limit ($0.02/$0.05) - 2018/05/21 22:05:53 CCT [2018/05/21 10:05:53 ET]
Table 'Donati' 6-max Seat #1 is the button
Seat 1: mish732 ($7.72 in chips) 
Seat 2: chips010 ($5.13 in chips) 
Seat 3: HubertusB ($7.73 in chips) 
Seat 4: VladTim ($6.12 in chips) 
Seat 5: tarogame ($5.84 in chips) 
Seat 6: yumi2003 ($5.06 in chips) 
chips010: posts small blind $0.02
HubertusB: posts big blind $0.05
*** HOLE CARDS ***
Dealt to HubertusB [6h Qh]
VladTim: raises $0.10 to $0.15
tarogame: folds 
yumi2003: folds 
mish732: calls $0.15
chips010: calls $0.13
HubertusB: folds 
*** FLOP *** [5d Kc Th]
chips010: checks 
VladTim: bets $0.24
mish732: calls $0.24
chips010: calls $0.24
*** TURN *** [5d Kc Th] [Qc]
chips010: checks 
VladTim: bets $0.88
mish732: calls $0.88
chips010: calls $0.88
*** RIVER *** [5d Kc Th Qc] [Ts]
chips010: checks 
VladTim: bets $4.85 and is all-in
mish732: calls $4.85
chips010: folds 
*** SHOW DOWN ***
VladTim: shows [Jh Ah] (a straight, Ten to Ace)
mish732: shows [Tc Jd] (three of a kind, Tens)
VladTim collected $13 from pot
*** SUMMARY ***
Total pot $13.56 | Rake $0.56 
Board [5d Kc Th Qc Ts]
Seat 1: mish732 (button) showed [Tc Jd] and lost with three of a kind, Tens
Seat 2: chips010 (small blind) folded on the River
Seat 3: HubertusB (big blind) folded before Flop
Seat 4: VladTim showed [Jh Ah] and won ($13) with a straight, Ten to Ace
Seat 5: tarogame folded before Flop (didn't bet)
Seat 6: yumi2003 folded before Flop (didn't bet)



PokerStars Zoom Hand #186689307503:  Hold'em No Limit ($0.02/$0.05) - 2018/05/21 22:06:07 CCT [2018/05/21 10:06:07 ET]
Table 'Donati' 6-max Seat #1 is the button
Seat 1: HubertusB ($7.68 in chips) 
Seat 2: chiefofclubz ($2.45 in chips) 
Seat 3: MolodoyVanya ($6.36 in chips) 
Seat 4: joop119 ($6.56 in chips) 
Seat 5: zopyrik88 ($5.21 in chips) 
Seat 6: DarylJenks ($4.74 in chips) 
chiefofclubz: posts small blind $0.02
MolodoyVanya: posts big blind $0.05
*** HOLE CARDS ***
Dealt to HubertusB [Td Ks]
joop119: folds 
zopyrik88: folds 
DarylJenks: raises $0.07 to $0.12
HubertusB: raises $0.23 to $0.35
chiefofclubz: folds 
MolodoyVanya: folds 
DarylJenks: calls $0.23
*** FLOP *** [Th Ac 2h]
DarylJenks: checks 
HubertusB: bets $0.30
DarylJenks: calls $0.30
*** TURN *** [Th Ac 2h] [Qd]
DarylJenks: checks 
HubertusB: checks 
*** RIVER *** [Th Ac 2h Qd] [2s]
DarylJenks: bets $0.98
HubertusB: folds 
Uncalled bet ($0.98) returned to DarylJenks
DarylJenks collected $1.31 from pot
DarylJenks: doesn't show hand 
*** SUMMARY ***
Total pot $1.37 | Rake $0.06 
Board [Th Ac 2h Qd 2s]
Seat 1: HubertusB (button) folded on the River
Seat 2: chiefofclubz (small blind) folded before Flop
Seat 3: MolodoyVanya (big blind) folded before Flop
Seat 4: joop119 folded before Flop (didn't bet)
Seat 5: zopyrik88 folded before Flop (didn't bet)
Seat 6: DarylJenks collected ($1.31)



PokerStars Zoom Hand #186689328475:  Hold'em No Limit ($0.02/$0.05) - 2018/05/21 22:06:49 CCT [2018/05/21 10:06:49 ET]
Table 'Donati' 6-max Seat #1 is the button
Seat 1: HajluM ($12.28 in chips) 
Seat 2: HubertusB ($7.03 in chips) 
Seat 3: PiNe4ppLe ($7.89 in chips) 
Seat 4: vakalo ($5.46 in chips) 
Seat 5: svererii ($7.59 in chips) 
Seat 6: Psihh123 ($4.06 in chips) 
HubertusB: posts small blind $0.02
PiNe4ppLe: posts big blind $0.05
*** HOLE CARDS ***
Dealt to HubertusB [8h 7s]
vakalo: folds 
svererii: folds 
Psihh123: folds 
HajluM: folds 
HubertusB: folds 
Uncalled bet ($0.03) returned to PiNe4ppLe
PiNe4ppLe collected $0.04 from pot
PiNe4ppLe: doesn't show hand 
*** SUMMARY ***
Total pot $0.04 | Rake $0 
Seat 1: HajluM (button) folded before Flop (didn't bet)
Seat 2: HubertusB (small blind) folded before Flop
Seat 3: PiNe4ppLe (big blind) collected ($0.04)
Seat 4: vakalo folded before Flop (didn't bet)
Seat 5: svererii folded before Flop (didn't bet)
Seat 6: Psihh123 folded before Flop (didn't bet)



PokerStars Zoom Hand #186689325494:  Hold'em No Limit ($0.02/$0.05) - 2018/05/21 22:06:43 CCT [2018/05/21 10:06:43 ET]
Table 'Donati' 6-max Seat #1 is the button
Seat 1: trol_panda ($2.09 in chips) 
Seat 2: fumi2323 ($4.30 in chips) 
Seat 3: shytnikmalai ($6.53 in chips) 
Seat 4: Guzyaka ($6.99 in chips) 
Seat 5: HubertusB ($7.03 in chips) 
Seat 6: Tqlkkk-_- ($5.97 in chips) 
fumi2323: posts small blind $0.02
shytnikmalai: posts big blind $0.05
*** HOLE CARDS ***
Dealt to HubertusB [6c 2s]
Guzyaka: folds 
HubertusB: folds 
Tqlkkk-_-: folds 
trol_panda: folds 
fumi2323: raises $0.10 to $0.15
shytnikmalai: calls $0.10
*** FLOP *** [3d Jd 7d]
fumi2323: checks 
shytnikmalai: bets $0.25
fumi2323: calls $0.25
*** TURN *** [3d Jd 7d] [9s]
fumi2323: bets $0.40
shytnikmalai: calls $0.40
*** RIVER *** [3d Jd 7d 9s] [Td]
fumi2323: checks 
shytnikmalai: bets $5.10
fumi2323: folds 
Uncalled bet ($5.10) returned to shytnikmalai
shytnikmalai collected $1.53 from pot
shytnikmalai: doesn't show hand 
*** SUMMARY ***
Total pot $1.60 | Rake $0.07 
Board [3d Jd 7d 9s Td]
Seat 1: trol_panda (button) folded before Flop (didn't bet)
Seat 2: fumi2323 (small blind) folded on the River
Seat 3: shytnikmalai (big blind) collected ($1.53)
Seat 4: Guzyaka folded before Flop (didn't bet)
Seat 5: HubertusB folded before Flop (didn't bet)
Seat 6: Tqlkkk-_- folded before Flop (didn't bet)



PokerStars Zoom Hand #186689336525:  Hold'em No Limit ($0.02/$0.05) - 2018/05/21 22:07:05 CCT [2018/05/21 10:07:05 ET]
Table 'Donati' 6-max Seat #1 is the button
Seat 1: sizuu1225 ($5.03 in chips) 
Seat 2: Marian V. 31 ($5 in chips) 
Seat 3: Tqlkkk-_- ($6.04 in chips) 
Seat 4: IGOR14RUS ($5 in chips) 
Seat 5: ProjetRed ($9.86 in chips) 
Seat 6: HubertusB ($7.01 in chips) 
Marian V. 31: posts small blind $0.02
Tqlkkk-_-: posts big blind $0.05
*** HOLE CARDS ***
Dealt to HubertusB [Kc As]
IGOR14RUS: raises $0.07 to $0.12
ProjetRed: folds 
HubertusB: raises $0.23 to $0.35
sizuu1225: folds 
Marian V. 31: folds 
Tqlkkk-_-: folds 
IGOR14RUS: folds 
Uncalled bet ($0.23) returned to HubertusB
HubertusB collected $0.31 from pot
HubertusB: doesn't show hand 
*** SUMMARY ***
Total pot $0.31 | Rake $0 
Seat 1: sizuu1225 (button) folded before Flop (didn't bet)
Seat 2: Marian V. 31 (small blind) folded before Flop
Seat 3: Tqlkkk-_- (big blind) folded before Flop
Seat 4: IGOR14RUS folded before Flop
Seat 5: ProjetRed folded before Flop (didn't bet)
Seat 6: HubertusB collected ($0.31)



PokerStars Zoom Hand #186689343617:  Hold'em No Limit ($0.02/$0.05) - 2018/05/21 22:07:19 CCT [2018/05/21 10:07:19 ET]
Table 'Donati' 6-max Seat #1 is the button
Seat 1: pashqadk ($5 in chips) 
Seat 2: joop119 ($5.56 in chips) 
Seat 3: HubertusB ($7.20 in chips) 
Seat 4: Snegul ($1.58 in chips) 
Seat 5: prm4life ($4.94 in chips) 
Seat 6: cRaZyEiGhT85 ($7.33 in chips) 
joop119: posts small blind $0.02
HubertusB: posts big blind $0.05
*** HOLE CARDS ***
Dealt to HubertusB [7h 3s]
Snegul: folds 
prm4life: folds 
cRaZyEiGhT85: folds 
pashqadk: raises $0.07 to $0.12
joop119: folds 
HubertusB: folds 
Uncalled bet ($0.07) returned to pashqadk
pashqadk collected $0.12 from pot
pashqadk: doesn't show hand 
*** SUMMARY ***
Total pot $0.12 | Rake $0 
Seat 1: pashqadk (button) collected ($0.12)
Seat 2: joop119 (small blind) folded before Flop
Seat 3: HubertusB (big blind) folded before Flop
Seat 4: Snegul folded before Flop (didn't bet)
Seat 5: prm4life folded before Flop (didn't bet)
Seat 6: cRaZyEiGhT85 folded before Flop (didn't bet)



PokerStars Zoom Hand #186689333013:  Hold'em No Limit ($0.02/$0.05) - 2018/05/21 22:06:58 CCT [2018/05/21 10:06:58 ET]
Table 'Donati' 6-max Seat #1 is the button
Seat 1: fedkAa ($15.16 in chips) 
Seat 2: TheFibonachi ($6.82 in chips) 
Seat 3: vakalo ($5.44 in chips) 
Seat 4: HubertusB ($7.01 in chips) 
Seat 5: agro dedek ($2.50 in chips) 
Seat 6: ANANATOR ($5.65 in chips) 
TheFibonachi: posts small blind $0.02
vakalo: posts big blind $0.05
*** HOLE CARDS ***
Dealt to HubertusB [3d Qd]
HubertusB: folds 
agro dedek: raises $0.07 to $0.12
ANANATOR: folds 
fedkAa: folds 
TheFibonachi: folds 
vakalo: calls $0.07
*** FLOP *** [5h Ad 2d]
vakalo: bets $5.32 and is all-in
agro dedek: calls $2.38 and is all-in
Uncalled bet ($2.94) returned to vakalo
*** TURN *** [5h Ad 2d] [2h]
*** RIVER *** [5h Ad 2d 2h] [6c]
*** SHOW DOWN ***
vakalo: shows [As 2c] (a full house, Deuces full of Aces)
agro dedek: shows [Tc Ac] (two pair, Aces and Deuces)
vakalo collected $4.81 from pot
*** SUMMARY ***
Total pot $5.02 | Rake $0.21 
Board [5h Ad 2d 2h 6c]
Seat 1: fedkAa (button) folded before Flop (didn't bet)
Seat 2: TheFibonachi (small blind) folded before Flop
Seat 3: vakalo (big blind) showed [As 2c] and won ($4.81) with a full house, Deuces full of Aces
Seat 4: HubertusB folded before Flop (didn't bet)
Seat 5: agro dedek showed [Tc Ac] and lost with two pair, Aces and Deuces
Seat 6: ANANATOR folded before Flop (didn't bet)



PokerStars Zoom Hand #186689352631:  Hold'em No Limit ($0.02/$0.05) - 2018/05/21 22:07:37 CCT [2018/05/21 10:07:37 ET]
Table 'Donati' 6-max Seat #1 is the button
Seat 1: bjoernskie ($5.47 in chips) 
Seat 2: HPV1209 ($3.48 in chips) 
Seat 3: WEIPEI1 ($5 in chips) 
Seat 4: MoòSh ($6.10 in chips) 
Seat 5: HubertusB ($7.15 in chips) 
Seat 6: SHMAG3L ($10.97 in chips) 
HPV1209: posts small blind $0.02
WEIPEI1: posts big blind $0.05
*** HOLE CARDS ***
Dealt to HubertusB [4d Kc]
MoòSh: folds 
HubertusB: folds 
SHMAG3L: folds 
bjoernskie: folds 
HPV1209: folds 
Uncalled bet ($0.03) returned to WEIPEI1
WEIPEI1 collected $0.04 from pot
WEIPEI1: doesn't show hand 
*** SUMMARY ***
Total pot $0.04 | Rake $0 
Seat 1: bjoernskie (button) folded before Flop (didn't bet)
Seat 2: HPV1209 (small blind) folded before Flop
Seat 3: WEIPEI1 (big blind) collected ($0.04)
Seat 4: MoòSh folded before Flop (didn't bet)
Seat 5: HubertusB folded before Flop (didn't bet)
Seat 6: SHMAG3L folded before Flop (didn't bet)



PokerStars Zoom Hand #186689347659:  Hold'em No Limit ($0.02/$0.05) - 2018/05/21 22:07:27 CCT [2018/05/21 10:07:27 ET]
Table 'Donati' 6-max Seat #1 is the button
Seat 1: HubertusB ($7.15 in chips) 
Seat 2: Texxxnik ($5.85 in chips) 
Seat 3: putya-putya ($5.44 in chips) 
Seat 4: Dokerokk23 ($22.98 in chips) 
Seat 5: rellesario ($5.09 in chips) 
Seat 6: BIG tyger500 ($4.76 in chips) 
Texxxnik: posts small blind $0.02
putya-putya: posts big blind $0.05
*** HOLE CARDS ***
Dealt to HubertusB [7s Kh]
Dokerokk23: folds 
rellesario: raises $0.07 to $0.12
BIG tyger500: folds 
HubertusB: folds 
Texxxnik: calls $0.10
putya-putya: folds 
*** FLOP *** [4c 8d 2c]
Texxxnik: checks 
rellesario: checks 
*** TURN *** [4c 8d 2c] [9h]
Texxxnik: bets $0.15
rellesario: folds 
Uncalled bet ($0.15) returned to Texxxnik
Texxxnik collected $0.28 from pot
Texxxnik: doesn't show hand 
*** SUMMARY ***
Total pot $0.29 | Rake $0.01 
Board [4c 8d 2c 9h]
Seat 1: HubertusB (button) folded before Flop (didn't bet)
Seat 2: Texxxnik (small blind) collected ($0.28)
Seat 3: putya-putya (big blind) folded before Flop
Seat 4: Dokerokk23 folded before Flop (didn't bet)
Seat 5: rellesario folded on the Turn
Seat 6: BIG tyger500 folded before Flop (didn't bet)



PokerStars Zoom Hand #186689358160:  Hold'em No Limit ($0.02/$0.05) - 2018/05/21 22:07:48 CCT [2018/05/21 10:07:48 ET]
Table 'Donati' 6-max Seat #1 is the button
Seat 1: putya-putya ($4.85 in chips) 
Seat 2: HubertusB ($7.15 in chips) 
Seat 3: Omicron333 ($16.13 in chips) 
Seat 4: belmain.by ($4.83 in chips) 
Seat 5: Bluecrust ($5 in chips) 
Seat 6: fool_rabbit ($5.20 in chips) 
HubertusB: posts small blind $0.02
Omicron333: posts big blind $0.05
*** HOLE CARDS ***
Dealt to HubertusB [Kc 2c]
belmain.by: folds 
Bluecrust: folds 
fool_rabbit: folds 
putya-putya: folds 
HubertusB: raises $0.05 to $0.10
Omicron333: calls $0.05
*** FLOP *** [Qs 2d 5h]
HubertusB: checks 
Omicron333: checks 
*** TURN *** [Qs 2d 5h] [Th]
HubertusB: checks 
Omicron333: bets $0.14
HubertusB: folds 
Uncalled bet ($0.14) returned to Omicron333
Omicron333 collected $0.19 from pot
Omicron333: doesn't show hand 
*** SUMMARY ***
Total pot $0.20 | Rake $0.01 
Board [Qs 2d 5h Th]
Seat 1: putya-putya (button) folded before Flop (didn't bet)
Seat 2: HubertusB (small blind) folded on the Turn
Seat 3: Omicron333 (big blind) collected ($0.19)
Seat 4: belmain.by folded before Flop (didn't bet)
Seat 5: Bluecrust folded before Flop (didn't bet)
Seat 6: fool_rabbit folded before Flop (didn't bet)



PokerStars Zoom Hand #186689373222:  Hold'em No Limit ($0.02/$0.05) - 2018/05/21 22:08:18 CCT [2018/05/21 10:08:18 ET]
Table 'Donati' 6-max Seat #1 is the button
Seat 1: anrom888 ($4.36 in chips) 
Seat 2: Sancho1377 ($5.45 in chips) 
Seat 3: Theodore.t89 ($9.86 in chips) 
Seat 4: HubertusB ($7.05 in chips) 
Seat 5: Zagrebaiu ($6.23 in chips) 
Seat 6: drk55 ($11.58 in chips) 
Sancho1377: posts small blind $0.02
Theodore.t89: posts big blind $0.05
*** HOLE CARDS ***
Dealt to HubertusB [Qs 7c]
HubertusB: folds 
Zagrebaiu: folds 
drk55: folds 
anrom888: raises $0.12 to $0.17
Sancho1377: folds 
Theodore.t89: folds 
Uncalled bet ($0.12) returned to anrom888
anrom888 collected $0.12 from pot
anrom888: doesn't show hand 
*** SUMMARY ***
Total pot $0.12 | Rake $0 
Seat 1: anrom888 (button) collected ($0.12)
Seat 2: Sancho1377 (small blind) folded before Flop
Seat 3: Theodore.t89 (big blind) folded before Flop
Seat 4: HubertusB folded before Flop (didn't bet)
Seat 5: Zagrebaiu folded before Flop (didn't bet)
Seat 6: drk55 folded before Flop (didn't bet)



PokerStars Zoom Hand #186689380337:  Hold'em No Limit ($0.02/$0.05) - 2018/05/21 22:08:32 CCT [2018/05/21 10:08:32 ET]
Table 'Donati' 6-max Seat #1 is the button
Seat 1: JNeoh ($11.23 in chips) 
Seat 2: HubertusB ($7.05 in chips) 
Seat 3: Rataj89 ($8.35 in chips) 
Seat 4: FuShen66 ($6.79 in chips) 
Seat 5: MoòSh ($22.37 in chips) 
Seat 6: belmain.by ($5 in chips) 
HubertusB: posts small blind $0.02
Rataj89: posts big blind $0.05
*** HOLE CARDS ***
Dealt to HubertusB [2h As]
FuShen66: folds 
MoòSh: folds 
belmain.by: raises $0.10 to $0.15
JNeoh: folds 
HubertusB: folds 
Rataj89: folds 
Uncalled bet ($0.10) returned to belmain.by
belmain.by collected $0.12 from pot
belmain.by: doesn't show hand 
*** SUMMARY ***
Total pot $0.12 | Rake $0 
Seat 1: JNeoh (button) folded before Flop (didn't bet)
Seat 2: HubertusB (small blind) folded before Flop
Seat 3: Rataj89 (big blind) folded before Flop
Seat 4: FuShen66 folded before Flop (didn't bet)
Seat 5: MoòSh folded before Flop (didn't bet)
Seat 6: belmain.by collected ($0.12)



PokerStars Zoom Hand #186689375762:  Hold'em No Limit ($0.02/$0.05) - 2018/05/21 22:08:23 CCT [2018/05/21 10:08:23 ET]
Table 'Donati' 6-max Seat #1 is the button
Seat 1: Rusherito87 ($5.99 in chips) 
Seat 2: drk55 ($19.81 in chips) 
Seat 3: avdbr ($3.38 in chips) 
Seat 4: danielluizdl ($8.18 in chips) 
Seat 5: volodarv ($4.90 in chips) 
Seat 6: HubertusB ($7.05 in chips) 
drk55: posts small blind $0.02
avdbr: posts big blind $0.05
*** HOLE CARDS ***
Dealt to HubertusB [2d 6h]
danielluizdl: raises $0.10 to $0.15
volodarv: folds 
HubertusB: folds 
Rusherito87: folds 
drk55: folds 
avdbr: calls $0.10
*** FLOP *** [8d Ks 8c]
avdbr: checks 
danielluizdl: bets $0.25
avdbr: raises $0.40 to $0.65
danielluizdl: calls $0.40
*** TURN *** [8d Ks 8c] [Qc]
avdbr: checks 
danielluizdl: checks 
*** RIVER *** [8d Ks 8c Qc] [9h]
avdbr: checks 
danielluizdl: bets $1.10
avdbr: folds 
Uncalled bet ($1.10) returned to danielluizdl
danielluizdl collected $1.55 from pot
danielluizdl: doesn't show hand 
*** SUMMARY ***
Total pot $1.62 | Rake $0.07 
Board [8d Ks 8c Qc 9h]
Seat 1: Rusherito87 (button) folded before Flop (didn't bet)
Seat 2: drk55 (small blind) folded before Flop
Seat 3: avdbr (big blind) folded on the River
Seat 4: danielluizdl collected ($1.55)
Seat 5: volodarv folded before Flop (didn't bet)
Seat 6: HubertusB folded before Flop (didn't bet)



PokerStars Zoom Hand #186689383890:  Hold'em No Limit ($0.02/$0.05) - 2018/05/21 22:08:39 CCT [2018/05/21 10:08:39 ET]
Table 'Donati' 6-max Seat #1 is the button
Seat 1: winsochi ($3.78 in chips) 
Seat 2: alexandro156 ($5.37 in chips) 
Seat 3: HubertusB ($7.03 in chips) 
Seat 4: rellesario ($5 in chips) 
Seat 5: Pegan P. ($2.99 in chips) 
Seat 6: jdanystar ($4.57 in chips) 
alexandro156: posts small blind $0.02
HubertusB: posts big blind $0.05
*** HOLE CARDS ***
Dealt to HubertusB [As Ad]
rellesario: folds 
Pegan P.: folds 
jdanystar: calls $0.05
winsochi: folds 
alexandro156: folds 
HubertusB: raises $0.15 to $0.20
jdanystar: calls $0.15
*** FLOP *** [Ac 8d Ks]
HubertusB: bets $0.30
jdanystar: calls $0.30
*** TURN *** [Ac 8d Ks] [5c]
HubertusB: bets $0.78
jdanystar: calls $0.78
*** RIVER *** [Ac 8d Ks 5c] [9s]
HubertusB: bets $5.75 and is all-in
jdanystar: calls $3.29 and is all-in
Uncalled bet ($2.46) returned to HubertusB
*** SHOW DOWN ***
HubertusB: shows [As Ad] (three of a kind, Aces)
jdanystar: shows [9c Kc] (two pair, Kings and Nines)
HubertusB collected $8.78 from pot
*** SUMMARY ***
Total pot $9.16 | Rake $0.38 
Board [Ac 8d Ks 5c 9s]
Seat 1: winsochi (button) folded before Flop (didn't bet)
Seat 2: alexandro156 (small blind) folded before Flop
Seat 3: HubertusB (big blind) showed [As Ad] and won ($8.78) with three of a kind, Aces
Seat 4: rellesario folded before Flop (didn't bet)
Seat 5: Pegan P. folded before Flop (didn't bet)
Seat 6: jdanystar showed [9c Kc] and lost with two pair, Kings and Nines



PokerStars Zoom Hand #186689424400:  Hold'em No Limit ($0.02/$0.05) - 2018/05/21 22:10:00 CCT [2018/05/21 10:10:00 ET]
Table 'Donati' 6-max Seat #1 is the button
Seat 1: HubertusB ($11.24 in chips) 
Seat 2: C-class man ($11.39 in chips) 
Seat 3: andrzej4fun ($5 in chips) 
Seat 4: smoot21 ($6.42 in chips) 
Seat 5: derak488 ($5.25 in chips) 
Seat 6: rellesario ($5.02 in chips) 
C-class man: posts small blind $0.02
andrzej4fun: posts big blind $0.05
*** HOLE CARDS ***
Dealt to HubertusB [5d 6s]
smoot21: folds 
derak488: folds 
rellesario: folds 
HubertusB: folds 
C-class man: raises $0.10 to $0.15
andrzej4fun: folds 
Uncalled bet ($0.10) returned to C-class man
C-class man collected $0.10 from pot
C-class man: doesn't show hand 
*** SUMMARY ***
Total pot $0.10 | Rake $0 
Seat 1: HubertusB (button) folded before Flop (didn't bet)
Seat 2: C-class man (small blind) collected ($0.10)
Seat 3: andrzej4fun (big blind) folded before Flop
Seat 4: smoot21 folded before Flop (didn't bet)
Seat 5: derak488 folded before Flop (didn't bet)
Seat 6: rellesario folded before Flop (didn't bet)



PokerStars Zoom Hand #186689433036:  Hold'em No Limit ($0.02/$0.05) - 2018/05/21 22:10:17 CCT [2018/05/21 10:10:17 ET]
Table 'Donati' 6-max Seat #1 is the button
Seat 1: HubertusB ($11.24 in chips) 
Seat 2: maltrine ($5 in chips) 
Seat 3: prm4life ($4.93 in chips) 
Seat 4: MadMax0389 ($1.50 in chips) 
Seat 5: Bot1729 ($5.07 in chips) 
Seat 6: volodarv ($2.73 in chips) 
maltrine: posts small blind $0.02
prm4life: posts big blind $0.05
*** HOLE CARDS ***
Dealt to HubertusB [5c Jd]
MadMax0389: folds 
Bot1729: folds 
volodarv: folds 
HubertusB: folds 
maltrine: folds 
Uncalled bet ($0.03) returned to prm4life
prm4life collected $0.04 from pot
prm4life: doesn't show hand 
*** SUMMARY ***
Total pot $0.04 | Rake $0 
Seat 1: HubertusB (button) folded before Flop (didn't bet)
Seat 2: maltrine (small blind) folded before Flop
Seat 3: prm4life (big blind) collected ($0.04)
Seat 4: MadMax0389 folded before Flop (didn't bet)
Seat 5: Bot1729 folded before Flop (didn't bet)
Seat 6: volodarv folded before Flop (didn't bet)



PokerStars Zoom Hand #186689430535:  Hold'em No Limit ($0.02/$0.05) - 2018/05/21 22:10:12 CCT [2018/05/21 10:10:12 ET]
Table 'Donati' 6-max Seat #1 is the button
Seat 1: Rataj89 ($7.72 in chips) 
Seat 2: ANANATOR ($5.37 in chips) 
Seat 3: kasta33 ($9.49 in chips) 
Seat 4: HubertusB ($11.24 in chips) 
Seat 5: FoR_Shai ($6.93 in chips) 
Seat 6: sword Honjo ($2.99 in chips) 
ANANATOR: posts small blind $0.02
kasta33: posts big blind $0.05
*** HOLE CARDS ***
Dealt to HubertusB [Qc 2h]
HubertusB: folds 
FoR_Shai: raises $0.10 to $0.15
sword Honjo: folds 
Rataj89: calls $0.15
ANANATOR: folds 
kasta33: folds 
*** FLOP *** [7d 4d Ah]
FoR_Shai: bets $0.18
Rataj89: folds 
Uncalled bet ($0.18) returned to FoR_Shai
FoR_Shai collected $0.35 from pot
FoR_Shai: doesn't show hand 
*** SUMMARY ***
Total pot $0.37 | Rake $0.02 
Board [7d 4d Ah]
Seat 1: Rataj89 (button) folded on the Flop
Seat 2: ANANATOR (small blind) folded before Flop
Seat 3: kasta33 (big blind) folded before Flop
Seat 4: HubertusB folded before Flop (didn't bet)
Seat 5: FoR_Shai collected ($0.35)
Seat 6: sword Honjo folded before Flop (didn't bet)



PokerStars Zoom Hand #186689426982:  Hold'em No Limit ($0.02/$0.05) - 2018/05/21 22:10:05 CCT [2018/05/21 10:10:05 ET]
Table 'Donati' 6-max Seat #1 is the button
Seat 1: adyrnicc ($5.41 in chips) 
Seat 2: Draugsvoll ($5.86 in chips) 
Seat 3: Bluecrust ($31.35 in chips) 
Seat 4: jdanystar ($5 in chips) 
Seat 5: werner883 ($2.96 in chips) 
Seat 6: HubertusB ($11.24 in chips) 
Draugsvoll: posts small blind $0.02
Bluecrust: posts big blind $0.05
*** HOLE CARDS ***
Dealt to HubertusB [2d 6s]
jdanystar: folds 
werner883: folds 
HubertusB: folds 
adyrnicc: raises $0.07 to $0.12
Draugsvoll: folds 
Bluecrust: calls $0.07
*** FLOP *** [7s 5d 7c]
Bluecrust: checks 
adyrnicc: bets $0.09
Bluecrust: calls $0.09
*** TURN *** [7s 5d 7c] [4c]
Bluecrust: checks 
adyrnicc: checks 
*** RIVER *** [7s 5d 7c 4c] [7d]
Bluecrust: checks 
adyrnicc: checks 
*** SHOW DOWN ***
Bluecrust: shows [8d Ac] (three of a kind, Sevens)
adyrnicc: shows [3h 3c] (a full house, Sevens full of Threes)
adyrnicc collected $0.42 from pot
*** SUMMARY ***
Total pot $0.44 | Rake $0.02 
Board [7s 5d 7c 4c 7d]
Seat 1: adyrnicc (button) showed [3h 3c] and won ($0.42) with a full house, Sevens full of Threes
Seat 2: Draugsvoll (small blind) folded before Flop
Seat 3: Bluecrust (big blind) showed [8d Ac] and lost with three of a kind, Sevens
Seat 4: jdanystar folded before Flop (didn't bet)
Seat 5: werner883 folded before Flop (didn't bet)
Seat 6: HubertusB folded before Flop (didn't bet)



PokerStars Zoom Hand #186689437073:  Hold'em No Limit ($0.02/$0.05) - 2018/05/21 22:10:25 CCT [2018/05/21 10:10:25 ET]
Table 'Donati' 6-max Seat #1 is the button
Seat 1: purejking ($3.11 in chips) 
Seat 2: jeffpig16 ($6.03 in chips) 
Seat 3: HubertusB ($11.24 in chips) 
Seat 4: heejunblue02 ($7.09 in chips) 
Seat 5: miaolegemi ($7.69 in chips) 
Seat 6: prm4life ($5.17 in chips) 
jeffpig16: posts small blind $0.02
HubertusB: posts big blind $0.05
*** HOLE CARDS ***
Dealt to HubertusB [3s Qd]
heejunblue02: folds 
miaolegemi: raises $0.10 to $0.15
prm4life: raises $0.30 to $0.45
purejking: folds 
jeffpig16: folds 
HubertusB: folds 
miaolegemi: folds 
Uncalled bet ($0.30) returned to prm4life
prm4life collected $0.37 from pot
prm4life: doesn't show hand 
*** SUMMARY ***
Total pot $0.37 | Rake $0 
Seat 1: purejking (button) folded before Flop (didn't bet)
Seat 2: jeffpig16 (small blind) folded before Flop
Seat 3: HubertusB (big blind) folded before Flop
Seat 4: heejunblue02 folded before Flop (didn't bet)
Seat 5: miaolegemi folded before Flop
Seat 6: prm4life collected ($0.37)



PokerStars Zoom Hand #186689441626:  Hold'em No Limit ($0.02/$0.05) - 2018/05/21 22:10:34 CCT [2018/05/21 10:10:34 ET]
Table 'Donati' 6-max Seat #1 is the button
Seat 1: poshla_nazuy ($5.27 in chips) 
Seat 2: HubertusB ($11.19 in chips) 
Seat 3: KostyRuc ($15.03 in chips) 
Seat 4: j.martinto ($5.85 in chips) 
Seat 5: livluvlif951 ($5.24 in chips) 
Seat 6: 3b@relblufff ($4.86 in chips) 
HubertusB: posts small blind $0.02
KostyRuc: posts big blind $0.05
*** HOLE CARDS ***
Dealt to HubertusB [7s 9s]
j.martinto: folds 
livluvlif951: folds 
3b@relblufff: folds 
poshla_nazuy: raises $0.07 to $0.12
HubertusB: raises $0.23 to $0.35
KostyRuc: folds 
poshla_nazuy: calls $0.23
*** FLOP *** [3h Ad Kd]
HubertusB: checks 
poshla_nazuy: checks 
*** TURN *** [3h Ad Kd] [8d]
HubertusB: checks 
poshla_nazuy: bets $0.32
HubertusB: folds 
Uncalled bet ($0.32) returned to poshla_nazuy
poshla_nazuy collected $0.72 from pot
poshla_nazuy: doesn't show hand 
*** SUMMARY ***
Total pot $0.75 | Rake $0.03 
Board [3h Ad Kd 8d]
Seat 1: poshla_nazuy (button) collected ($0.72)
Seat 2: HubertusB (small blind) folded on the Turn
Seat 3: KostyRuc (big blind) folded before Flop
Seat 4: j.martinto folded before Flop (didn't bet)
Seat 5: livluvlif951 folded before Flop (didn't bet)
Seat 6: 3b@relblufff folded before Flop (didn't bet)



PokerStars Zoom Hand #186689466622:  Hold'em No Limit ($0.02/$0.05) - 2018/05/21 22:11:23 CCT [2018/05/21 10:11:23 ET]
Table 'Donati' 6-max Seat #1 is the button
Seat 1: kukkertje ($5 in chips) 
Seat 2: swimmingsu ($8.62 in chips) 
Seat 3: prm4life ($5.37 in chips) 
Seat 4: judith.f ($8.80 in chips) 
Seat 5: HubertusB ($10.84 in chips) 
Seat 6: Tqlkkk-_- ($6.82 in chips) 
swimmingsu: posts small blind $0.02
prm4life: posts big blind $0.05
*** HOLE CARDS ***
Dealt to HubertusB [Qd 4c]
judith.f: folds 
HubertusB: folds 
Tqlkkk-_-: folds 
kukkertje: raises $0.07 to $0.12
swimmingsu: folds 
prm4life: calls $0.07
*** FLOP *** [3s Kd 5c]
prm4life: checks 
kukkertje: bets $0.15
prm4life: folds 
Uncalled bet ($0.15) returned to kukkertje
kukkertje collected $0.25 from pot
kukkertje: doesn't show hand 
*** SUMMARY ***
Total pot $0.26 | Rake $0.01 
Board [3s Kd 5c]
Seat 1: kukkertje (button) collected ($0.25)
Seat 2: swimmingsu (small blind) folded before Flop
Seat 3: prm4life (big blind) folded on the Flop
Seat 4: judith.f folded before Flop (didn't bet)
Seat 5: HubertusB folded before Flop (didn't bet)
Seat 6: Tqlkkk-_- folded before Flop (didn't bet)



PokerStars Zoom Hand #186689462589:  Hold'em No Limit ($0.02/$0.05) - 2018/05/21 22:11:15 CCT [2018/05/21 10:11:15 ET]
Table 'Donati' 6-max Seat #1 is the button
Seat 1: Timxx7 ($5.39 in chips) 
Seat 2: FACCHETADE$ ($2.44 in chips) 
Seat 3: VoneRT ($5.05 in chips) 
Seat 4: j.martinto ($5.80 in chips) 
Seat 5: JadesWrath ($5.07 in chips) 
Seat 6: HubertusB ($10.84 in chips) 
FACCHETADE$: posts small blind $0.02
VoneRT: posts big blind $0.05
*** HOLE CARDS ***
Dealt to HubertusB [Kh 4c]
j.martinto: raises $0.10 to $0.15
JadesWrath: folds 
HubertusB: folds 
Timxx7: folds 
FACCHETADE$: calls $0.13
VoneRT: calls $0.10
*** FLOP *** [2c 6c Qd]
FACCHETADE$: checks 
VoneRT: checks 
j.martinto: checks 
*** TURN *** [2c 6c Qd] [7c]
FACCHETADE$: bets $0.22
VoneRT: folds 
j.martinto: folds 
Uncalled bet ($0.22) returned to FACCHETADE$
FACCHETADE$ collected $0.43 from pot
FACCHETADE$: doesn't show hand 
*** SUMMARY ***
Total pot $0.45 | Rake $0.02 
Board [2c 6c Qd 7c]
Seat 1: Timxx7 (button) folded before Flop (didn't bet)
Seat 2: FACCHETADE$ (small blind) collected ($0.43)
Seat 3: VoneRT (big blind) folded on the Turn
Seat 4: j.martinto folded on the Turn
Seat 5: JadesWrath folded before Flop (didn't bet)
Seat 6: HubertusB folded before Flop (didn't bet)



PokerStars Zoom Hand #186689470760:  Hold'em No Limit ($0.02/$0.05) - 2018/05/21 22:11:31 CCT [2018/05/21 10:11:31 ET]
Table 'Donati' 6-max Seat #1 is the button
Seat 1: offuca ($6.90 in chips) 
Seat 2: Adry0616 ($4.65 in chips) 
Seat 3: ILNAZ2307 ($5.53 in chips) 
Seat 4: HubertusB ($10.84 in chips) 
Seat 5: safa250513 ($4.59 in chips) 
Seat 6: sword Honjo ($5.91 in chips) 
Adry0616: posts small blind $0.02
ILNAZ2307: posts big blind $0.05
*** HOLE CARDS ***
Dealt to HubertusB [Td Ad]
HubertusB: raises $0.05 to $0.10
safa250513: calls $0.10
sword Honjo: calls $0.10
offuca: folds 
Adry0616: folds 
ILNAZ2307: calls $0.05
*** FLOP *** [Tc 4s 2d]
ILNAZ2307: checks 
HubertusB: bets $0.25
safa250513: folds 
sword Honjo has timed out
sword Honjo: folds 
ILNAZ2307: folds 
Uncalled bet ($0.25) returned to HubertusB
HubertusB collected $0.40 from pot
HubertusB: doesn't show hand 
*** SUMMARY ***
Total pot $0.42 | Rake $0.02 
Board [Tc 4s 2d]
Seat 1: offuca (button) folded before Flop (didn't bet)
Seat 2: Adry0616 (small blind) folded before Flop
Seat 3: ILNAZ2307 (big blind) folded on the Flop
Seat 4: HubertusB collected ($0.40)
Seat 5: safa250513 folded on the Flop
Seat 6: sword Honjo folded on the Flop



PokerStars Zoom Hand #186689493758:  Hold'em No Limit ($0.02/$0.05) - 2018/05/21 22:12:16 CCT [2018/05/21 10:12:16 ET]
Table 'Donati' 6-max Seat #1 is the button
Seat 1: Moskvich951 ($19.96 in chips) 
Seat 2: dominant111 ($9.29 in chips) 
Seat 3: HubertusB ($11.14 in chips) 
Seat 4: trol_panda ($4.93 in chips) 
Seat 5: KOLMAK14 ($4.37 in chips) 
Seat 6: oleg777886 ($5.02 in chips) 
dominant111: posts small blind $0.02
HubertusB: posts big blind $0.05
*** HOLE CARDS ***
Dealt to HubertusB [8h As]
trol_panda: raises $0.10 to $0.15
KOLMAK14: folds 
oleg777886: folds 
Moskvich951: folds 
dominant111: folds 
HubertusB: folds 
Uncalled bet ($0.10) returned to trol_panda
trol_panda collected $0.12 from pot
trol_panda: doesn't show hand 
*** SUMMARY ***
Total pot $0.12 | Rake $0 
Seat 1: Moskvich951 (button) folded before Flop (didn't bet)
Seat 2: dominant111 (small blind) folded before Flop
Seat 3: HubertusB (big blind) folded before Flop
Seat 4: trol_panda collected ($0.12)
Seat 5: KOLMAK14 folded before Flop (didn't bet)
Seat 6: oleg777886 folded before Flop (didn't bet)



PokerStars Zoom Hand #186689502964:  Hold'em No Limit ($0.02/$0.05) - 2018/05/21 22:12:34 CCT [2018/05/21 10:12:34 ET]
Table 'Donati' 6-max Seat #1 is the button
Seat 1: Zatoch ($4.98 in chips) 
Seat 2: HubertusB ($11.09 in chips) 
Seat 3: WEIPEI1 ($5 in chips) 
Seat 4: onisek88 ($6.16 in chips) 
Seat 5: JNeoh ($5.96 in chips) 
Seat 6: TheFibonachi ($6.57 in chips) 
HubertusB: posts small blind $0.02
WEIPEI1: posts big blind $0.05
*** HOLE CARDS ***
Dealt to HubertusB [6c 8d]
onisek88: folds 
JNeoh: folds 
TheFibonachi: folds 
Zatoch: folds 
HubertusB: folds 
Uncalled bet ($0.03) returned to WEIPEI1
WEIPEI1 collected $0.04 from pot
WEIPEI1: doesn't show hand 
*** SUMMARY ***
Total pot $0.04 | Rake $0 
Seat 1: Zatoch (button) folded before Flop (didn't bet)
Seat 2: HubertusB (small blind) folded before Flop
Seat 3: WEIPEI1 (big blind) collected ($0.04)
Seat 4: onisek88 folded before Flop (didn't bet)
Seat 5: JNeoh folded before Flop (didn't bet)
Seat 6: TheFibonachi folded before Flop (didn't bet)



PokerStars Zoom Hand #186689499912:  Hold'em No Limit ($0.02/$0.05) - 2018/05/21 22:12:28 CCT [2018/05/21 10:12:28 ET]
Table 'Donati' 6-max Seat #1 is the button
Seat 1: MasterP1388 ($6.90 in chips) 
Seat 2: maxplanken ($5.11 in chips) 
Seat 3: kot2772 ($7 in chips) 
Seat 4: HubertusB ($11.09 in chips) 
Seat 5: KenTanimura ($5 in chips) 
Seat 6: smoot21 ($7.65 in chips) 
maxplanken: posts small blind $0.02
kot2772: posts big blind $0.05
*** HOLE CARDS ***
Dealt to HubertusB [4d 5c]
HubertusB: folds 
KenTanimura: raises $0.10 to $0.15
smoot21: folds 
MasterP1388: folds 
maxplanken: folds 
kot2772: folds 
Uncalled bet ($0.10) returned to KenTanimura
KenTanimura collected $0.12 from pot
KenTanimura: doesn't show hand 
*** SUMMARY ***
Total pot $0.12 | Rake $0 
Seat 1: MasterP1388 (button) folded before Flop (didn't bet)
Seat 2: maxplanken (small blind) folded before Flop
Seat 3: kot2772 (big blind) folded before Flop
Seat 4: HubertusB folded before Flop (didn't bet)
Seat 5: KenTanimura collected ($0.12)
Seat 6: smoot21 folded before Flop (didn't bet)



PokerStars Zoom Hand #186689507498:  Hold'em No Limit ($0.02/$0.05) - 2018/05/21 22:12:43 CCT [2018/05/21 10:12:43 ET]
Table 'Donati' 6-max Seat #1 is the button
Seat 1: JNeoh ($16.48 in chips) 
Seat 2: Janóka01 ($5.37 in chips) 
Seat 3: Snegul ($2.17 in chips) 
Seat 4: joker1515503 ($3.98 in chips) 
Seat 5: HubertusB ($11.07 in chips) 
Seat 6: TheFibonachi ($7.38 in chips) 
Janóka01: posts small blind $0.02
Snegul: posts big blind $0.05
*** HOLE CARDS ***
Dealt to HubertusB [Td Th]
joker1515503: calls $0.05
HubertusB: raises $0.20 to $0.25
TheFibonachi: folds 
JNeoh: folds 
Janóka01: calls $0.23
Snegul: folds 
joker1515503: calls $0.20
*** FLOP *** [2d 2c Qs]
Janóka01: checks 
joker1515503: checks 
HubertusB: bets $0.30
Janóka01: folds 
joker1515503: raises $0.70 to $1
HubertusB: folds 
Uncalled bet ($0.70) returned to joker1515503
joker1515503 collected $1.34 from pot
joker1515503: doesn't show hand 
*** SUMMARY ***
Total pot $1.40 | Rake $0.06 
Board [2d 2c Qs]
Seat 1: JNeoh (button) folded before Flop (didn't bet)
Seat 2: Janóka01 (small blind) folded on the Flop
Seat 3: Snegul (big blind) folded before Flop
Seat 4: joker1515503 collected ($1.34)
Seat 5: HubertusB folded on the Flop
Seat 6: TheFibonachi folded before Flop (didn't bet)



PokerStars Zoom Hand #186689546329:  Hold'em No Limit ($0.02/$0.05) - 2018/05/21 22:13:58 CCT [2018/05/21 10:13:58 ET]
Table 'Donati' 6-max Seat #1 is the button
Seat 1: HubertusB ($10.52 in chips) 
Seat 2: Schwabe02 ($5.47 in chips) 
Seat 3: TULYA 15 ($7.15 in chips) 
Seat 4: JNeoh ($16.62 in chips) 
Seat 5: Zatoch ($6.15 in chips) 
Seat 6: swimmingsu ($8.58 in chips) 
Schwabe02: posts small blind $0.02
TULYA 15: posts big blind $0.05
*** HOLE CARDS ***
Dealt to HubertusB [3s 9c]
JNeoh: folds 
Zatoch: folds 
swimmingsu: folds 
HubertusB: folds 
Schwabe02: folds 
Uncalled bet ($0.03) returned to TULYA 15
TULYA 15 collected $0.04 from pot
TULYA 15: doesn't show hand 
*** SUMMARY ***
Total pot $0.04 | Rake $0 
Seat 1: HubertusB (button) folded before Flop (didn't bet)
Seat 2: Schwabe02 (small blind) folded before Flop
Seat 3: TULYA 15 (big blind) collected ($0.04)
Seat 4: JNeoh folded before Flop (didn't bet)
Seat 5: Zatoch folded before Flop (didn't bet)
Seat 6: swimmingsu folded before Flop (didn't bet)



PokerStars Zoom Hand #186689550479:  Hold'em No Limit ($0.02/$0.05) - 2018/05/21 22:14:06 CCT [2018/05/21 10:14:06 ET]
Table 'Donati' 6-max Seat #1 is the button
Seat 1: Jinxers ($7.31 in chips) 
Seat 2: Spudzoe ($6.99 in chips) 
Seat 3: Polletiii ($2.61 in chips) 
Seat 4: Rataj89 ($10.79 in chips) 
Seat 5: ganbate91 ($5 in chips) 
Seat 6: HubertusB ($10.52 in chips) 
Spudzoe: posts small blind $0.02
Polletiii: posts big blind $0.05
*** HOLE CARDS ***
Dealt to HubertusB [3c 3h]
Rataj89: raises $0.10 to $0.15
ganbate91: folds 
HubertusB: calls $0.15
Jinxers: folds 
Spudzoe: folds 
Polletiii: folds 
*** FLOP *** [2s 8d Jh]
Rataj89: checks 
HubertusB: bets $0.20
Rataj89: folds 
Uncalled bet ($0.20) returned to HubertusB
HubertusB collected $0.35 from pot
HubertusB: doesn't show hand 
*** SUMMARY ***
Total pot $0.37 | Rake $0.02 
Board [2s 8d Jh]
Seat 1: Jinxers (button) folded before Flop (didn't bet)
Seat 2: Spudzoe (small blind) folded before Flop
Seat 3: Polletiii (big blind) folded before Flop
Seat 4: Rataj89 folded on the Flop
Seat 5: ganbate91 folded before Flop (didn't bet)
Seat 6: HubertusB collected ($0.35)



PokerStars Zoom Hand #186689563252:  Hold'em No Limit ($0.02/$0.05) - 2018/05/21 22:14:31 CCT [2018/05/21 10:14:31 ET]
Table 'Donati' 6-max Seat #1 is the button
Seat 1: poshla_nazuy ($6.02 in chips) 
Seat 2: GG-WPSPS ($3.71 in chips) 
Seat 3: HubertusB ($10.72 in chips) 
Seat 4: haqpod ($5 in chips) 
Seat 5: belmain.by ($5 in chips) 
Seat 6: mvsz06 ($5.30 in chips) 
GG-WPSPS: posts small blind $0.02
HubertusB: posts big blind $0.05
*** HOLE CARDS ***
Dealt to HubertusB [4d 2s]
haqpod: folds 
belmain.by: folds 
mvsz06: raises $0.10 to $0.15
poshla_nazuy: folds 
GG-WPSPS: folds 
HubertusB: folds 
Uncalled bet ($0.10) returned to mvsz06
mvsz06 collected $0.12 from pot
mvsz06: doesn't show hand 
*** SUMMARY ***
Total pot $0.12 | Rake $0 
Seat 1: poshla_nazuy (button) folded before Flop (didn't bet)
Seat 2: GG-WPSPS (small blind) folded before Flop
Seat 3: HubertusB (big blind) folded before Flop
Seat 4: haqpod folded before Flop (didn't bet)
Seat 5: belmain.by folded before Flop (didn't bet)
Seat 6: mvsz06 collected ($0.12)



PokerStars Zoom Hand #186689569403:  Hold'em No Limit ($0.02/$0.05) - 2018/05/21 22:14:43 CCT [2018/05/21 10:14:43 ET]
Table 'Donati' 6-max Seat #1 is the button
Seat 1: eliasfleitas ($15.04 in chips) 
Seat 2: milakasp ($2.82 in chips) 
Seat 3: kukkertje ($5.72 in chips) 
Seat 4: MYJIbT ($4.84 in chips) 
Seat 5: Marian V. 31 ($5.61 in chips) 
Seat 6: HubertusB ($10.67 in chips) 
milakasp: posts small blind $0.02
kukkertje: posts big blind $0.05
*** HOLE CARDS ***
Dealt to HubertusB [6d Jd]
MYJIbT: raises $0.05 to $0.10
Marian V. 31: folds 
HubertusB: raises $0.20 to $0.30
eliasfleitas: raises $0.65 to $0.95
milakasp: folds 
kukkertje: folds 
MYJIbT: folds 
HubertusB: folds 
Uncalled bet ($0.65) returned to eliasfleitas
eliasfleitas collected $0.77 from pot
eliasfleitas: doesn't show hand 
*** SUMMARY ***
Total pot $0.77 | Rake $0 
Seat 1: eliasfleitas (button) collected ($0.77)
Seat 2: milakasp (small blind) folded before Flop
Seat 3: kukkertje (big blind) folded before Flop
Seat 4: MYJIbT folded before Flop
Seat 5: Marian V. 31 folded before Flop (didn't bet)
Seat 6: HubertusB folded before Flop



PokerStars Zoom Hand #186689581845:  Hold'em No Limit ($0.02/$0.05) - 2018/05/21 22:15:07 CCT [2018/05/21 10:15:07 ET]
Table 'Donati' 6-max Seat #1 is the button
Seat 1: ckmtl5 ($4.80 in chips) 
Seat 2: HubertusB ($10.37 in chips) 
Seat 3: dennis.wdw ($6.44 in chips) 
Seat 4: TheFibonachi ($6.72 in chips) 
Seat 5: eliasfleitas ($15.46 in chips) 
Seat 6: kranovoy22 ($5.91 in chips) 
HubertusB: posts small blind $0.02
dennis.wdw: posts big blind $0.05
*** HOLE CARDS ***
Dealt to HubertusB [3h Qc]
TheFibonachi: folds 
eliasfleitas: folds 
kranovoy22: folds 
ckmtl5: raises $0.10 to $0.15
HubertusB: folds 
dennis.wdw: folds 
Uncalled bet ($0.10) returned to ckmtl5
ckmtl5 collected $0.12 from pot
ckmtl5: doesn't show hand 
*** SUMMARY ***
Total pot $0.12 | Rake $0 
Seat 1: ckmtl5 (button) collected ($0.12)
Seat 2: HubertusB (small blind) folded before Flop
Seat 3: dennis.wdw (big blind) folded before Flop
Seat 4: TheFibonachi folded before Flop (didn't bet)
Seat 5: eliasfleitas folded before Flop (didn't bet)
Seat 6: kranovoy22 folded before Flop (didn't bet)



PokerStars Zoom Hand #186689579709:  Hold'em No Limit ($0.02/$0.05) - 2018/05/21 22:15:03 CCT [2018/05/21 10:15:03 ET]
Table 'Donati' 6-max Seat #1 is the button
Seat 1: xerocross ($5.12 in chips) 
Seat 2: rellesario ($8.79 in chips) 
Seat 3: tarogame ($10.26 in chips) 
Seat 4: HubertusB ($10.37 in chips) 
Seat 5: CoppolaMalta ($3.53 in chips) 
Seat 6: Quellesurpr ($4.66 in chips) 
rellesario: posts small blind $0.02
tarogame: posts big blind $0.05
*** HOLE CARDS ***
Dealt to HubertusB [Jh 4d]
HubertusB: folds 
CoppolaMalta: raises $0.10 to $0.15
Quellesurpr: calls $0.15
xerocross: folds 
rellesario: folds 
tarogame: folds 
*** FLOP *** [7h Qd 5d]
CoppolaMalta: checks 
Quellesurpr: bets $0.20
CoppolaMalta: folds 
Uncalled bet ($0.20) returned to Quellesurpr
Quellesurpr collected $0.35 from pot
Quellesurpr: doesn't show hand 
*** SUMMARY ***
Total pot $0.37 | Rake $0.02 
Board [7h Qd 5d]
Seat 1: xerocross (button) folded before Flop (didn't bet)
Seat 2: rellesario (small blind) folded before Flop
Seat 3: tarogame (big blind) folded before Flop
Seat 4: HubertusB folded before Flop (didn't bet)
Seat 5: CoppolaMalta folded on the Flop
Seat 6: Quellesurpr collected ($0.35)



PokerStars Zoom Hand #186689584884:  Hold'em No Limit ($0.02/$0.05) - 2018/05/21 22:15:13 CCT [2018/05/21 10:15:13 ET]
Table 'Donati' 6-max Seat #1 is the button
Seat 1: HubertusB ($10.35 in chips) 
Seat 2: DarkAngels23 ($12.74 in chips) 
Seat 3: zopyrik88 ($16.45 in chips) 
Seat 4: MasterP1388 ($3.70 in chips) 
Seat 5: Kammav1 ($5.89 in chips) 
Seat 6: kempelkom ($5.05 in chips) 
DarkAngels23: posts small blind $0.02
zopyrik88: posts big blind $0.05
*** HOLE CARDS ***
Dealt to HubertusB [Ah 5d]
MasterP1388: raises $0.05 to $0.10
Kammav1: folds 
kempelkom: folds 
HubertusB: raises $0.20 to $0.30
DarkAngels23: folds 
zopyrik88: folds 
MasterP1388: folds 
Uncalled bet ($0.20) returned to HubertusB
HubertusB collected $0.27 from pot
HubertusB: doesn't show hand 
*** SUMMARY ***
Total pot $0.27 | Rake $0 
Seat 1: HubertusB (button) collected ($0.27)
Seat 2: DarkAngels23 (small blind) folded before Flop
Seat 3: zopyrik88 (big blind) folded before Flop
Seat 4: MasterP1388 folded before Flop
Seat 5: Kammav1 folded before Flop (didn't bet)
Seat 6: kempelkom folded before Flop (didn't bet)



PokerStars Zoom Hand #186689595587:  Hold'em No Limit ($0.02/$0.05) - 2018/05/21 22:15:34 CCT [2018/05/21 10:15:34 ET]
Table 'Donati' 6-max Seat #1 is the button
Seat 1: Bot1729 ($5.54 in chips) 
Seat 2: Spudzoe ($6.62 in chips) 
Seat 3: poshla_nazuy ($5 in chips) 
Seat 4: Timxx7 ($5 in chips) 
Seat 5: HubertusB ($10.52 in chips) 
Seat 6: SilverSatori ($5.43 in chips) 
Spudzoe: posts small blind $0.02
poshla_nazuy: posts big blind $0.05
*** HOLE CARDS ***
Dealt to HubertusB [7c 6c]
Timxx7: folds 
HubertusB: raises $0.05 to $0.10
SilverSatori: folds 
Bot1729: calls $0.10
Spudzoe: calls $0.08
poshla_nazuy: folds 
*** FLOP *** [Ah Qh 8d]
Spudzoe: checks 
HubertusB: checks 
Bot1729: checks 
*** TURN *** [Ah Qh 8d] [Jc]
Spudzoe: checks 
HubertusB: checks 
Bot1729: checks 
*** RIVER *** [Ah Qh 8d Jc] [3h]
Spudzoe: checks 
HubertusB: checks 
Bot1729: checks 
*** SHOW DOWN ***
Spudzoe: shows [2d 2h] (a pair of Deuces)
HubertusB: mucks hand 
Bot1729: shows [Tc Qs] (a pair of Queens)
Bot1729 collected $0.34 from pot
*** SUMMARY ***
Total pot $0.35 | Rake $0.01 
Board [Ah Qh 8d Jc 3h]
Seat 1: Bot1729 (button) showed [Tc Qs] and won ($0.34) with a pair of Queens
Seat 2: Spudzoe (small blind) showed [2d 2h] and lost with a pair of Deuces
Seat 3: poshla_nazuy (big blind) folded before Flop
Seat 4: Timxx7 folded before Flop (didn't bet)
Seat 5: HubertusB mucked [7c 6c]
Seat 6: SilverSatori folded before Flop (didn't bet)



PokerStars Zoom Hand #186689631271:  Hold'em No Limit ($0.02/$0.05) - 2018/05/21 22:16:43 CCT [2018/05/21 10:16:43 ET]
Table 'Donati' 6-max Seat #1 is the button
Seat 1: paiva_015 ($14.91 in chips) 
Seat 2: Bot1729 ($5.78 in chips) 
Seat 3: Antrax3067 ($5.21 in chips) 
Seat 4: maltrine ($6.04 in chips) 
Seat 5: HubertusB ($10.42 in chips) 
Seat 6: kukkertje ($5.14 in chips) 
Bot1729: posts small blind $0.02
Antrax3067: posts big blind $0.05
*** HOLE CARDS ***
Dealt to HubertusB [Js 4d]
maltrine: raises $0.10 to $0.15
HubertusB: folds 
kukkertje: folds 
paiva_015: folds 
Bot1729: folds 
Antrax3067: folds 
Uncalled bet ($0.10) returned to maltrine
maltrine collected $0.12 from pot
maltrine: doesn't show hand 
*** SUMMARY ***
Total pot $0.12 | Rake $0 
Seat 1: paiva_015 (button) folded before Flop (didn't bet)
Seat 2: Bot1729 (small blind) folded before Flop
Seat 3: Antrax3067 (big blind) folded before Flop
Seat 4: maltrine collected ($0.12)
Seat 5: HubertusB folded before Flop (didn't bet)
Seat 6: kukkertje folded before Flop (didn't bet)



PokerStars Zoom Hand #186689637399:  Hold'em No Limit ($0.02/$0.05) - 2018/05/21 22:16:55 CCT [2018/05/21 10:16:55 ET]
Table 'Donati' 6-max Seat #1 is the button
Seat 1: eliasfleitas ($16.02 in chips) 
Seat 2: Gelford ($5.73 in chips) 
Seat 3: HubertusB ($10.42 in chips) 
Seat 4: U_RULIA ($5.02 in chips) 
Seat 5: horstborsto ($5.65 in chips) 
Seat 6: vmvmihail ($5 in chips) 
Gelford: posts small blind $0.02
HubertusB: posts big blind $0.05
*** HOLE CARDS ***
Dealt to HubertusB [5h 3c]
U_RULIA: folds 
horstborsto: folds 
vmvmihail: folds 
eliasfleitas: folds 
Gelford: folds 
Uncalled bet ($0.03) returned to HubertusB
HubertusB collected $0.04 from pot
HubertusB: doesn't show hand 
*** SUMMARY ***
Total pot $0.04 | Rake $0 
Seat 1: eliasfleitas (button) folded before Flop (didn't bet)
Seat 2: Gelford (small blind) folded before Flop
Seat 3: HubertusB (big blind) collected ($0.04)
Seat 4: U_RULIA folded before Flop (didn't bet)
Seat 5: horstborsto folded before Flop (didn't bet)
Seat 6: vmvmihail folded before Flop (didn't bet)



PokerStars Zoom Hand #186689634339:  Hold'em No Limit ($0.02/$0.05) - 2018/05/21 22:16:49 CCT [2018/05/21 10:16:49 ET]
Table 'Donati' 6-max Seat #1 is the button
Seat 1: Karakoyunlu ($4.36 in chips) 
Seat 2: adyrnicc ($5.23 in chips) 
Seat 3: Pelorojo1 ($5.72 in chips) 
Seat 4: HubertusB ($10.42 in chips) 
Seat 5: RAIN_ACID ($4.58 in chips) 
Seat 6: fbimerg86 ($10.36 in chips) 
adyrnicc: posts small blind $0.02
Pelorojo1: posts big blind $0.05
*** HOLE CARDS ***
Dealt to HubertusB [9h 7c]
HubertusB: folds 
RAIN_ACID: folds 
fbimerg86: folds 
Karakoyunlu: folds 
adyrnicc: folds 
Uncalled bet ($0.03) returned to Pelorojo1
Pelorojo1 collected $0.04 from pot
Pelorojo1: doesn't show hand 
*** SUMMARY ***
Total pot $0.04 | Rake $0 
Seat 1: Karakoyunlu (button) folded before Flop (didn't bet)
Seat 2: adyrnicc (small blind) folded before Flop
Seat 3: Pelorojo1 (big blind) collected ($0.04)
Seat 4: HubertusB folded before Flop (didn't bet)
Seat 5: RAIN_ACID folded before Flop (didn't bet)
Seat 6: fbimerg86 folded before Flop (didn't bet)



PokerStars Zoom Hand #186689642011:  Hold'em No Limit ($0.02/$0.05) - 2018/05/21 22:17:04 CCT [2018/05/21 10:17:04 ET]
Table 'Donati' 6-max Seat #1 is the button
Seat 1: djpaulinho_p ($5.19 in chips) 
Seat 2: HubertusB ($10.44 in chips) 
Seat 3: AsterixBrn ($5 in chips) 
Seat 4: MolodoyVanya ($5 in chips) 
Seat 5: pashqadk ($5.96 in chips) 
Seat 6: NoFutureInIt ($5.65 in chips) 
HubertusB: posts small blind $0.02
AsterixBrn: posts big blind $0.05
*** HOLE CARDS ***
Dealt to HubertusB [9h 2h]
MolodoyVanya: folds 
pashqadk: folds 
NoFutureInIt: folds 
djpaulinho_p: folds 
HubertusB: folds 
Uncalled bet ($0.03) returned to AsterixBrn
AsterixBrn collected $0.04 from pot
AsterixBrn: doesn't show hand 
*** SUMMARY ***
Total pot $0.04 | Rake $0 
Seat 1: djpaulinho_p (button) folded before Flop (didn't bet)
Seat 2: HubertusB (small blind) folded before Flop
Seat 3: AsterixBrn (big blind) collected ($0.04)
Seat 4: MolodoyVanya folded before Flop (didn't bet)
Seat 5: pashqadk folded before Flop (didn't bet)
Seat 6: NoFutureInIt folded before Flop (didn't bet)



PokerStars Zoom Hand #186689645190:  Hold'em No Limit ($0.02/$0.05) - 2018/05/21 22:17:10 CCT [2018/05/21 10:17:10 ET]
Table 'Donati' 6-max Seat #1 is the button
Seat 1: HubertusB ($10.42 in chips) 
Seat 2: ZloFFeliX ($4.88 in chips) 
Seat 3: Bot1729 ($6.49 in chips) 
Seat 4: PiNe4ppLe ($7.71 in chips) 
Seat 5: Tub1610 ($5.57 in chips) 
Seat 6: Feia93 ($5.45 in chips) 
ZloFFeliX: posts small blind $0.02
Bot1729: posts big blind $0.05
*** HOLE CARDS ***
Dealt to HubertusB [8s Td]
PiNe4ppLe: raises $0.10 to $0.15
Tub1610: folds 
Feia93: folds 
HubertusB: folds 
ZloFFeliX: folds 
Bot1729: folds 
Uncalled bet ($0.10) returned to PiNe4ppLe
PiNe4ppLe collected $0.12 from pot
PiNe4ppLe: doesn't show hand 
*** SUMMARY ***
Total pot $0.12 | Rake $0 
Seat 1: HubertusB (button) folded before Flop (didn't bet)
Seat 2: ZloFFeliX (small blind) folded before Flop
Seat 3: Bot1729 (big blind) folded before Flop
Seat 4: PiNe4ppLe collected ($0.12)
Seat 5: Tub1610 folded before Flop (didn't bet)
Seat 6: Feia93 folded before Flop (didn't bet)



PokerStars Zoom Hand #186689648304:  Hold'em No Limit ($0.02/$0.05) - 2018/05/21 22:17:16 CCT [2018/05/21 10:17:16 ET]
Table 'Donati' 6-max Seat #1 is the button
Seat 1: ckmtl5 ($4.31 in chips) 
Seat 2: QuadsOff ($5.73 in chips) 
Seat 3: WEIPEI1 ($5 in chips) 
Seat 4: VitaliiVV89 ($11.32 in chips) 
Seat 5: Lacky_DNK ($4.11 in chips) 
Seat 6: HubertusB ($10.42 in chips) 
QuadsOff: posts small blind $0.02
WEIPEI1: posts big blind $0.05
*** HOLE CARDS ***
Dealt to HubertusB [Tc Ks]
VitaliiVV89: folds 
Lacky_DNK: folds 
HubertusB: raises $0.05 to $0.10
ckmtl5: folds 
QuadsOff: folds 
WEIPEI1: folds 
Uncalled bet ($0.05) returned to HubertusB
HubertusB collected $0.12 from pot
HubertusB: doesn't show hand 
*** SUMMARY ***
Total pot $0.12 | Rake $0 
Seat 1: ckmtl5 (button) folded before Flop (didn't bet)
Seat 2: QuadsOff (small blind) folded before Flop
Seat 3: WEIPEI1 (big blind) folded before Flop
Seat 4: VitaliiVV89 folded before Flop (didn't bet)
Seat 5: Lacky_DNK folded before Flop (didn't bet)
Seat 6: HubertusB collected ($0.12)



PokerStars Zoom Hand #186689658011:  Hold'em No Limit ($0.02/$0.05) - 2018/05/21 22:17:35 CCT [2018/05/21 10:17:35 ET]
Table 'Donati' 6-max Seat #1 is the button
Seat 1: titop_Vector ($5.53 in chips) 
Seat 2: Bot1729 ($6.44 in chips) 
Seat 3: offuca ($5.54 in chips) 
Seat 4: HubertusB ($10.49 in chips) 
Seat 5: kranovoy22 ($17.85 in chips) 
Seat 6: diesel209950 ($5 in chips) 
Bot1729: posts small blind $0.02
offuca: posts big blind $0.05
*** HOLE CARDS ***
Dealt to HubertusB [9h Js]
HubertusB: folds 
kranovoy22: raises $0.10 to $0.15
diesel209950: folds 
titop_Vector: folds 
Bot1729: raises $0.40 to $0.55
offuca: folds 
kranovoy22: folds 
Uncalled bet ($0.40) returned to Bot1729
Bot1729 collected $0.35 from pot
Bot1729: doesn't show hand 
*** SUMMARY ***
Total pot $0.35 | Rake $0 
Seat 1: titop_Vector (button) folded before Flop (didn't bet)
Seat 2: Bot1729 (small blind) collected ($0.35)
Seat 3: offuca (big blind) folded before Flop
Seat 4: HubertusB folded before Flop (didn't bet)
Seat 5: kranovoy22 folded before Flop
Seat 6: diesel209950 folded before Flop (didn't bet)



PokerStars Zoom Hand #186689661165:  Hold'em No Limit ($0.02/$0.05) - 2018/05/21 22:17:41 CCT [2018/05/21 10:17:41 ET]
Table 'Donati' 6-max Seat #1 is the button
Seat 1: livluvlif951 ($5.02 in chips) 
Seat 2: diesel209950 ($4.73 in chips) 
Seat 3: joker_95rus ($36.25 in chips) 
Seat 4: MGPN ($17.26 in chips) 
Seat 5: HubertusB ($10.49 in chips) 
Seat 6: FuShen66 ($4.90 in chips) 
diesel209950: posts small blind $0.02
joker_95rus: posts big blind $0.05
*** HOLE CARDS ***
Dealt to HubertusB [5c 3c]
MGPN: folds 
HubertusB: folds 
FuShen66: folds 
livluvlif951: calls $0.05
diesel209950: folds 
joker_95rus: checks 
*** FLOP *** [9c Ks Tc]
joker_95rus: bets $0.05
livluvlif951: calls $0.05
*** TURN *** [9c Ks Tc] [Ah]
joker_95rus: bets $0.05
livluvlif951: calls $0.05
*** RIVER *** [9c Ks Tc Ah] [6c]
joker_95rus: bets $0.05
livluvlif951: raises $0.59 to $0.64
joker_95rus: folds 
Uncalled bet ($0.59) returned to livluvlif951
livluvlif951 collected $0.40 from pot
livluvlif951: doesn't show hand 
*** SUMMARY ***
Total pot $0.42 | Rake $0.02 
Board [9c Ks Tc Ah 6c]
Seat 1: livluvlif951 (button) collected ($0.40)
Seat 2: diesel209950 (small blind) folded before Flop
Seat 3: joker_95rus (big blind) folded on the River
Seat 4: MGPN folded before Flop (didn't bet)
Seat 5: HubertusB folded before Flop (didn't bet)
Seat 6: FuShen66 folded before Flop (didn't bet)



PokerStars Zoom Hand #186689678681:  Hold'em No Limit ($0.02/$0.05) - 2018/05/21 22:18:15 CCT [2018/05/21 10:18:15 ET]
Table 'Donati' 6-max Seat #1 is the button
Seat 1: djpaulinho_p ($5.90 in chips) 
Seat 2: HajluM ($6.46 in chips) 
Seat 3: Das-Pilos ($2.64 in chips) 
Seat 4: HubertusB ($10.44 in chips) 
Seat 5: Spudzoe ($6.30 in chips) 
Seat 6: metalblack ($4.38 in chips) 
HajluM: posts small blind $0.02
Das-Pilos: posts big blind $0.05
*** HOLE CARDS ***
Dealt to HubertusB [Ts 7h]
HubertusB: folds 
Spudzoe: folds 
metalblack: folds 
djpaulinho_p: folds 
HajluM: folds 
Uncalled bet ($0.03) returned to Das-Pilos
Das-Pilos collected $0.04 from pot
Das-Pilos: doesn't show hand 
*** SUMMARY ***
Total pot $0.04 | Rake $0 
Seat 1: djpaulinho_p (button) folded before Flop (didn't bet)
Seat 2: HajluM (small blind) folded before Flop
Seat 3: Das-Pilos (big blind) collected ($0.04)
Seat 4: HubertusB folded before Flop (didn't bet)
Seat 5: Spudzoe folded before Flop (didn't bet)
Seat 6: metalblack folded before Flop (didn't bet)



PokerStars Zoom Hand #186689665849:  Hold'em No Limit ($0.02/$0.05) - 2018/05/21 22:17:50 CCT [2018/05/21 10:17:50 ET]
Table 'Donati' 6-max Seat #1 is the button
Seat 1: Feia93 ($5.71 in chips) 
Seat 2: drk55 ($10.91 in chips) 
Seat 3: HubertusB ($10.49 in chips) 
Seat 4: FuShen66 ($4.90 in chips) 
Seat 5: poshla_nazuy ($5.68 in chips) 
Seat 6: pashqadk ($5 in chips) 
drk55: posts small blind $0.02
HubertusB: posts big blind $0.05
*** HOLE CARDS ***
Dealt to HubertusB [7h 5d]
FuShen66: folds 
poshla_nazuy: folds 
pashqadk: folds 
Feia93: raises $0.10 to $0.15
drk55: raises $0.37 to $0.52
HubertusB: folds 
Feia93: raises $0.88 to $1.40
drk55: folds 
Uncalled bet ($0.88) returned to Feia93
Feia93 collected $1.09 from pot
Feia93: doesn't show hand 
*** SUMMARY ***
Total pot $1.09 | Rake $0 
Seat 1: Feia93 (button) collected ($1.09)
Seat 2: drk55 (small blind) folded before Flop
Seat 3: HubertusB (big blind) folded before Flop
Seat 4: FuShen66 folded before Flop (didn't bet)
Seat 5: poshla_nazuy folded before Flop (didn't bet)
Seat 6: pashqadk folded before Flop (didn't bet)



