PokerStars Zoom Hand #186686518697:  Hold'em No Limit ($0.02/$0.05) - 2018/05/21 20:26:13 CCT [2018/05/21 8:26:13 ET]
Table 'Donati' 6-max Seat #1 is the button
Seat 1: HajluM ($5 in chips) 
Seat 2: picxx17 ($2.01 in chips) 
Seat 3: HubertusB ($5 in chips) 
Seat 4: ajallday76 ($5.94 in chips) 
Seat 5: you_n872 ($7.53 in chips) 
Seat 6: fk9843 ($13.23 in chips) 
picxx17: posts small blind $0.02
HubertusB: posts big blind $0.05
*** HOLE CARDS ***
Dealt to HubertusB [Ad 5d]
ajallday76: folds 
you_n872: folds 
fk9843: folds 
HajluM: raises $0.05 to $0.10
picxx17: raises $1.91 to $2.01 and is all-in
HubertusB: folds 
HajluM: folds 
Uncalled bet ($1.91) returned to picxx17
picxx17 collected $0.25 from pot
picxx17: doesn't show hand 
*** SUMMARY ***
Total pot $0.25 | Rake $0 
Seat 1: HajluM (button) folded before Flop
Seat 2: picxx17 (small blind) collected ($0.25)
Seat 3: HubertusB (big blind) folded before Flop
Seat 4: ajallday76 folded before Flop (didn't bet)
Seat 5: you_n872 folded before Flop (didn't bet)
Seat 6: fk9843 folded before Flop (didn't bet)



PokerStars Zoom Hand #186686526659:  Hold'em No Limit ($0.02/$0.05) - 2018/05/21 20:26:31 CCT [2018/05/21 8:26:31 ET]
Table 'Donati' 6-max Seat #1 is the button
Seat 1: HubertusB ($4.93 in chips) 
Seat 2: NoFutureInIt ($6.36 in chips) 
Seat 3: Rusakov Andr ($4.56 in chips) 
Seat 4: JayCeeDee702 ($9.34 in chips) 
Seat 5: SHMAG3L ($8.66 in chips) 
Seat 6: ICTrueCards ($9.27 in chips) 
NoFutureInIt: posts small blind $0.02
Rusakov Andr: posts big blind $0.05
*** HOLE CARDS ***
Dealt to HubertusB [2d 3c]
JayCeeDee702: folds 
SHMAG3L: folds 
ICTrueCards: folds 
HubertusB: folds 
NoFutureInIt: folds 
Uncalled bet ($0.03) returned to Rusakov Andr
Rusakov Andr collected $0.04 from pot
Rusakov Andr: doesn't show hand 
*** SUMMARY ***
Total pot $0.04 | Rake $0 
Seat 1: HubertusB (button) folded before Flop (didn't bet)
Seat 2: NoFutureInIt (small blind) folded before Flop
Seat 3: Rusakov Andr (big blind) collected ($0.04)
Seat 4: JayCeeDee702 folded before Flop (didn't bet)
Seat 5: SHMAG3L folded before Flop (didn't bet)
Seat 6: ICTrueCards folded before Flop (didn't bet)



PokerStars Zoom Hand #186686524441:  Hold'em No Limit ($0.02/$0.05) - 2018/05/21 20:26:26 CCT [2018/05/21 8:26:26 ET]
Table 'Donati' 6-max Seat #1 is the button
Seat 1: gosumortiz ($5 in chips) 
Seat 2: HubertusB ($4.95 in chips) 
Seat 3: NADYAKUZYA ($3.35 in chips) 
Seat 4: LuNa WL ($4.56 in chips) 
Seat 5: Martyyy25 ($3.46 in chips) 
Seat 6: BuBBleBoy548 ($5.09 in chips) 
HubertusB: posts small blind $0.02
NADYAKUZYA: posts big blind $0.05
*** HOLE CARDS ***
Dealt to HubertusB [8s 4c]
LuNa WL: folds 
Martyyy25: folds 
BuBBleBoy548: raises $0.07 to $0.12
gosumortiz: folds 
HubertusB: folds 
NADYAKUZYA: folds 
Uncalled bet ($0.07) returned to BuBBleBoy548
BuBBleBoy548 collected $0.12 from pot
BuBBleBoy548: doesn't show hand 
*** SUMMARY ***
Total pot $0.12 | Rake $0 
Seat 1: gosumortiz (button) folded before Flop (didn't bet)
Seat 2: HubertusB (small blind) folded before Flop
Seat 3: NADYAKUZYA (big blind) folded before Flop
Seat 4: LuNa WL folded before Flop (didn't bet)
Seat 5: Martyyy25 folded before Flop (didn't bet)
Seat 6: BuBBleBoy548 collected ($0.12)



PokerStars Zoom Hand #186686528851:  Hold'em No Limit ($0.02/$0.05) - 2018/05/21 20:26:36 CCT [2018/05/21 8:26:36 ET]
Table 'Donati' 6-max Seat #1 is the button
Seat 1: vmvmihail ($5.02 in chips) 
Seat 2: poshla_nazuy ($5.25 in chips) 
Seat 3: Chunichi ($6.25 in chips) 
Seat 4: Asilvagoat ($5.22 in chips) 
Seat 5: 1obanoff ($4.41 in chips) 
Seat 6: HubertusB ($4.93 in chips) 
poshla_nazuy: posts small blind $0.02
Chunichi: posts big blind $0.05
*** HOLE CARDS ***
Dealt to HubertusB [4d Ts]
Asilvagoat: folds 
1obanoff: folds 
HubertusB: folds 
vmvmihail: raises $0.09 to $0.14
poshla_nazuy: calls $0.12
Chunichi: folds 
*** FLOP *** [Kd Ad 5c]
poshla_nazuy: checks 
vmvmihail: bets $0.21
poshla_nazuy: folds 
Uncalled bet ($0.21) returned to vmvmihail
vmvmihail collected $0.32 from pot
vmvmihail: doesn't show hand 
*** SUMMARY ***
Total pot $0.33 | Rake $0.01 
Board [Kd Ad 5c]
Seat 1: vmvmihail (button) collected ($0.32)
Seat 2: poshla_nazuy (small blind) folded on the Flop
Seat 3: Chunichi (big blind) folded before Flop
Seat 4: Asilvagoat folded before Flop (didn't bet)
Seat 5: 1obanoff folded before Flop (didn't bet)
Seat 6: HubertusB folded before Flop (didn't bet)



PokerStars Zoom Hand #186686531537:  Hold'em No Limit ($0.02/$0.05) - 2018/05/21 20:26:42 CCT [2018/05/21 8:26:42 ET]
Table 'Donati' 6-max Seat #1 is the button
Seat 1: SchoolBoii1 ($4 in chips) 
Seat 2: mopsrenat ($5.97 in chips) 
Seat 3: BL4CK11 ($16.38 in chips) 
Seat 4: 3k.stimmt ($8.84 in chips) 
Seat 5: HubertusB ($4.93 in chips) 
Seat 6: Misteeer.i0 ($5.89 in chips) 
mopsrenat: posts small blind $0.02
BL4CK11: posts big blind $0.05
*** HOLE CARDS ***
Dealt to HubertusB [Ah 8d]
3k.stimmt: folds 
HubertusB: raises $0.05 to $0.10
Misteeer.i0: folds 
SchoolBoii1: folds 
mopsrenat: folds 
BL4CK11: raises $0.35 to $0.45
HubertusB: folds 
Uncalled bet ($0.35) returned to BL4CK11
BL4CK11 collected $0.22 from pot
BL4CK11: doesn't show hand 
*** SUMMARY ***
Total pot $0.22 | Rake $0 
Seat 1: SchoolBoii1 (button) folded before Flop (didn't bet)
Seat 2: mopsrenat (small blind) folded before Flop
Seat 3: BL4CK11 (big blind) collected ($0.22)
Seat 4: 3k.stimmt folded before Flop (didn't bet)
Seat 5: HubertusB folded before Flop
Seat 6: Misteeer.i0 folded before Flop (didn't bet)



PokerStars Zoom Hand #186686538616:  Hold'em No Limit ($0.02/$0.05) - 2018/05/21 20:26:58 CCT [2018/05/21 8:26:58 ET]
Table 'Donati' 6-max Seat #1 is the button
Seat 1: Kreuzbrecher ($7.03 in chips) 
Seat 2: svererii ($6.43 in chips) 
Seat 3: HubertusB ($4.83 in chips) 
Seat 4: Yaha 09 ($5.07 in chips) 
Seat 5: arab66624 ($2.66 in chips) 
Seat 6: Maximilian_B123 ($2.60 in chips) 
svererii: posts small blind $0.02
HubertusB: posts big blind $0.05
*** HOLE CARDS ***
Dealt to HubertusB [9s Qc]
Yaha 09: folds 
arab66624: folds 
Maximilian_B123: folds 
Kreuzbrecher: folds 
svererii: raises $0.10 to $0.15
HubertusB: calls $0.10
*** FLOP *** [Ts Tc Qd]
svererii: checks 
HubertusB: checks 
*** TURN *** [Ts Tc Qd] [Jc]
svererii: checks 
HubertusB: bets $0.15
svererii: calls $0.15
*** RIVER *** [Ts Tc Qd Jc] [Th]
svererii: checks 
HubertusB: bets $0.45
svererii: folds 
Uncalled bet ($0.45) returned to HubertusB
HubertusB collected $0.58 from pot
HubertusB: doesn't show hand 
*** SUMMARY ***
Total pot $0.60 | Rake $0.02 
Board [Ts Tc Qd Jc Th]
Seat 1: Kreuzbrecher (button) folded before Flop (didn't bet)
Seat 2: svererii (small blind) folded on the River
Seat 3: HubertusB (big blind) collected ($0.58)
Seat 4: Yaha 09 folded before Flop (didn't bet)
Seat 5: arab66624 folded before Flop (didn't bet)
Seat 6: Maximilian_B123 folded before Flop (didn't bet)



PokerStars Zoom Hand #186686566756:  Hold'em No Limit ($0.02/$0.05) - 2018/05/21 20:28:02 CCT [2018/05/21 8:28:02 ET]
Table 'Donati' 6-max Seat #1 is the button
Seat 1: HubertusB ($5.11 in chips) 
Seat 2: HOOOOOOK ($5.76 in chips) 
Seat 3: luka1981good ($5 in chips) 
Seat 4: dynamite2006 ($9.19 in chips) 
Seat 5: smudge120681 ($11.21 in chips) 
Seat 6: I Ferox I ($14.20 in chips) 
HOOOOOOK: posts small blind $0.02
luka1981good: posts big blind $0.05
*** HOLE CARDS ***
Dealt to HubertusB [5s 4d]
dynamite2006: folds 
smudge120681: folds 
I Ferox I: folds 
HubertusB: raises $0.05 to $0.10
HOOOOOOK: folds 
luka1981good: calls $0.05
*** FLOP *** [9h 6c 3s]
luka1981good: checks 
HubertusB: bets $0.11
luka1981good: folds 
Uncalled bet ($0.11) returned to HubertusB
HubertusB collected $0.21 from pot
HubertusB: doesn't show hand 
*** SUMMARY ***
Total pot $0.22 | Rake $0.01 
Board [9h 6c 3s]
Seat 1: HubertusB (button) collected ($0.21)
Seat 2: HOOOOOOK (small blind) folded before Flop
Seat 3: luka1981good (big blind) folded on the Flop
Seat 4: dynamite2006 folded before Flop (didn't bet)
Seat 5: smudge120681 folded before Flop (didn't bet)
Seat 6: I Ferox I folded before Flop (didn't bet)



PokerStars Zoom Hand #186686563711:  Hold'em No Limit ($0.02/$0.05) - 2018/05/21 20:27:55 CCT [2018/05/21 8:27:55 ET]
Table 'Donati' 6-max Seat #1 is the button
Seat 1: Closex ($6.10 in chips) 
Seat 2: jb112358 ($5.48 in chips) 
Seat 3: donevi4 ($5.94 in chips) 
Seat 4: JNeoh ($5 in chips) 
Seat 5: HubertusB ($5.11 in chips) 
Seat 6: Maximilian_B123 ($2.51 in chips) 
jb112358: posts small blind $0.02
donevi4: posts big blind $0.05
*** HOLE CARDS ***
Dealt to HubertusB [8s Jd]
JNeoh: raises $0.10 to $0.15
HubertusB: folds 
Maximilian_B123: folds 
Closex: folds 
jb112358: folds 
donevi4: calls $0.10
*** FLOP *** [Jc 9d Kd]
donevi4: checks 
JNeoh: bets $0.21
donevi4: calls $0.21
*** TURN *** [Jc 9d Kd] [5d]
donevi4: checks 
JNeoh: checks 
*** RIVER *** [Jc 9d Kd 5d] [8h]
donevi4: bets $0.36
JNeoh: folds 
Uncalled bet ($0.36) returned to donevi4
donevi4 collected $0.71 from pot
donevi4: doesn't show hand 
*** SUMMARY ***
Total pot $0.74 | Rake $0.03 
Board [Jc 9d Kd 5d 8h]
Seat 1: Closex (button) folded before Flop (didn't bet)
Seat 2: jb112358 (small blind) folded before Flop
Seat 3: donevi4 (big blind) collected ($0.71)
Seat 4: JNeoh folded on the River
Seat 5: HubertusB folded before Flop (didn't bet)
Seat 6: Maximilian_B123 folded before Flop (didn't bet)



PokerStars Zoom Hand #186686575223:  Hold'em No Limit ($0.02/$0.05) - 2018/05/21 20:28:21 CCT [2018/05/21 8:28:21 ET]
Table 'Donati' 6-max Seat #1 is the button
Seat 1: JhonnyShu ($4.40 in chips) 
Seat 2: HubertusB ($5.22 in chips) 
Seat 3: Truth711 ($5.79 in chips) 
Seat 4: poshla_nazuy ($6.49 in chips) 
Seat 5: matko031 ($5.25 in chips) 
Seat 6: Maxiscrash ($6.64 in chips) 
HubertusB: posts small blind $0.02
Truth711: posts big blind $0.05
*** HOLE CARDS ***
Dealt to HubertusB [4h 3h]
poshla_nazuy: raises $0.10 to $0.15
matko031: folds 
Maxiscrash: calls $0.15
JhonnyShu: raises $0.70 to $0.85
HubertusB: folds 
Truth711: folds 
poshla_nazuy: calls $0.70
Maxiscrash: folds 
*** FLOP *** [7h 5h Jh]
poshla_nazuy: checks 
JhonnyShu: bets $1.05
poshla_nazuy: raises $4.59 to $5.64 and is all-in
JhonnyShu: folds 
Uncalled bet ($4.59) returned to poshla_nazuy
poshla_nazuy collected $3.85 from pot
poshla_nazuy: doesn't show hand 
*** SUMMARY ***
Total pot $4.02 | Rake $0.17 
Board [7h 5h Jh]
Seat 1: JhonnyShu (button) folded on the Flop
Seat 2: HubertusB (small blind) folded before Flop
Seat 3: Truth711 (big blind) folded before Flop
Seat 4: poshla_nazuy collected ($3.85)
Seat 5: matko031 folded before Flop (didn't bet)
Seat 6: Maxiscrash folded before Flop



PokerStars Zoom Hand #186686586008:  Hold'em No Limit ($0.02/$0.05) - 2018/05/21 20:28:45 CCT [2018/05/21 8:28:45 ET]
Table 'Donati' 6-max Seat #1 is the button
Seat 1: Hyena777210 ($3.55 in chips) 
Seat 2: ALover113 ($23.83 in chips) 
Seat 3: CashDroid ($10.48 in chips) 
Seat 4: 1oleg1973 ($5.42 in chips) 
Seat 5: arti192837 ($7.31 in chips) 
Seat 6: HubertusB ($5.20 in chips) 
ALover113: posts small blind $0.02
CashDroid: posts big blind $0.05
*** HOLE CARDS ***
Dealt to HubertusB [5d 4s]
1oleg1973: calls $0.05
arti192837: folds 
HubertusB: folds 
Hyena777210: folds 
ALover113: folds 
CashDroid: checks 
*** FLOP *** [Js Jh 5h]
CashDroid: checks 
1oleg1973: bets $0.05
CashDroid: folds 
Uncalled bet ($0.05) returned to 1oleg1973
1oleg1973 collected $0.12 from pot
1oleg1973: doesn't show hand 
*** SUMMARY ***
Total pot $0.12 | Rake $0 
Board [Js Jh 5h]
Seat 1: Hyena777210 (button) folded before Flop (didn't bet)
Seat 2: ALover113 (small blind) folded before Flop
Seat 3: CashDroid (big blind) folded on the Flop
Seat 4: 1oleg1973 collected ($0.12)
Seat 5: arti192837 folded before Flop (didn't bet)
Seat 6: HubertusB folded before Flop (didn't bet)



PokerStars Zoom Hand #186686597069:  Hold'em No Limit ($0.02/$0.05) - 2018/05/21 20:29:10 CCT [2018/05/21 8:29:10 ET]
Table 'Donati' 6-max Seat #1 is the button
Seat 1: HubertusB ($5.15 in chips) 
Seat 2: Misteeer.i0 ($14.02 in chips) 
Seat 3: PiNe4ppLe ($9.07 in chips) 
Seat 4: volodarv ($7.28 in chips) 
Seat 5: gosumortiz ($5.62 in chips) 
Seat 6: you_n872 ($10.27 in chips) 
Misteeer.i0: posts small blind $0.02
PiNe4ppLe: posts big blind $0.05
*** HOLE CARDS ***
Dealt to HubertusB [4s Th]
volodarv: folds 
gosumortiz: folds 
you_n872: folds 
HubertusB: folds 
Misteeer.i0: folds 
Uncalled bet ($0.03) returned to PiNe4ppLe
PiNe4ppLe collected $0.04 from pot
PiNe4ppLe: doesn't show hand 
*** SUMMARY ***
Total pot $0.04 | Rake $0 
Seat 1: HubertusB (button) folded before Flop (didn't bet)
Seat 2: Misteeer.i0 (small blind) folded before Flop
Seat 3: PiNe4ppLe (big blind) collected ($0.04)
Seat 4: volodarv folded before Flop (didn't bet)
Seat 5: gosumortiz folded before Flop (didn't bet)
Seat 6: you_n872 folded before Flop (didn't bet)



PokerStars Zoom Hand #186686589532:  Hold'em No Limit ($0.02/$0.05) - 2018/05/21 20:28:53 CCT [2018/05/21 8:28:53 ET]
Table 'Donati' 6-max Seat #1 is the button
Seat 1: JohnyeliteM ($5 in chips) 
Seat 2: drk55 ($11.20 in chips) 
Seat 3: skaitlotaajs ($5.72 in chips) 
Seat 4: HubertusB ($5.20 in chips) 
Seat 5: Alumnixd ($3.87 in chips) 
Seat 6: ALover113 ($4.68 in chips) 
drk55: posts small blind $0.02
skaitlotaajs: posts big blind $0.05
*** HOLE CARDS ***
Dealt to HubertusB [3s 7c]
HubertusB: folds 
Alumnixd: raises $0.10 to $0.15
ALover113: raises $0.36 to $0.51
JohnyeliteM: folds 
drk55: folds 
skaitlotaajs: folds 
Alumnixd: calls $0.36
*** FLOP *** [Th Kc Kd]
Alumnixd: checks 
ALover113: checks 
*** TURN *** [Th Kc Kd] [Ts]
Alumnixd: bets $1.04
ALover113: calls $1.04
*** RIVER *** [Th Kc Kd Ts] [Tc]
Alumnixd: bets $2.32 and is all-in
ALover113: calls $2.32
*** SHOW DOWN ***
Alumnixd: shows [As 6s] (a full house, Tens full of Kings)
ALover113: shows [Qs Kh] (a full house, Kings full of Tens)
ALover113 collected $7.49 from pot
*** SUMMARY ***
Total pot $7.81 | Rake $0.32 
Board [Th Kc Kd Ts Tc]
Seat 1: JohnyeliteM (button) folded before Flop (didn't bet)
Seat 2: drk55 (small blind) folded before Flop
Seat 3: skaitlotaajs (big blind) folded before Flop
Seat 4: HubertusB folded before Flop (didn't bet)
Seat 5: Alumnixd showed [As 6s] and lost with a full house, Tens full of Kings
Seat 6: ALover113 showed [Qs Kh] and won ($7.49) with a full house, Kings full of Tens



PokerStars Zoom Hand #186686592219:  Hold'em No Limit ($0.02/$0.05) - 2018/05/21 20:28:59 CCT [2018/05/21 8:28:59 ET]
Table 'Donati' 6-max Seat #1 is the button
Seat 1: Demyosaur ($6.96 in chips) 
Seat 2: dbr03001 ($5.39 in chips) 
Seat 3: HubertusB ($5.20 in chips) 
Seat 4: r4ulz1n ($4.58 in chips) 
Seat 5: Asilvagoat ($5.20 in chips) 
Seat 6: Sanay67 ($2.16 in chips) 
dbr03001: posts small blind $0.02
HubertusB: posts big blind $0.05
*** HOLE CARDS ***
Dealt to HubertusB [7s Jh]
r4ulz1n: folds 
Asilvagoat: raises $0.10 to $0.15
Sanay67: calls $0.15
Demyosaur: calls $0.15
dbr03001: folds 
HubertusB: folds 
*** FLOP *** [2s Ah 4c]
Asilvagoat: checks 
Sanay67: bets $0.20
Demyosaur: folds 
Asilvagoat: folds 
Uncalled bet ($0.20) returned to Sanay67
Sanay67 collected $0.50 from pot
Sanay67: doesn't show hand 
*** SUMMARY ***
Total pot $0.52 | Rake $0.02 
Board [2s Ah 4c]
Seat 1: Demyosaur (button) folded on the Flop
Seat 2: dbr03001 (small blind) folded before Flop
Seat 3: HubertusB (big blind) folded before Flop
Seat 4: r4ulz1n folded before Flop (didn't bet)
Seat 5: Asilvagoat folded on the Flop
Seat 6: Sanay67 collected ($0.50)



PokerStars Zoom Hand #186686600563:  Hold'em No Limit ($0.02/$0.05) - 2018/05/21 20:29:18 CCT [2018/05/21 8:29:18 ET]
Table 'Donati' 6-max Seat #1 is the button
Seat 1: KIT426 ($1.99 in chips) 
Seat 2: Maximilian_B123 ($3.03 in chips) 
Seat 3: malis699 ($6.71 in chips) 
Seat 4: HubertusB ($5.15 in chips) 
Seat 5: fatboy005 ($9.27 in chips) 
Seat 6: 7enitram ($7.77 in chips) 
Maximilian_B123: posts small blind $0.02
malis699: posts big blind $0.05
*** HOLE CARDS ***
Dealt to HubertusB [Ac 9c]
HubertusB: raises $0.05 to $0.10
fatboy005: raises $0.05 to $0.15
7enitram: calls $0.15
KIT426: folds 
Maximilian_B123: folds 
malis699: folds 
HubertusB: calls $0.05
*** FLOP *** [Ad 8s 7c]
HubertusB: checks 
fatboy005: bets $0.15
7enitram: folds 
HubertusB: calls $0.15
*** TURN *** [Ad 8s 7c] [9s]
HubertusB: checks 
fatboy005: bets $0.45
HubertusB: calls $0.45
*** RIVER *** [Ad 8s 7c 9s] [2s]
HubertusB: checks 
fatboy005: bets $1.10
HubertusB: calls $1.10
*** SHOW DOWN ***
fatboy005: shows [9h Ah] (two pair, Aces and Nines)
HubertusB: shows [Ac 9c] (two pair, Aces and Nines)
HubertusB collected $1.88 from pot
fatboy005 collected $1.88 from pot
*** SUMMARY ***
Total pot $3.92 | Rake $0.16 
Board [Ad 8s 7c 9s 2s]
Seat 1: KIT426 (button) folded before Flop (didn't bet)
Seat 2: Maximilian_B123 (small blind) folded before Flop
Seat 3: malis699 (big blind) folded before Flop
Seat 4: HubertusB showed [Ac 9c] and won ($1.88) with two pair, Aces and Nines
Seat 5: fatboy005 showed [9h Ah] and won ($1.88) with two pair, Aces and Nines
Seat 6: 7enitram folded on the Flop



PokerStars Zoom Hand #186686638502:  Hold'em No Limit ($0.02/$0.05) - 2018/05/21 20:30:44 CCT [2018/05/21 8:30:44 ET]
Table 'Donati' 6-max Seat #1 is the button
Seat 1: Aristovoulos ($5 in chips) 
Seat 2: HubertusB ($5.18 in chips) 
Seat 3: Rusakov Andr ($4.67 in chips) 
Seat 4: Igor86554 ($5.16 in chips) 
Seat 5: poshla_nazuy ($7.99 in chips) 
Seat 6: Hyena777210 ($4.81 in chips) 
HubertusB: posts small blind $0.02
Rusakov Andr: posts big blind $0.05
*** HOLE CARDS ***
Dealt to HubertusB [8s 9s]
Igor86554: folds 
poshla_nazuy: folds 
Hyena777210: folds 
Aristovoulos: raises $0.10 to $0.15
HubertusB: raises $0.30 to $0.45
Rusakov Andr: folds 
Aristovoulos: folds 
Uncalled bet ($0.30) returned to HubertusB
HubertusB collected $0.35 from pot
HubertusB: doesn't show hand 
*** SUMMARY ***
Total pot $0.35 | Rake $0 
Seat 1: Aristovoulos (button) folded before Flop
Seat 2: HubertusB (small blind) collected ($0.35)
Seat 3: Rusakov Andr (big blind) folded before Flop
Seat 4: Igor86554 folded before Flop (didn't bet)
Seat 5: poshla_nazuy folded before Flop (didn't bet)
Seat 6: Hyena777210 folded before Flop (didn't bet)



PokerStars Zoom Hand #186686636216:  Hold'em No Limit ($0.02/$0.05) - 2018/05/21 20:30:39 CCT [2018/05/21 8:30:39 ET]
Table 'Donati' 6-max Seat #1 is the button
Seat 1: r4ulz1n ($4.60 in chips) 
Seat 2: joker_95rus ($12.59 in chips) 
Seat 3: arti192837 ($6.54 in chips) 
Seat 4: HubertusB ($5.18 in chips) 
Seat 5: Burkinator99 ($5.57 in chips) 
Seat 6: anorectal ($20.85 in chips) 
joker_95rus: posts small blind $0.02
arti192837: posts big blind $0.05
*** HOLE CARDS ***
Dealt to HubertusB [Ks 6d]
HubertusB: folds 
Burkinator99: raises $0.07 to $0.12
anorectal: folds 
r4ulz1n: folds 
joker_95rus: folds 
arti192837: calls $0.07
*** FLOP *** [Ts 7d Ac]
arti192837: checks 
Burkinator99: checks 
*** TURN *** [Ts 7d Ac] [2s]
arti192837: checks 
Burkinator99: bets $0.13
arti192837: calls $0.13
*** RIVER *** [Ts 7d Ac 2s] [5h]
arti192837: checks 
Burkinator99: bets $0.25
arti192837: folds 
Uncalled bet ($0.25) returned to Burkinator99
Burkinator99 collected $0.50 from pot
Burkinator99: doesn't show hand 
*** SUMMARY ***
Total pot $0.52 | Rake $0.02 
Board [Ts 7d Ac 2s 5h]
Seat 1: r4ulz1n (button) folded before Flop (didn't bet)
Seat 2: joker_95rus (small blind) folded before Flop
Seat 3: arti192837 (big blind) folded on the River
Seat 4: HubertusB folded before Flop (didn't bet)
Seat 5: Burkinator99 collected ($0.50)
Seat 6: anorectal folded before Flop (didn't bet)



PokerStars Zoom Hand #186686652202:  Hold'em No Limit ($0.02/$0.05) - 2018/05/21 20:31:15 CCT [2018/05/21 8:31:15 ET]
Table 'Donati' 6-max Seat #1 is the button
Seat 1: Misteeer.i0 ($5 in chips) 
Seat 2: SereGka228 ($5.02 in chips) 
Seat 3: BigRafael ($5.11 in chips) 
Seat 4: 1obanoff ($7.40 in chips) 
Seat 5: HubertusB ($5.38 in chips) 
Seat 6: Mister000604 ($4.93 in chips) 
SereGka228: posts small blind $0.02
BigRafael: posts big blind $0.05
*** HOLE CARDS ***
Dealt to HubertusB [3s 7h]
1obanoff: folds 
HubertusB: folds 
Mister000604: folds 
Misteeer.i0: folds 
SereGka228: raises $0.10 to $0.15
BigRafael: folds 
Uncalled bet ($0.10) returned to SereGka228
SereGka228 collected $0.10 from pot
SereGka228: doesn't show hand 
*** SUMMARY ***
Total pot $0.10 | Rake $0 
Seat 1: Misteeer.i0 (button) folded before Flop (didn't bet)
Seat 2: SereGka228 (small blind) collected ($0.10)
Seat 3: BigRafael (big blind) folded before Flop
Seat 4: 1obanoff folded before Flop (didn't bet)
Seat 5: HubertusB folded before Flop (didn't bet)
Seat 6: Mister000604 folded before Flop (didn't bet)



PokerStars Zoom Hand #186686654441:  Hold'em No Limit ($0.02/$0.05) - 2018/05/21 20:31:20 CCT [2018/05/21 8:31:20 ET]
Table 'Donati' 6-max Seat #1 is the button
Seat 1: arab66624 ($2.75 in chips) 
Seat 2: 1obanoff ($7.40 in chips) 
Seat 3: HubertusB ($5.38 in chips) 
Seat 4: kranovoy22 ($7.42 in chips) 
Seat 5: LuNa WL ($6.15 in chips) 
Seat 6: Dokerokk23 ($12.34 in chips) 
1obanoff: posts small blind $0.02
HubertusB: posts big blind $0.05
*** HOLE CARDS ***
Dealt to HubertusB [9d Qd]
kranovoy22: folds 
LuNa WL: raises $0.05 to $0.10
Dokerokk23: folds 
arab66624: folds 
1obanoff: folds 
HubertusB: calls $0.05
*** FLOP *** [As 6d 8c]
HubertusB: checks 
LuNa WL: checks 
*** TURN *** [As 6d 8c] [3d]
HubertusB: bets $0.15
LuNa WL: folds 
Uncalled bet ($0.15) returned to HubertusB
HubertusB collected $0.21 from pot
HubertusB: doesn't show hand 
*** SUMMARY ***
Total pot $0.22 | Rake $0.01 
Board [As 6d 8c 3d]
Seat 1: arab66624 (button) folded before Flop (didn't bet)
Seat 2: 1obanoff (small blind) folded before Flop
Seat 3: HubertusB (big blind) collected ($0.21)
Seat 4: kranovoy22 folded before Flop (didn't bet)
Seat 5: LuNa WL folded on the Turn
Seat 6: Dokerokk23 folded before Flop (didn't bet)



PokerStars Zoom Hand #186686677190:  Hold'em No Limit ($0.02/$0.05) - 2018/05/21 20:32:11 CCT [2018/05/21 8:32:11 ET]
Table 'Donati' 6-max Seat #1 is the button
Seat 1: vel-um-2014 ($2.02 in chips) 
Seat 2: hoyosuk513 ($4.92 in chips) 
Seat 3: vmvmihail ($8.85 in chips) 
Seat 4: LeonKoenig ($7.29 in chips) 
Seat 5: picxx17 ($2.35 in chips) 
Seat 6: HubertusB ($5.49 in chips) 
hoyosuk513: posts small blind $0.02
vmvmihail: posts big blind $0.05
*** HOLE CARDS ***
Dealt to HubertusB [6c Kh]
LeonKoenig: folds 
picxx17: folds 
HubertusB: raises $0.05 to $0.10
vel-um-2014: folds 
hoyosuk513: folds 
vmvmihail: folds 
Uncalled bet ($0.05) returned to HubertusB
HubertusB collected $0.12 from pot
HubertusB: doesn't show hand 
*** SUMMARY ***
Total pot $0.12 | Rake $0 
Seat 1: vel-um-2014 (button) folded before Flop (didn't bet)
Seat 2: hoyosuk513 (small blind) folded before Flop
Seat 3: vmvmihail (big blind) folded before Flop
Seat 4: LeonKoenig folded before Flop (didn't bet)
Seat 5: picxx17 folded before Flop (didn't bet)
Seat 6: HubertusB collected ($0.12)



PokerStars Zoom Hand #186686687833:  Hold'em No Limit ($0.02/$0.05) - 2018/05/21 20:32:35 CCT [2018/05/21 8:32:35 ET]
Table 'Donati' 6-max Seat #1 is the button
Seat 1: HubertusB ($5.56 in chips) 
Seat 2: poshla_nazuy ($8.22 in chips) 
Seat 3: laerda ($5 in chips) 
Seat 4: Bonu$_[RU] ($5.17 in chips) 
Seat 5: sepik200 ($2.82 in chips) 
Seat 6: SereGka228 ($5.95 in chips) 
poshla_nazuy: posts small blind $0.02
laerda: posts big blind $0.05
*** HOLE CARDS ***
Dealt to HubertusB [Ks 2h]
Bonu$_[RU]: folds 
sepik200: folds 
SereGka228: folds 
HubertusB: folds 
poshla_nazuy: folds 
Uncalled bet ($0.03) returned to laerda
laerda collected $0.04 from pot
laerda: doesn't show hand 
*** SUMMARY ***
Total pot $0.04 | Rake $0 
Seat 1: HubertusB (button) folded before Flop (didn't bet)
Seat 2: poshla_nazuy (small blind) folded before Flop
Seat 3: laerda (big blind) collected ($0.04)
Seat 4: Bonu$_[RU] folded before Flop (didn't bet)
Seat 5: sepik200 folded before Flop (didn't bet)
Seat 6: SereGka228 folded before Flop (didn't bet)



PokerStars Zoom Hand #186686690025:  Hold'em No Limit ($0.02/$0.05) - 2018/05/21 20:32:40 CCT [2018/05/21 8:32:40 ET]
Table 'Donati' 6-max Seat #1 is the button
Seat 1: leonidsss ($6.40 in chips) 
Seat 2: HubertusB ($5.56 in chips) 
Seat 3: sorrinell ($5.13 in chips) 
Seat 4: Misteeer.i0 ($18.23 in chips) 
Seat 5: aokps60 ($7.37 in chips) 
Seat 6: Ovcharovas ($5.36 in chips) 
HubertusB: posts small blind $0.02
sorrinell: posts big blind $0.05
*** HOLE CARDS ***
Dealt to HubertusB [7d 2c]
Misteeer.i0: raises $0.15 to $0.20
aokps60: folds 
Ovcharovas: folds 
leonidsss: folds 
HubertusB: folds 
sorrinell: folds 
Uncalled bet ($0.15) returned to Misteeer.i0
Misteeer.i0 collected $0.12 from pot
Misteeer.i0: doesn't show hand 
*** SUMMARY ***
Total pot $0.12 | Rake $0 
Seat 1: leonidsss (button) folded before Flop (didn't bet)
Seat 2: HubertusB (small blind) folded before Flop
Seat 3: sorrinell (big blind) folded before Flop
Seat 4: Misteeer.i0 collected ($0.12)
Seat 5: aokps60 folded before Flop (didn't bet)
Seat 6: Ovcharovas folded before Flop (didn't bet)



PokerStars Zoom Hand #186686693650:  Hold'em No Limit ($0.02/$0.05) - 2018/05/21 20:32:48 CCT [2018/05/21 8:32:48 ET]
Table 'Donati' 6-max Seat #1 is the button
Seat 1: horstborsto ($5 in chips) 
Seat 2: volodarv ($6.69 in chips) 
Seat 3: cocain80s ($9.84 in chips) 
Seat 4: 1obanoff ($7.65 in chips) 
Seat 5: mopsrenat ($4.59 in chips) 
Seat 6: HubertusB ($5.54 in chips) 
volodarv: posts small blind $0.02
cocain80s: posts big blind $0.05
*** HOLE CARDS ***
Dealt to HubertusB [Jc 5s]
1obanoff: folds 
mopsrenat: raises $0.10 to $0.15
HubertusB: folds 
horstborsto: folds 
volodarv: folds 
cocain80s: folds 
Uncalled bet ($0.10) returned to mopsrenat
mopsrenat collected $0.12 from pot
mopsrenat: doesn't show hand 
*** SUMMARY ***
Total pot $0.12 | Rake $0 
Seat 1: horstborsto (button) folded before Flop (didn't bet)
Seat 2: volodarv (small blind) folded before Flop
Seat 3: cocain80s (big blind) folded before Flop
Seat 4: 1obanoff folded before Flop (didn't bet)
Seat 5: mopsrenat collected ($0.12)
Seat 6: HubertusB folded before Flop (didn't bet)



PokerStars Zoom Hand #186686685236:  Hold'em No Limit ($0.02/$0.05) - 2018/05/21 20:32:29 CCT [2018/05/21 8:32:29 ET]
Table 'Donati' 6-max Seat #1 is the button
Seat 1: 1obanoff ($8.12 in chips) 
Seat 2: XXXiao ($19.48 in chips) 
Seat 3: PiNe4ppLe ($8.38 in chips) 
Seat 4: HubertusB ($5.56 in chips) 
Seat 5: HOOOOOOK ($5.07 in chips) 
Seat 6: nakashi11 ($4.87 in chips) 
XXXiao: posts small blind $0.02
PiNe4ppLe: posts big blind $0.05
*** HOLE CARDS ***
Dealt to HubertusB [6s 9c]
HubertusB: folds 
HOOOOOOK: folds 
nakashi11: raises $0.10 to $0.15
1obanoff: folds 
XXXiao: calls $0.13
PiNe4ppLe: folds 
*** FLOP *** [As 9s 4d]
XXXiao: checks 
nakashi11: checks 
*** TURN *** [As 9s 4d] [5c]
XXXiao: checks 
nakashi11: checks 
*** RIVER *** [As 9s 4d 5c] [Qd]
XXXiao: checks 
nakashi11: checks 
*** SHOW DOWN ***
XXXiao: shows [3h 3d] (a pair of Threes)
nakashi11: shows [Kh 9h] (a pair of Nines)
nakashi11 collected $0.34 from pot
*** SUMMARY ***
Total pot $0.35 | Rake $0.01 
Board [As 9s 4d 5c Qd]
Seat 1: 1obanoff (button) folded before Flop (didn't bet)
Seat 2: XXXiao (small blind) showed [3h 3d] and lost with a pair of Threes
Seat 3: PiNe4ppLe (big blind) folded before Flop
Seat 4: HubertusB folded before Flop (didn't bet)
Seat 5: HOOOOOOK folded before Flop (didn't bet)
Seat 6: nakashi11 showed [Kh 9h] and won ($0.34) with a pair of Nines



PokerStars Zoom Hand #186686696324:  Hold'em No Limit ($0.02/$0.05) - 2018/05/21 20:32:54 CCT [2018/05/21 8:32:54 ET]
Table 'Donati' 6-max Seat #1 is the button
Seat 1: djronalein ($7.05 in chips) 
Seat 2: winkovic ($3.18 in chips) 
Seat 3: Asilvagoat ($5 in chips) 
Seat 4: PiNe4ppLe ($8.33 in chips) 
Seat 5: HubertusB ($5.54 in chips) 
Seat 6: SereGka228 ($5.34 in chips) 
winkovic: posts small blind $0.02
Asilvagoat: posts big blind $0.05
*** HOLE CARDS ***
Dealt to HubertusB [2s Ks]
PiNe4ppLe: folds 
HubertusB: folds 
SereGka228: folds 
djronalein: folds 
winkovic: folds 
Uncalled bet ($0.03) returned to Asilvagoat
Asilvagoat collected $0.04 from pot
Asilvagoat: doesn't show hand 
*** SUMMARY ***
Total pot $0.04 | Rake $0 
Seat 1: djronalein (button) folded before Flop (didn't bet)
Seat 2: winkovic (small blind) folded before Flop
Seat 3: Asilvagoat (big blind) collected ($0.04)
Seat 4: PiNe4ppLe folded before Flop (didn't bet)
Seat 5: HubertusB folded before Flop (didn't bet)
Seat 6: SereGka228 folded before Flop (didn't bet)



PokerStars Zoom Hand #186686698505:  Hold'em No Limit ($0.02/$0.05) - 2018/05/21 20:32:59 CCT [2018/05/21 8:32:59 ET]
Table 'Donati' 6-max Seat #1 is the button
Seat 1: PiNe4ppLe ($5.97 in chips) 
Seat 2: r4ulz1n ($4.10 in chips) 
Seat 3: HubertusB ($5.54 in chips) 
Seat 4: skaitlotaajs ($5.05 in chips) 
Seat 5: 199920041813 ($5 in chips) 
Seat 6: xiazhen ($4.80 in chips) 
r4ulz1n: posts small blind $0.02
HubertusB: posts big blind $0.05
*** HOLE CARDS ***
Dealt to HubertusB [6h 7d]
skaitlotaajs: folds 
199920041813: folds 
xiazhen: folds 
PiNe4ppLe: folds 
r4ulz1n: raises $0.10 to $0.15
HubertusB: folds 
Uncalled bet ($0.10) returned to r4ulz1n
r4ulz1n collected $0.10 from pot
r4ulz1n: doesn't show hand 
*** SUMMARY ***
Total pot $0.10 | Rake $0 
Seat 1: PiNe4ppLe (button) folded before Flop (didn't bet)
Seat 2: r4ulz1n (small blind) collected ($0.10)
Seat 3: HubertusB (big blind) folded before Flop
Seat 4: skaitlotaajs folded before Flop (didn't bet)
Seat 5: 199920041813 folded before Flop (didn't bet)
Seat 6: xiazhen folded before Flop (didn't bet)



PokerStars Zoom Hand #186686705219:  Hold'em No Limit ($0.02/$0.05) - 2018/05/21 20:33:14 CCT [2018/05/21 8:33:14 ET]
Table 'Donati' 6-max Seat #1 is the button
Seat 1: udachagoust ($7.79 in chips) 
Seat 2: arsvegas777 ($3.53 in chips) 
Seat 3: FedeP ($5.52 in chips) 
Seat 4: HubertusB ($5.49 in chips) 
Seat 5: Gleb<3Sally ($16.79 in chips) 
Seat 6: CashDroid ($3.91 in chips) 
arsvegas777: posts small blind $0.02
FedeP: posts big blind $0.05
*** HOLE CARDS ***
Dealt to HubertusB [2s Ac]
HubertusB: folds 
Gleb<3Sally: folds 
CashDroid: folds 
udachagoust: folds 
arsvegas777: folds 
Uncalled bet ($0.03) returned to FedeP
FedeP collected $0.04 from pot
FedeP: doesn't show hand 
*** SUMMARY ***
Total pot $0.04 | Rake $0 
Seat 1: udachagoust (button) folded before Flop (didn't bet)
Seat 2: arsvegas777 (small blind) folded before Flop
Seat 3: FedeP (big blind) collected ($0.04)
Seat 4: HubertusB folded before Flop (didn't bet)
Seat 5: Gleb<3Sally folded before Flop (didn't bet)
Seat 6: CashDroid folded before Flop (didn't bet)



PokerStars Zoom Hand #186686707443:  Hold'em No Limit ($0.02/$0.05) - 2018/05/21 20:33:19 CCT [2018/05/21 8:33:19 ET]
Table 'Donati' 6-max Seat #1 is the button
Seat 1: HubertusB ($5.49 in chips) 
Seat 2: SchoolBoii1 ($5.13 in chips) 
Seat 3: volodarv ($6.52 in chips) 
Seat 4: Asilvagoat ($5.86 in chips) 
Seat 5: KashalotBG ($5.02 in chips) 
Seat 6: maltrine ($5 in chips) 
SchoolBoii1: posts small blind $0.02
volodarv: posts big blind $0.05
*** HOLE CARDS ***
Dealt to HubertusB [2d 4c]
Asilvagoat: folds 
KashalotBG: folds 
maltrine: folds 
HubertusB: folds 
SchoolBoii1: folds 
Uncalled bet ($0.03) returned to volodarv
volodarv collected $0.04 from pot
volodarv: doesn't show hand 
*** SUMMARY ***
Total pot $0.04 | Rake $0 
Seat 1: HubertusB (button) folded before Flop (didn't bet)
Seat 2: SchoolBoii1 (small blind) folded before Flop
Seat 3: volodarv (big blind) collected ($0.04)
Seat 4: Asilvagoat folded before Flop (didn't bet)
Seat 5: KashalotBG folded before Flop (didn't bet)
Seat 6: maltrine folded before Flop (didn't bet)



PokerStars Zoom Hand #186686711415:  Hold'em No Limit ($0.02/$0.05) - 2018/05/21 20:33:28 CCT [2018/05/21 8:33:28 ET]
Table 'Donati' 6-max Seat #1 is the button
Seat 1: PugoGrasse ($5.20 in chips) 
Seat 2: HubertusB ($5.49 in chips) 
Seat 3: anika.niki ($7.16 in chips) 
Seat 4: eltorinio ($5 in chips) 
Seat 5: biruk1408 ($1.23 in chips) 
Seat 6: Hyena777210 ($7.60 in chips) 
HubertusB: posts small blind $0.02
anika.niki: posts big blind $0.05
*** HOLE CARDS ***
Dealt to HubertusB [Js Ac]
eltorinio: raises $0.10 to $0.15
biruk1408: folds 
Hyena777210: folds 
PugoGrasse: folds 
HubertusB: folds 
anika.niki: folds 
Uncalled bet ($0.10) returned to eltorinio
eltorinio collected $0.12 from pot
eltorinio: doesn't show hand 
*** SUMMARY ***
Total pot $0.12 | Rake $0 
Seat 1: PugoGrasse (button) folded before Flop (didn't bet)
Seat 2: HubertusB (small blind) folded before Flop
Seat 3: anika.niki (big blind) folded before Flop
Seat 4: eltorinio collected ($0.12)
Seat 5: biruk1408 folded before Flop (didn't bet)
Seat 6: Hyena777210 folded before Flop (didn't bet)



PokerStars Zoom Hand #186686715334:  Hold'em No Limit ($0.02/$0.05) - 2018/05/21 20:33:37 CCT [2018/05/21 8:33:37 ET]
Table 'Donati' 6-max Seat #1 is the button
Seat 1: adam601 ($1.65 in chips) 
Seat 2: VovaV ($5.02 in chips) 
Seat 3: nivictoria ($10.97 in chips) 
Seat 4: gosumortiz ($5.92 in chips) 
Seat 5: Bezpontov22 ($2.59 in chips) 
Seat 6: HubertusB ($5.47 in chips) 
VovaV: posts small blind $0.02
nivictoria: posts big blind $0.05
*** HOLE CARDS ***
Dealt to HubertusB [6s 9h]
gosumortiz: folds 
Bezpontov22: folds 
HubertusB: folds 
adam601: folds 
VovaV: folds 
Uncalled bet ($0.03) returned to nivictoria
nivictoria collected $0.04 from pot
nivictoria: doesn't show hand 
*** SUMMARY ***
Total pot $0.04 | Rake $0 
Seat 1: adam601 (button) folded before Flop (didn't bet)
Seat 2: VovaV (small blind) folded before Flop
Seat 3: nivictoria (big blind) collected ($0.04)
Seat 4: gosumortiz folded before Flop (didn't bet)
Seat 5: Bezpontov22 folded before Flop (didn't bet)
Seat 6: HubertusB folded before Flop (didn't bet)



PokerStars Zoom Hand #186686717909:  Hold'em No Limit ($0.02/$0.05) - 2018/05/21 20:33:43 CCT [2018/05/21 8:33:43 ET]
Table 'Donati' 6-max Seat #1 is the button
Seat 1: Misteeer.i0 ($8.46 in chips) 
Seat 2: Hr.Berti007 ($5.01 in chips) 
Seat 3: Zapr0100 ($6.36 in chips) 
Seat 4: Ovcharovas ($5.38 in chips) 
Seat 5: HubertusB ($5.47 in chips) 
Seat 6: vmvmihail ($5.65 in chips) 
Hr.Berti007: posts small blind $0.02
Zapr0100: posts big blind $0.05
*** HOLE CARDS ***
Dealt to HubertusB [7h 7c]
Ovcharovas: raises $0.07 to $0.12
HubertusB: calls $0.12
vmvmihail: folds 
Misteeer.i0: folds 
Hr.Berti007: folds 
Zapr0100: folds 
*** FLOP *** [As 5d 4d]
Ovcharovas: bets $0.17
HubertusB: calls $0.17
*** TURN *** [As 5d 4d] [6c]
Ovcharovas: bets $0.35
HubertusB: raises $0.70 to $1.05
Ovcharovas: raises $4.04 to $5.09 and is all-in
HubertusB: folds 
Uncalled bet ($4.04) returned to Ovcharovas
Ovcharovas collected $2.64 from pot
Ovcharovas: doesn't show hand 
*** SUMMARY ***
Total pot $2.75 | Rake $0.11 
Board [As 5d 4d 6c]
Seat 1: Misteeer.i0 (button) folded before Flop (didn't bet)
Seat 2: Hr.Berti007 (small blind) folded before Flop
Seat 3: Zapr0100 (big blind) folded before Flop
Seat 4: Ovcharovas collected ($2.64)
Seat 5: HubertusB folded on the Turn
Seat 6: vmvmihail folded before Flop (didn't bet)



PokerStars Zoom Hand #186686741685:  Hold'em No Limit ($0.02/$0.05) - 2018/05/21 20:34:37 CCT [2018/05/21 8:34:37 ET]
Table 'Donati' 6-max Seat #1 is the button
Seat 1: HubertusB ($4.13 in chips) 
Seat 2: Omicron333 ($5.13 in chips) 
Seat 3: alexandro156 ($7.76 in chips) 
Seat 4: gosumortiz ($5.92 in chips) 
Seat 5: williemarto ($5.89 in chips) 
Seat 6: Tahoe30LT ($5.10 in chips) 
Omicron333: posts small blind $0.02
alexandro156: posts big blind $0.05
*** HOLE CARDS ***
Dealt to HubertusB [4h 7d]
gosumortiz: folds 
williemarto: raises $0.10 to $0.15
Tahoe30LT: folds 
HubertusB: folds 
Omicron333: folds 
alexandro156: folds 
Uncalled bet ($0.10) returned to williemarto
williemarto collected $0.12 from pot
williemarto: doesn't show hand 
*** SUMMARY ***
Total pot $0.12 | Rake $0 
Seat 1: HubertusB (button) folded before Flop (didn't bet)
Seat 2: Omicron333 (small blind) folded before Flop
Seat 3: alexandro156 (big blind) folded before Flop
Seat 4: gosumortiz folded before Flop (didn't bet)
Seat 5: williemarto collected ($0.12)
Seat 6: Tahoe30LT folded before Flop (didn't bet)



PokerStars Zoom Hand #186686743854:  Hold'em No Limit ($0.02/$0.05) - 2018/05/21 20:34:42 CCT [2018/05/21 8:34:42 ET]
Table 'Donati' 6-max Seat #1 is the button
Seat 1: sizuu1225 ($5.14 in chips) 
Seat 2: anika.niki ($6.89 in chips) 
Seat 3: chordoma ($2.50 in chips) 
Seat 4: Truth711 ($10.27 in chips) 
Seat 5: XXXiao ($20.59 in chips) 
Seat 6: HubertusB ($4.13 in chips) 
anika.niki: posts small blind $0.02
chordoma: posts big blind $0.05
*** HOLE CARDS ***
Dealt to HubertusB [4h 9h]
Truth711: folds 
XXXiao: folds 
HubertusB: raises $0.05 to $0.10
sizuu1225: raises $0.20 to $0.30
anika.niki: folds 
chordoma: folds 
HubertusB: folds 
Uncalled bet ($0.20) returned to sizuu1225
sizuu1225 collected $0.27 from pot
sizuu1225: doesn't show hand 
*** SUMMARY ***
Total pot $0.27 | Rake $0 
Seat 1: sizuu1225 (button) collected ($0.27)
Seat 2: anika.niki (small blind) folded before Flop
Seat 3: chordoma (big blind) folded before Flop
Seat 4: Truth711 folded before Flop (didn't bet)
Seat 5: XXXiao folded before Flop (didn't bet)
Seat 6: HubertusB folded before Flop



PokerStars Zoom Hand #186686750931:  Hold'em No Limit ($0.02/$0.05) - 2018/05/21 20:34:58 CCT [2018/05/21 8:34:58 ET]
Table 'Donati' 6-max Seat #1 is the button
Seat 1: KZabolotskii ($4.88 in chips) 
Seat 2: GizaGliwic ($8.89 in chips) 
Seat 3: HubertusB ($4.03 in chips) 
Seat 4: Sashaloveyou ($2.15 in chips) 
Seat 5: BL4CK11 ($17.96 in chips) 
Seat 6: PiNe4ppLe ($6.05 in chips) 
GizaGliwic: posts small blind $0.02
HubertusB: posts big blind $0.05
*** HOLE CARDS ***
Dealt to HubertusB [8d 7s]
Sashaloveyou: folds 
BL4CK11: raises $0.10 to $0.15
PiNe4ppLe: raises $0.30 to $0.45
KZabolotskii: folds 
GizaGliwic: folds 
HubertusB: folds 
BL4CK11: folds 
Uncalled bet ($0.30) returned to PiNe4ppLe
PiNe4ppLe collected $0.37 from pot
PiNe4ppLe: doesn't show hand 
*** SUMMARY ***
Total pot $0.37 | Rake $0 
Seat 1: KZabolotskii (button) folded before Flop (didn't bet)
Seat 2: GizaGliwic (small blind) folded before Flop
Seat 3: HubertusB (big blind) folded before Flop
Seat 4: Sashaloveyou folded before Flop (didn't bet)
Seat 5: BL4CK11 folded before Flop
Seat 6: PiNe4ppLe collected ($0.37)



PokerStars Zoom Hand #186686761010:  Hold'em No Limit ($0.02/$0.05) - 2018/05/21 20:35:21 CCT [2018/05/21 8:35:21 ET]
Table 'Donati' 6-max Seat #1 is the button
Seat 1: 1obanoff ($8.05 in chips) 
Seat 2: Ovcharovas ($5 in chips) 
Seat 3: Golodayushii ($10.07 in chips) 
Seat 4: nivictoria ($10.84 in chips) 
Seat 5: HubertusB ($3.96 in chips) 
Seat 6: Tahoe30LT ($5.05 in chips) 
Ovcharovas: posts small blind $0.02
Golodayushii: posts big blind $0.05
*** HOLE CARDS ***
Dealt to HubertusB [Ad 8s]
nivictoria: folds 
HubertusB: folds 
Tahoe30LT: folds 
1obanoff: folds 
Ovcharovas: folds 
Uncalled bet ($0.03) returned to Golodayushii
Golodayushii collected $0.04 from pot
Golodayushii: doesn't show hand 
*** SUMMARY ***
Total pot $0.04 | Rake $0 
Seat 1: 1obanoff (button) folded before Flop (didn't bet)
Seat 2: Ovcharovas (small blind) folded before Flop
Seat 3: Golodayushii (big blind) collected ($0.04)
Seat 4: nivictoria folded before Flop (didn't bet)
Seat 5: HubertusB folded before Flop (didn't bet)
Seat 6: Tahoe30LT folded before Flop (didn't bet)



PokerStars Zoom Hand #186686758870:  Hold'em No Limit ($0.02/$0.05) - 2018/05/21 20:35:16 CCT [2018/05/21 8:35:16 ET]
Table 'Donati' 6-max Seat #1 is the button
Seat 1: LeonKoenig ($6.83 in chips) 
Seat 2: HubertusB ($3.98 in chips) 
Seat 3: lizalizazil ($8.29 in chips) 
Seat 4: ALover113 ($8.73 in chips) 
Seat 5: volodarv ($5.69 in chips) 
Seat 6: XXXiao ($10.64 in chips) 
HubertusB: posts small blind $0.02
lizalizazil: posts big blind $0.05
*** HOLE CARDS ***
Dealt to HubertusB [3h Qd]
ALover113: folds 
volodarv: folds 
XXXiao: folds 
LeonKoenig: folds 
HubertusB: folds 
Uncalled bet ($0.03) returned to lizalizazil
lizalizazil collected $0.04 from pot
lizalizazil: doesn't show hand 
*** SUMMARY ***
Total pot $0.04 | Rake $0 
Seat 1: LeonKoenig (button) folded before Flop (didn't bet)
Seat 2: HubertusB (small blind) folded before Flop
Seat 3: lizalizazil (big blind) collected ($0.04)
Seat 4: ALover113 folded before Flop (didn't bet)
Seat 5: volodarv folded before Flop (didn't bet)
Seat 6: XXXiao folded before Flop (didn't bet)



PokerStars Zoom Hand #186686763624:  Hold'em No Limit ($0.02/$0.05) - 2018/05/21 20:35:27 CCT [2018/05/21 8:35:27 ET]
Table 'Donati' 6-max Seat #1 is the button
Seat 1: MaybeMayday ($5 in chips) 
Seat 2: leonidsss ($4.93 in chips) 
Seat 3: judith.f ($4.15 in chips) 
Seat 4: HubertusB ($3.96 in chips) 
Seat 5: PiNe4ppLe ($6.25 in chips) 
Seat 6: Nazar90 ($4.73 in chips) 
leonidsss: posts small blind $0.02
judith.f: posts big blind $0.05
*** HOLE CARDS ***
Dealt to HubertusB [5s Th]
HubertusB: folds 
PiNe4ppLe: folds 
Nazar90: folds 
MaybeMayday: folds 
leonidsss: raises $0.10 to $0.15
judith.f: folds 
Uncalled bet ($0.10) returned to leonidsss
leonidsss collected $0.10 from pot
leonidsss: doesn't show hand 
*** SUMMARY ***
Total pot $0.10 | Rake $0 
Seat 1: MaybeMayday (button) folded before Flop (didn't bet)
Seat 2: leonidsss (small blind) collected ($0.10)
Seat 3: judith.f (big blind) folded before Flop
Seat 4: HubertusB folded before Flop (didn't bet)
Seat 5: PiNe4ppLe folded before Flop (didn't bet)
Seat 6: Nazar90 folded before Flop (didn't bet)



PokerStars Zoom Hand #186686756223:  Hold'em No Limit ($0.02/$0.05) - 2018/05/21 20:35:10 CCT [2018/05/21 8:35:10 ET]
Table 'Donati' 6-max Seat #1 is the button
Seat 1: athropos1 ($6.13 in chips) 
Seat 2: laerda ($4.52 in chips) 
Seat 3: LingPro ($4.28 in chips) 
Seat 4: mihanyasochi ($13.09 in chips) 
Seat 5: HubertusB ($3.98 in chips) 
Seat 6: aix_gamer ($7.54 in chips) 
laerda: posts small blind $0.02
LingPro: posts big blind $0.05
*** HOLE CARDS ***
Dealt to HubertusB [9c 7d]
mihanyasochi: folds 
HubertusB: folds 
aix_gamer: raises $0.10 to $0.15
athropos1: calls $0.15
laerda: folds 
LingPro: calls $0.10
*** FLOP *** [As 7s 8h]
LingPro: checks 
aix_gamer: bets $0.17
athropos1 is connected 
athropos1: folds 
LingPro: folds 
Uncalled bet ($0.17) returned to aix_gamer
aix_gamer collected $0.45 from pot
aix_gamer: doesn't show hand 
*** SUMMARY ***
Total pot $0.47 | Rake $0.02 
Board [As 7s 8h]
Seat 1: athropos1 (button) folded on the Flop
Seat 2: laerda (small blind) folded before Flop
Seat 3: LingPro (big blind) folded on the Flop
Seat 4: mihanyasochi folded before Flop (didn't bet)
Seat 5: HubertusB folded before Flop (didn't bet)
Seat 6: aix_gamer collected ($0.45)



PokerStars Zoom Hand #186686767176:  Hold'em No Limit ($0.02/$0.05) - 2018/05/21 20:35:35 CCT [2018/05/21 8:35:35 ET]
Table 'Donati' 6-max Seat #1 is the button
Seat 1: XXXiao ($18.96 in chips) 
Seat 2: SchoolBoii1 ($4.93 in chips) 
Seat 3: cocain80s ($20.05 in chips) 
Seat 4: HubertusB ($3.96 in chips) 
Seat 5: Nazar90 ($4.73 in chips) 
Seat 6: NoFutureInIt ($10.69 in chips) 
SchoolBoii1: posts small blind $0.02
cocain80s: posts big blind $0.05
*** HOLE CARDS ***
Dealt to HubertusB [Th 3s]
HubertusB: folds 
Nazar90: folds 
NoFutureInIt: folds 
XXXiao: folds 
SchoolBoii1: raises $0.15 to $0.20
cocain80s: folds 
Uncalled bet ($0.15) returned to SchoolBoii1
SchoolBoii1 collected $0.10 from pot
SchoolBoii1: doesn't show hand 
*** SUMMARY ***
Total pot $0.10 | Rake $0 
Seat 1: XXXiao (button) folded before Flop (didn't bet)
Seat 2: SchoolBoii1 (small blind) collected ($0.10)
Seat 3: cocain80s (big blind) folded before Flop
Seat 4: HubertusB folded before Flop (didn't bet)
Seat 5: Nazar90 folded before Flop (didn't bet)
Seat 6: NoFutureInIt folded before Flop (didn't bet)



PokerStars Zoom Hand #186686769912:  Hold'em No Limit ($0.02/$0.05) - 2018/05/21 20:35:41 CCT [2018/05/21 8:35:41 ET]
Table 'Donati' 6-max Seat #1 is the button
Seat 1: X.MatuS ($5 in chips) 
Seat 2: legudge ($6.14 in chips) 
Seat 3: HubertusB ($3.96 in chips) 
Seat 4: Bluecrust ($35.10 in chips) 
Seat 5: r4ulz1n ($4.98 in chips) 
Seat 6: mish732 ($5.93 in chips) 
legudge: posts small blind $0.02
HubertusB: posts big blind $0.05
*** HOLE CARDS ***
Dealt to HubertusB [7h 7s]
Bluecrust: folds 
r4ulz1n: folds 
mish732: calls $0.05
X.MatuS: folds 
legudge: folds 
HubertusB: checks 
*** FLOP *** [9d 4d 6s]
HubertusB: checks 
mish732: bets $0.05
HubertusB: calls $0.05
*** TURN *** [9d 4d 6s] [Kh]
HubertusB: checks 
mish732: bets $0.05
HubertusB: calls $0.05
*** RIVER *** [9d 4d 6s Kh] [Tc]
HubertusB: checks 
mish732: bets $0.15
HubertusB: folds 
Uncalled bet ($0.15) returned to mish732
mish732 collected $0.31 from pot
mish732: doesn't show hand 
*** SUMMARY ***
Total pot $0.32 | Rake $0.01 
Board [9d 4d 6s Kh Tc]
Seat 1: X.MatuS (button) folded before Flop (didn't bet)
Seat 2: legudge (small blind) folded before Flop
Seat 3: HubertusB (big blind) folded on the River
Seat 4: Bluecrust folded before Flop (didn't bet)
Seat 5: r4ulz1n folded before Flop (didn't bet)
Seat 6: mish732 collected ($0.31)



PokerStars Zoom Hand #186686798701:  Hold'em No Limit ($0.02/$0.05) - 2018/05/21 20:36:46 CCT [2018/05/21 8:36:46 ET]
Table 'Donati' 6-max Seat #1 is the button
Seat 1: HubertusB ($3.81 in chips) 
Seat 2: kurkul76 ($14.93 in chips) 
Seat 3: jmbusinezz11 ($5 in chips) 
Seat 4: laerda ($5.31 in chips) 
Seat 5: LingPro ($4.63 in chips) 
Seat 6: Mistermojo2711 ($3.48 in chips) 
kurkul76: posts small blind $0.02
jmbusinezz11: posts big blind $0.05
*** HOLE CARDS ***
Dealt to HubertusB [Qd 4c]
laerda: folds 
LingPro: folds 
Mistermojo2711: raises $0.10 to $0.15
HubertusB: folds 
kurkul76: folds 
jmbusinezz11: folds 
Uncalled bet ($0.10) returned to Mistermojo2711
Mistermojo2711 collected $0.12 from pot
Mistermojo2711: doesn't show hand 
*** SUMMARY ***
Total pot $0.12 | Rake $0 
Seat 1: HubertusB (button) folded before Flop (didn't bet)
Seat 2: kurkul76 (small blind) folded before Flop
Seat 3: jmbusinezz11 (big blind) folded before Flop
Seat 4: laerda folded before Flop (didn't bet)
Seat 5: LingPro folded before Flop (didn't bet)
Seat 6: Mistermojo2711 collected ($0.12)



PokerStars Zoom Hand #186686801405:  Hold'em No Limit ($0.02/$0.05) - 2018/05/21 20:36:52 CCT [2018/05/21 8:36:52 ET]
Table 'Donati' 6-max Seat #1 is the button
Seat 1: hoyosuk513 ($5 in chips) 
Seat 2: HubertusB ($3.81 in chips) 
Seat 3: JohnyeliteM ($5.72 in chips) 
Seat 4: orangedeuce ($5.47 in chips) 
Seat 5: joop119 ($7.28 in chips) 
Seat 6: born8sleepy ($5 in chips) 
HubertusB: posts small blind $0.02
JohnyeliteM: posts big blind $0.05
*** HOLE CARDS ***
Dealt to HubertusB [Ah 8h]
orangedeuce: raises $0.12 to $0.17
joop119: folds 
born8sleepy: folds 
hoyosuk513: raises $0.28 to $0.45
HubertusB: folds 
JohnyeliteM: folds 
orangedeuce: folds 
Uncalled bet ($0.28) returned to hoyosuk513
hoyosuk513 collected $0.41 from pot
hoyosuk513: doesn't show hand 
*** SUMMARY ***
Total pot $0.41 | Rake $0 
Seat 1: hoyosuk513 (button) collected ($0.41)
Seat 2: HubertusB (small blind) folded before Flop
Seat 3: JohnyeliteM (big blind) folded before Flop
Seat 4: orangedeuce folded before Flop
Seat 5: joop119 folded before Flop (didn't bet)
Seat 6: born8sleepy folded before Flop (didn't bet)



PokerStars Zoom Hand #186686804428:  Hold'em No Limit ($0.02/$0.05) - 2018/05/21 20:36:59 CCT [2018/05/21 8:36:59 ET]
Table 'Donati' 6-max Seat #1 is the button
Seat 1: judith.f ($3.80 in chips) 
Seat 2: Maximilian_B123 ($2.52 in chips) 
Seat 3: born8sleepy ($5 in chips) 
Seat 4: Tahoe30LT ($5.75 in chips) 
Seat 5: Antrax3067 ($5.89 in chips) 
Seat 6: HubertusB ($3.79 in chips) 
Maximilian_B123: posts small blind $0.02
born8sleepy: posts big blind $0.05
*** HOLE CARDS ***
Dealt to HubertusB [3d 3s]
Tahoe30LT: folds 
Antrax3067: folds 
HubertusB: raises $0.05 to $0.10
judith.f: folds 
Maximilian_B123: raises $2.42 to $2.52 and is all-in
born8sleepy: folds 
HubertusB: folds 
Uncalled bet ($2.42) returned to Maximilian_B123
Maximilian_B123 collected $0.25 from pot
Maximilian_B123: doesn't show hand 
*** SUMMARY ***
Total pot $0.25 | Rake $0 
Seat 1: judith.f (button) folded before Flop (didn't bet)
Seat 2: Maximilian_B123 (small blind) collected ($0.25)
Seat 3: born8sleepy (big blind) folded before Flop
Seat 4: Tahoe30LT folded before Flop (didn't bet)
Seat 5: Antrax3067 folded before Flop (didn't bet)
Seat 6: HubertusB folded before Flop



PokerStars Zoom Hand #186686817827:  Hold'em No Limit ($0.02/$0.05) - 2018/05/21 20:37:29 CCT [2018/05/21 8:37:29 ET]
Table 'Donati' 6-max Seat #1 is the button
Seat 1: HubertusB ($3.69 in chips) 
Seat 2: leonidsss ($6.75 in chips) 
Seat 3: oktai99 ($15.78 in chips) 
Seat 4: flaco bravo ($5 in chips) 
Seat 5: alexandro156 ($5.42 in chips) 
Seat 6: dennis.wdw ($7.54 in chips) 
leonidsss: posts small blind $0.02
oktai99: posts big blind $0.05
*** HOLE CARDS ***
Dealt to HubertusB [Kc 2s]
flaco bravo: folds 
alexandro156: folds 
dennis.wdw: folds 
HubertusB: folds 
leonidsss: folds 
Uncalled bet ($0.03) returned to oktai99
oktai99 collected $0.04 from pot
oktai99: doesn't show hand 
*** SUMMARY ***
Total pot $0.04 | Rake $0 
Seat 1: HubertusB (button) folded before Flop (didn't bet)
Seat 2: leonidsss (small blind) folded before Flop
Seat 3: oktai99 (big blind) collected ($0.04)
Seat 4: flaco bravo folded before Flop (didn't bet)
Seat 5: alexandro156 folded before Flop (didn't bet)
Seat 6: dennis.wdw folded before Flop (didn't bet)



PokerStars Zoom Hand #186686815606:  Hold'em No Limit ($0.02/$0.05) - 2018/05/21 20:37:24 CCT [2018/05/21 8:37:24 ET]
Table 'Donati' 6-max Seat #1 is the button
Seat 1: Marian V. 31 ($5 in chips) 
Seat 2: arsvegas777 ($2.85 in chips) 
Seat 3: sergeyf132 ($1.03 in chips) 
Seat 4: damelaplaaata ($3.76 in chips) 
Seat 5: HubertusB ($3.69 in chips) 
Seat 6: HOOOOOOK ($5 in chips) 
arsvegas777: posts small blind $0.02
sergeyf132: posts big blind $0.05
*** HOLE CARDS ***
Dealt to HubertusB [Jd 8s]
damelaplaaata: folds 
HubertusB: folds 
HOOOOOOK: raises $0.07 to $0.12
Marian V. 31: folds 
arsvegas777: folds 
sergeyf132: folds 
Uncalled bet ($0.07) returned to HOOOOOOK
HOOOOOOK collected $0.12 from pot
HOOOOOOK: doesn't show hand 
*** SUMMARY ***
Total pot $0.12 | Rake $0 
Seat 1: Marian V. 31 (button) folded before Flop (didn't bet)
Seat 2: arsvegas777 (small blind) folded before Flop
Seat 3: sergeyf132 (big blind) folded before Flop
Seat 4: damelaplaaata folded before Flop (didn't bet)
Seat 5: HubertusB folded before Flop (didn't bet)
Seat 6: HOOOOOOK collected ($0.12)



PokerStars Zoom Hand #186686820059:  Hold'em No Limit ($0.02/$0.05) - 2018/05/21 20:37:34 CCT [2018/05/21 8:37:34 ET]
Table 'Donati' 6-max Seat #1 is the button
Seat 1: ALover113 ($25 in chips) 
Seat 2: flaco bravo ($5 in chips) 
Seat 3: HubertusB ($3.69 in chips) 
Seat 4: Bonu$_[RU] ($5.37 in chips) 
Seat 5: anorectal ($22.07 in chips) 
Seat 6: akagiooo ($5 in chips) 
flaco bravo: posts small blind $0.02
HubertusB: posts big blind $0.05
*** HOLE CARDS ***
Dealt to HubertusB [Kh 5h]
Bonu$_[RU]: folds 
anorectal: raises $0.07 to $0.12
akagiooo: folds 
ALover113: folds 
flaco bravo: folds 
HubertusB: folds 
Uncalled bet ($0.07) returned to anorectal
anorectal collected $0.12 from pot
anorectal: doesn't show hand 
*** SUMMARY ***
Total pot $0.12 | Rake $0 
Seat 1: ALover113 (button) folded before Flop (didn't bet)
Seat 2: flaco bravo (small blind) folded before Flop
Seat 3: HubertusB (big blind) folded before Flop
Seat 4: Bonu$_[RU] folded before Flop (didn't bet)
Seat 5: anorectal collected ($0.12)
Seat 6: akagiooo folded before Flop (didn't bet)



PokerStars Zoom Hand #186686826653:  Hold'em No Limit ($0.02/$0.05) - 2018/05/21 20:37:49 CCT [2018/05/21 8:37:49 ET]
Table 'Donati' 6-max Seat #1 is the button
Seat 1: BuBBleBoy548 ($5.94 in chips) 
Seat 2: E_Aldar500 ($7.21 in chips) 
Seat 3: Closex ($6.61 in chips) 
Seat 4: HubertusB ($3.64 in chips) 
Seat 5: OsloVest ($4.70 in chips) 
Seat 6: D4ns3n ($5.12 in chips) 
E_Aldar500: posts small blind $0.02
Closex: posts big blind $0.05
*** HOLE CARDS ***
Dealt to HubertusB [Ad 5d]
HubertusB: raises $0.05 to $0.10
OsloVest: folds 
D4ns3n: folds 
BuBBleBoy548: folds 
E_Aldar500: folds 
Closex: folds 
Uncalled bet ($0.05) returned to HubertusB
HubertusB collected $0.12 from pot
HubertusB: doesn't show hand 
*** SUMMARY ***
Total pot $0.12 | Rake $0 
Seat 1: BuBBleBoy548 (button) folded before Flop (didn't bet)
Seat 2: E_Aldar500 (small blind) folded before Flop
Seat 3: Closex (big blind) folded before Flop
Seat 4: HubertusB collected ($0.12)
Seat 5: OsloVest folded before Flop (didn't bet)
Seat 6: D4ns3n folded before Flop (didn't bet)



PokerStars Zoom Hand #186686838334:  Hold'em No Limit ($0.02/$0.05) - 2018/05/21 20:38:15 CCT [2018/05/21 8:38:15 ET]
Table 'Donati' 6-max Seat #1 is the button
Seat 1: Asilvagoat ($5.29 in chips) 
Seat 2: HubertusB ($3.71 in chips) 
Seat 3: you_n872 ($11.34 in chips) 
Seat 4: Vovan2388 ($3.16 in chips) 
Seat 5: MarcMüller91 ($5 in chips) 
Seat 6: Gleb<3Sally ($23.10 in chips) 
HubertusB: posts small blind $0.02
you_n872: posts big blind $0.05
*** HOLE CARDS ***
Dealt to HubertusB [8d Th]
Vovan2388: folds 
MarcMüller91: folds 
Gleb<3Sally: raises $0.10 to $0.15
Asilvagoat: folds 
HubertusB: folds 
you_n872: raises $0.35 to $0.50
Gleb<3Sally: folds 
Uncalled bet ($0.35) returned to you_n872
you_n872 collected $0.32 from pot
you_n872: doesn't show hand 
*** SUMMARY ***
Total pot $0.32 | Rake $0 
Seat 1: Asilvagoat (button) folded before Flop (didn't bet)
Seat 2: HubertusB (small blind) folded before Flop
Seat 3: you_n872 (big blind) collected ($0.32)
Seat 4: Vovan2388 folded before Flop (didn't bet)
Seat 5: MarcMüller91 folded before Flop (didn't bet)
Seat 6: Gleb<3Sally folded before Flop



PokerStars Zoom Hand #186686844950:  Hold'em No Limit ($0.02/$0.05) - 2018/05/21 20:38:30 CCT [2018/05/21 8:38:30 ET]
Table 'Donati' 6-max Seat #1 is the button
Seat 1: Bluecrust ($35.62 in chips) 
Seat 2: joop119 ($4.99 in chips) 
Seat 3: HubertusB ($3.69 in chips) 
Seat 4: CashDroid ($4.06 in chips) 
Seat 5: BL4CK11 ($6.60 in chips) 
Seat 6: sztuciec ($7.36 in chips) 
joop119: posts small blind $0.02
HubertusB: posts big blind $0.05
*** HOLE CARDS ***
Dealt to HubertusB [7c Td]
CashDroid: folds 
BL4CK11: raises $0.10 to $0.15
sztuciec: folds 
Bluecrust: folds 
joop119: folds 
HubertusB: folds 
Uncalled bet ($0.10) returned to BL4CK11
BL4CK11 collected $0.12 from pot
BL4CK11: doesn't show hand 
*** SUMMARY ***
Total pot $0.12 | Rake $0 
Seat 1: Bluecrust (button) folded before Flop (didn't bet)
Seat 2: joop119 (small blind) folded before Flop
Seat 3: HubertusB (big blind) folded before Flop
Seat 4: CashDroid folded before Flop (didn't bet)
Seat 5: BL4CK11 collected ($0.12)
Seat 6: sztuciec folded before Flop (didn't bet)



PokerStars Zoom Hand #186686840555:  Hold'em No Limit ($0.02/$0.05) - 2018/05/21 20:38:20 CCT [2018/05/21 8:38:20 ET]
Table 'Donati' 6-max Seat #1 is the button
Seat 1: OsloVest ($6.91 in chips) 
Seat 2: Hyena777210 ($5.25 in chips) 
Seat 3: donevi4 ($5 in chips) 
Seat 4: opopo0009 ($5 in chips) 
Seat 5: oktai99 ($27.84 in chips) 
Seat 6: HubertusB ($3.69 in chips) 
Hyena777210: posts small blind $0.02
donevi4: posts big blind $0.05
*** HOLE CARDS ***
Dealt to HubertusB [Jc 8s]
opopo0009: folds 
oktai99: folds 
HubertusB: folds 
OsloVest: raises $0.08 to $0.13
Hyena777210: folds 
donevi4: folds 
Uncalled bet ($0.08) returned to OsloVest
OsloVest collected $0.12 from pot
OsloVest: doesn't show hand 
*** SUMMARY ***
Total pot $0.12 | Rake $0 
Seat 1: OsloVest (button) collected ($0.12)
Seat 2: Hyena777210 (small blind) folded before Flop
Seat 3: donevi4 (big blind) folded before Flop
Seat 4: opopo0009 folded before Flop (didn't bet)
Seat 5: oktai99 folded before Flop (didn't bet)
Seat 6: HubertusB folded before Flop (didn't bet)



PokerStars Zoom Hand #186686848469:  Hold'em No Limit ($0.02/$0.05) - 2018/05/21 20:38:38 CCT [2018/05/21 8:38:38 ET]
Table 'Donati' 6-max Seat #1 is the button
Seat 1: mickmoe ($3.18 in chips) 
Seat 2: whitewhisper ($12.25 in chips) 
Seat 3: joop119 ($4.97 in chips) 
Seat 4: Truth711 ($10.06 in chips) 
Seat 5: HubertusB ($3.64 in chips) 
Seat 6: shogi17 ($6.28 in chips) 
whitewhisper: posts small blind $0.02
joop119: posts big blind $0.05
*** HOLE CARDS ***
Dealt to HubertusB [4d 2d]
Truth711: folds 
HubertusB: folds 
shogi17: raises $0.07 to $0.12
mickmoe: folds 
whitewhisper: folds 
joop119: folds 
Uncalled bet ($0.07) returned to shogi17
shogi17 collected $0.12 from pot
shogi17: doesn't show hand 
*** SUMMARY ***
Total pot $0.12 | Rake $0 
Seat 1: mickmoe (button) folded before Flop (didn't bet)
Seat 2: whitewhisper (small blind) folded before Flop
Seat 3: joop119 (big blind) folded before Flop
Seat 4: Truth711 folded before Flop (didn't bet)
Seat 5: HubertusB folded before Flop (didn't bet)
Seat 6: shogi17 collected ($0.12)



PokerStars Zoom Hand #186686842752:  Hold'em No Limit ($0.02/$0.05) - 2018/05/21 20:38:25 CCT [2018/05/21 8:38:25 ET]
Table 'Donati' 6-max Seat #1 is the button
Seat 1: leonidsss ($4.93 in chips) 
Seat 2: Corwyntao ($5.07 in chips) 
Seat 3: yugay55 ($5.41 in chips) 
Seat 4: HubertusB ($3.69 in chips) 
Seat 5: Demyosaur ($8.48 in chips) 
Seat 6: iLoveMyShoes ($2.96 in chips) 
Corwyntao: posts small blind $0.02
yugay55: posts big blind $0.05
*** HOLE CARDS ***
Dealt to HubertusB [2d Td]
HubertusB: folds 
Demyosaur: raises $0.10 to $0.15
iLoveMyShoes: calls $0.15
leonidsss: folds 
Corwyntao: folds 
yugay55: folds 
*** FLOP *** [Jd Ks Kc]
Demyosaur: bets $0.10
iLoveMyShoes: calls $0.10
*** TURN *** [Jd Ks Kc] [3h]
Demyosaur: checks 
iLoveMyShoes: checks 
*** RIVER *** [Jd Ks Kc 3h] [6d]
Demyosaur: checks 
iLoveMyShoes: bets $0.25
Demyosaur: calls $0.25
*** SHOW DOWN ***
iLoveMyShoes: shows [5h 5c] (two pair, Kings and Fives)
Demyosaur: mucks hand 
iLoveMyShoes collected $1.03 from pot
*** SUMMARY ***
Total pot $1.07 | Rake $0.04 
Board [Jd Ks Kc 3h 6d]
Seat 1: leonidsss (button) folded before Flop (didn't bet)
Seat 2: Corwyntao (small blind) folded before Flop
Seat 3: yugay55 (big blind) folded before Flop
Seat 4: HubertusB folded before Flop (didn't bet)
Seat 5: Demyosaur mucked [7d Ad]
Seat 6: iLoveMyShoes showed [5h 5c] and won ($1.03) with two pair, Kings and Fives



PokerStars Zoom Hand #186686856540:  Hold'em No Limit ($0.02/$0.05) - 2018/05/21 20:38:56 CCT [2018/05/21 8:38:56 ET]
Table 'Donati' 6-max Seat #1 is the button
Seat 1: hoyosuk513 ($4.88 in chips) 
Seat 2: HubertusB ($3.64 in chips) 
Seat 3: BuBBleBoy548 ($5.77 in chips) 
Seat 4: Burkinator99 ($5.56 in chips) 
Seat 5: maltrine ($5 in chips) 
Seat 6: r4ulz1n ($5.61 in chips) 
HubertusB: posts small blind $0.02
BuBBleBoy548: posts big blind $0.05
*** HOLE CARDS ***
Dealt to HubertusB [Js 6d]
Burkinator99: folds 
maltrine: folds 
r4ulz1n: folds 
hoyosuk513: raises $0.10 to $0.15
HubertusB: folds 
BuBBleBoy548: folds 
Uncalled bet ($0.10) returned to hoyosuk513
hoyosuk513 collected $0.12 from pot
hoyosuk513: doesn't show hand 
*** SUMMARY ***
Total pot $0.12 | Rake $0 
Seat 1: hoyosuk513 (button) collected ($0.12)
Seat 2: HubertusB (small blind) folded before Flop
Seat 3: BuBBleBoy548 (big blind) folded before Flop
Seat 4: Burkinator99 folded before Flop (didn't bet)
Seat 5: maltrine folded before Flop (didn't bet)
Seat 6: r4ulz1n folded before Flop (didn't bet)



PokerStars Zoom Hand #186686858806:  Hold'em No Limit ($0.02/$0.05) - 2018/05/21 20:39:01 CCT [2018/05/21 8:39:01 ET]
Table 'Donati' 6-max Seat #1 is the button
Seat 1: derak488 ($5.14 in chips) 
Seat 2: Bezpontov22 ($5.33 in chips) 
Seat 3: HubertusB ($3.62 in chips) 
Seat 4: trelogiatrs3 ($4.83 in chips) 
Seat 5: Maximilian_B123 ($4.86 in chips) 
Seat 6: adiaspora12 ($5.44 in chips) 
Bezpontov22: posts small blind $0.02
HubertusB: posts big blind $0.05
*** HOLE CARDS ***
Dealt to HubertusB [Ks 3c]
trelogiatrs3: folds 
Maximilian_B123: folds 
adiaspora12: folds 
derak488: folds 
Bezpontov22: folds 
Uncalled bet ($0.03) returned to HubertusB
HubertusB collected $0.04 from pot
HubertusB: doesn't show hand 
*** SUMMARY ***
Total pot $0.04 | Rake $0 
Seat 1: derak488 (button) folded before Flop (didn't bet)
Seat 2: Bezpontov22 (small blind) folded before Flop
Seat 3: HubertusB (big blind) collected ($0.04)
Seat 4: trelogiatrs3 folded before Flop (didn't bet)
Seat 5: Maximilian_B123 folded before Flop (didn't bet)
Seat 6: adiaspora12 folded before Flop (didn't bet)



PokerStars Zoom Hand #186686863760:  Hold'em No Limit ($0.02/$0.05) - 2018/05/21 20:39:12 CCT [2018/05/21 8:39:12 ET]
Table 'Donati' 6-max Seat #1 is the button
Seat 1: HubertusB ($3.64 in chips) 
Seat 2: eltorinio ($6.39 in chips) 
Seat 3: belmain.by ($5.07 in chips) 
Seat 4: 30yyyyyy ($2.62 in chips) 
Seat 5: amx16 ($5 in chips) 
Seat 6: AsterixBrn ($6.74 in chips) 
eltorinio: posts small blind $0.02
belmain.by: posts big blind $0.05
*** HOLE CARDS ***
Dealt to HubertusB [8h Qd]
30yyyyyy: folds 
amx16: folds 
AsterixBrn: folds 
HubertusB: raises $0.05 to $0.10
eltorinio: folds 
belmain.by: folds 
Uncalled bet ($0.05) returned to HubertusB
HubertusB collected $0.12 from pot
HubertusB: doesn't show hand 
*** SUMMARY ***
Total pot $0.12 | Rake $0 
Seat 1: HubertusB (button) collected ($0.12)
Seat 2: eltorinio (small blind) folded before Flop
Seat 3: belmain.by (big blind) folded before Flop
Seat 4: 30yyyyyy folded before Flop (didn't bet)
Seat 5: amx16 folded before Flop (didn't bet)
Seat 6: AsterixBrn folded before Flop (didn't bet)



PokerStars Zoom Hand #186686853435:  Hold'em No Limit ($0.02/$0.05) - 2018/05/21 20:38:49 CCT [2018/05/21 8:38:49 ET]
Table 'Donati' 6-max Seat #1 is the button
Seat 1: HubertusB ($3.64 in chips) 
Seat 2: D4ns3n ($5 in chips) 
Seat 3: Impaxz ($10.30 in chips) 
Seat 4: GizaGliwic ($8.74 in chips) 
Seat 5: mnml478 ($5 in chips) 
Seat 6: jeffpig16 ($5.94 in chips) 
D4ns3n: posts small blind $0.02
Impaxz: posts big blind $0.05
*** HOLE CARDS ***
Dealt to HubertusB [4h Qc]
GizaGliwic: folds 
mnml478: folds 
jeffpig16: folds 
HubertusB: folds 
D4ns3n: raises $0.10 to $0.15
Impaxz: calls $0.10
*** FLOP *** [7d Th 3h]
D4ns3n: bets $0.16
Impaxz: calls $0.16
*** TURN *** [7d Th 3h] [Js]
D4ns3n: checks 
Impaxz: checks 
*** RIVER *** [7d Th 3h Js] [5h]
D4ns3n: checks 
Impaxz: checks 
*** SHOW DOWN ***
D4ns3n: shows [Ah 5d] (a pair of Fives)
Impaxz: shows [9c Td] (a pair of Tens)
Impaxz collected $0.59 from pot
*** SUMMARY ***
Total pot $0.62 | Rake $0.03 
Board [7d Th 3h Js 5h]
Seat 1: HubertusB (button) folded before Flop (didn't bet)
Seat 2: D4ns3n (small blind) showed [Ah 5d] and lost with a pair of Fives
Seat 3: Impaxz (big blind) showed [9c Td] and won ($0.59) with a pair of Tens
Seat 4: GizaGliwic folded before Flop (didn't bet)
Seat 5: mnml478 folded before Flop (didn't bet)
Seat 6: jeffpig16 folded before Flop (didn't bet)



PokerStars Zoom Hand #186686869121:  Hold'em No Limit ($0.02/$0.05) - 2018/05/21 20:39:24 CCT [2018/05/21 8:39:24 ET]
Table 'Donati' 6-max Seat #1 is the button
Seat 1: ALover113 ($24.90 in chips) 
Seat 2: Ruabe ($5 in chips) 
Seat 3: legudge ($7.54 in chips) 
Seat 4: Plmax94 ($5.13 in chips) 
Seat 5: winkovic ($1.66 in chips) 
Seat 6: HubertusB ($3.71 in chips) 
Ruabe: posts small blind $0.02
legudge: posts big blind $0.05
*** HOLE CARDS ***
Dealt to HubertusB [6c Kh]
Plmax94: folds 
winkovic: folds 
HubertusB: raises $0.05 to $0.10
ALover113: folds 
Ruabe: folds 
legudge: raises $0.05 to $0.15
HubertusB: calls $0.05
*** FLOP *** [2d Tc 4d]
legudge: checks 
HubertusB: checks 
*** TURN *** [2d Tc 4d] [Ad]
legudge: checks 
HubertusB: bets $0.20
legudge: folds 
Uncalled bet ($0.20) returned to HubertusB
HubertusB collected $0.31 from pot
HubertusB: doesn't show hand 
*** SUMMARY ***
Total pot $0.32 | Rake $0.01 
Board [2d Tc 4d Ad]
Seat 1: ALover113 (button) folded before Flop (didn't bet)
Seat 2: Ruabe (small blind) folded before Flop
Seat 3: legudge (big blind) folded on the Turn
Seat 4: Plmax94 folded before Flop (didn't bet)
Seat 5: winkovic folded before Flop (didn't bet)
Seat 6: HubertusB collected ($0.31)



PokerStars Zoom Hand #186686895852:  Hold'em No Limit ($0.02/$0.05) - 2018/05/21 20:40:23 CCT [2018/05/21 8:40:23 ET]
Table 'Donati' 6-max Seat #1 is the button
Seat 1: CARE_FULL_Z ($5.74 in chips) 
Seat 2: Truth711 ($5.76 in chips) 
Seat 3: Ovcharovas ($5.22 in chips) 
Seat 4: PiNe4ppLe ($6.96 in chips) 
Seat 5: HubertusB ($3.85 in chips) 
Seat 6: svererii ($7.93 in chips) 
Truth711: posts small blind $0.02
Ovcharovas: posts big blind $0.05
*** HOLE CARDS ***
Dealt to HubertusB [4h Td]
PiNe4ppLe: folds 
HubertusB: folds 
svererii: folds 
CARE_FULL_Z: folds 
Truth711: folds 
Uncalled bet ($0.03) returned to Ovcharovas
Ovcharovas collected $0.04 from pot
Ovcharovas: doesn't show hand 
*** SUMMARY ***
Total pot $0.04 | Rake $0 
Seat 1: CARE_FULL_Z (button) folded before Flop (didn't bet)
Seat 2: Truth711 (small blind) folded before Flop
Seat 3: Ovcharovas (big blind) collected ($0.04)
Seat 4: PiNe4ppLe folded before Flop (didn't bet)
Seat 5: HubertusB folded before Flop (didn't bet)
Seat 6: svererii folded before Flop (didn't bet)



PokerStars Zoom Hand #186686893520:  Hold'em No Limit ($0.02/$0.05) - 2018/05/21 20:40:18 CCT [2018/05/21 8:40:18 ET]
Table 'Donati' 6-max Seat #1 is the button
Seat 1: Pansti92 ($5.27 in chips) 
Seat 2: HubertusB ($3.87 in chips) 
Seat 3: vel-um-2014 ($1.87 in chips) 
Seat 4: !c3fr0g ($2.91 in chips) 
Seat 5: mopsrenat ($4.93 in chips) 
Seat 6: MAMOH77 ($4.73 in chips) 
HubertusB: posts small blind $0.02
vel-um-2014: posts big blind $0.05
*** HOLE CARDS ***
Dealt to HubertusB [5c 4s]
!c3fr0g: folds 
mopsrenat: folds 
MAMOH77: folds 
Pansti92: raises $0.06 to $0.11
HubertusB: folds 
vel-um-2014: folds 
Uncalled bet ($0.06) returned to Pansti92
Pansti92 collected $0.12 from pot
Pansti92: doesn't show hand 
*** SUMMARY ***
Total pot $0.12 | Rake $0 
Seat 1: Pansti92 (button) collected ($0.12)
Seat 2: HubertusB (small blind) folded before Flop
Seat 3: vel-um-2014 (big blind) folded before Flop
Seat 4: !c3fr0g folded before Flop (didn't bet)
Seat 5: mopsrenat folded before Flop (didn't bet)
Seat 6: MAMOH77 folded before Flop (didn't bet)



PokerStars Zoom Hand #186686899053:  Hold'em No Limit ($0.02/$0.05) - 2018/05/21 20:40:30 CCT [2018/05/21 8:40:30 ET]
Table 'Donati' 6-max Seat #1 is the button
Seat 1: zwetok ($5.73 in chips) 
Seat 2: non1mportant ($9.53 in chips) 
Seat 3: easywithbads ($9.07 in chips) 
Seat 4: HubertusB ($3.85 in chips) 
Seat 5: joker_95rus ($16.07 in chips) 
Seat 6: you_n872 ($7.53 in chips) 
non1mportant: posts small blind $0.02
easywithbads: posts big blind $0.05
*** HOLE CARDS ***
Dealt to HubertusB [6d 9s]
HubertusB: folds 
joker_95rus: raises $0.10 to $0.15
you_n872: raises $0.35 to $0.50
zwetok: folds 
non1mportant: folds 
easywithbads: folds 
joker_95rus: calls $0.35
*** FLOP *** [Kh 2h Js]
joker_95rus: checks 
you_n872: bets $0.52
joker_95rus: folds 
Uncalled bet ($0.52) returned to you_n872
you_n872 collected $1.03 from pot
you_n872: doesn't show hand 
*** SUMMARY ***
Total pot $1.07 | Rake $0.04 
Board [Kh 2h Js]
Seat 1: zwetok (button) folded before Flop (didn't bet)
Seat 2: non1mportant (small blind) folded before Flop
Seat 3: easywithbads (big blind) folded before Flop
Seat 4: HubertusB folded before Flop (didn't bet)
Seat 5: joker_95rus folded on the Flop
Seat 6: you_n872 collected ($1.03)



PokerStars Zoom Hand #186686901323:  Hold'em No Limit ($0.02/$0.05) - 2018/05/21 20:40:35 CCT [2018/05/21 8:40:35 ET]
Table 'Donati' 6-max Seat #1 is the button
Seat 1: akagiooo ($5 in chips) 
Seat 2: CashDroid ($14.04 in chips) 
Seat 3: Maximilian_B123 ($2.53 in chips) 
Seat 4: HubertusB ($3.85 in chips) 
Seat 5: Dmigri ($6.02 in chips) 
Seat 6: 777Kiryxa777 ($3.43 in chips) 
CashDroid: posts small blind $0.02
Maximilian_B123: posts big blind $0.05
*** HOLE CARDS ***
Dealt to HubertusB [Kc Tc]
HubertusB: raises $0.05 to $0.10
Dmigri: folds 
777Kiryxa777: folds 
akagiooo: calls $0.10
CashDroid: folds 
Maximilian_B123: calls $0.05
*** FLOP *** [Kd 8s 8h]
Maximilian_B123: checks 
HubertusB: checks 
akagiooo: checks 
*** TURN *** [Kd 8s 8h] [Ah]
Maximilian_B123: checks 
HubertusB: checks 
akagiooo: checks 
*** RIVER *** [Kd 8s 8h Ah] [3c]
Maximilian_B123: bets $0.20
HubertusB: calls $0.20
akagiooo: folds 
*** SHOW DOWN ***
Maximilian_B123: shows [Ad 9c] (two pair, Aces and Eights)
HubertusB: mucks hand 
Maximilian_B123 collected $0.69 from pot
*** SUMMARY ***
Total pot $0.72 | Rake $0.03 
Board [Kd 8s 8h Ah 3c]
Seat 1: akagiooo (button) folded on the River
Seat 2: CashDroid (small blind) folded before Flop
Seat 3: Maximilian_B123 (big blind) showed [Ad 9c] and won ($0.69) with two pair, Aces and Eights
Seat 4: HubertusB mucked [Kc Tc]
Seat 5: Dmigri folded before Flop (didn't bet)
Seat 6: 777Kiryxa777 folded before Flop (didn't bet)



PokerStars Zoom Hand #186686923987:  Hold'em No Limit ($0.02/$0.05) - 2018/05/21 20:41:25 CCT [2018/05/21 8:41:25 ET]
Table 'Donati' 6-max Seat #1 is the button
Seat 1: 1oleg1973 ($4.59 in chips) 
Seat 2: damelaplaaata ($4.05 in chips) 
Seat 3: HajluM ($5.08 in chips) 
Seat 4: zaporozhko ($2.28 in chips) 
Seat 5: OsloVest ($5.67 in chips) 
Seat 6: HubertusB ($3.55 in chips) 
damelaplaaata: posts small blind $0.02
HajluM: posts big blind $0.05
*** HOLE CARDS ***
Dealt to HubertusB [Qc Jc]
zaporozhko: folds 
OsloVest: folds 
HubertusB: raises $0.05 to $0.10
1oleg1973: folds 
damelaplaaata: calls $0.08
HajluM: folds 
*** FLOP *** [6d 9h 7d]
damelaplaaata: checks 
HubertusB: checks 
*** TURN *** [6d 9h 7d] [6h]
damelaplaaata: checks 
HubertusB: checks 
*** RIVER *** [6d 9h 7d 6h] [8s]
damelaplaaata: checks 
HubertusB: bets $0.25
damelaplaaata: calls $0.25
*** SHOW DOWN ***
HubertusB: shows [Qc Jc] (a pair of Sixes)
damelaplaaata: shows [Qh 8c] (two pair, Eights and Sixes)
damelaplaaata collected $0.72 from pot
*** SUMMARY ***
Total pot $0.75 | Rake $0.03 
Board [6d 9h 7d 6h 8s]
Seat 1: 1oleg1973 (button) folded before Flop (didn't bet)
Seat 2: damelaplaaata (small blind) showed [Qh 8c] and won ($0.72) with two pair, Eights and Sixes
Seat 3: HajluM (big blind) folded before Flop
Seat 4: zaporozhko folded before Flop (didn't bet)
Seat 5: OsloVest folded before Flop (didn't bet)
Seat 6: HubertusB showed [Qc Jc] and lost with a pair of Sixes



PokerStars Zoom Hand #186686951482:  Hold'em No Limit ($0.02/$0.05) - 2018/05/21 20:42:26 CCT [2018/05/21 8:42:26 ET]
Table 'Donati' 6-max Seat #1 is the button
Seat 1: vel-um-2014 ($1.68 in chips) 
Seat 2: serega_boch ($2.52 in chips) 
Seat 3: GizaGliwic ($8.78 in chips) 
Seat 4: derak488 ($5 in chips) 
Seat 5: HubertusB ($3.15 in chips) 
Seat 6: Roman197430 ($5.75 in chips) 
serega_boch: posts small blind $0.02
GizaGliwic: posts big blind $0.05
*** HOLE CARDS ***
Dealt to HubertusB [Kh 4h]
derak488: raises $0.07 to $0.12
HubertusB: folds 
Roman197430: folds 
vel-um-2014: folds 
serega_boch: folds 
GizaGliwic: folds 
Uncalled bet ($0.07) returned to derak488
derak488 collected $0.12 from pot
derak488: doesn't show hand 
*** SUMMARY ***
Total pot $0.12 | Rake $0 
Seat 1: vel-um-2014 (button) folded before Flop (didn't bet)
Seat 2: serega_boch (small blind) folded before Flop
Seat 3: GizaGliwic (big blind) folded before Flop
Seat 4: derak488 collected ($0.12)
Seat 5: HubertusB folded before Flop (didn't bet)
Seat 6: Roman197430 folded before Flop (didn't bet)



PokerStars Zoom Hand #186686946074:  Hold'em No Limit ($0.02/$0.05) - 2018/05/21 20:42:14 CCT [2018/05/21 8:42:14 ET]
Table 'Donati' 6-max Seat #1 is the button
Seat 1: Banks202 ($6.21 in chips) 
Seat 2: Gleb<3Sally ($9.31 in chips) 
Seat 3: HubertusB ($3.20 in chips) 
Seat 4: sedoi746 ($5.07 in chips) 
Seat 5: flaco bravo ($5.65 in chips) 
Seat 6: yugay55 ($3.14 in chips) 
Gleb<3Sally: posts small blind $0.02
HubertusB: posts big blind $0.05
*** HOLE CARDS ***
Dealt to HubertusB [9d 8s]
sedoi746: folds 
flaco bravo: folds 
yugay55: raises $0.05 to $0.10
Banks202: folds 
Gleb<3Sally: raises $0.25 to $0.35
HubertusB: folds 
yugay55: calls $0.25
*** FLOP *** [5c Qs 9c]
Gleb<3Sally: bets $0.35
yugay55: calls $0.35
*** TURN *** [5c Qs 9c] [Jc]
Gleb<3Sally: bets $0.90
yugay55: raises $1.54 to $2.44 and is all-in
Gleb<3Sally: folds 
Uncalled bet ($1.54) returned to yugay55
yugay55 collected $3.12 from pot
yugay55: doesn't show hand 
*** SUMMARY ***
Total pot $3.25 | Rake $0.13 
Board [5c Qs 9c Jc]
Seat 1: Banks202 (button) folded before Flop (didn't bet)
Seat 2: Gleb<3Sally (small blind) folded on the Turn
Seat 3: HubertusB (big blind) folded before Flop
Seat 4: sedoi746 folded before Flop (didn't bet)
Seat 5: flaco bravo folded before Flop (didn't bet)
Seat 6: yugay55 collected ($3.12)



PokerStars Zoom Hand #186686955072:  Hold'em No Limit ($0.02/$0.05) - 2018/05/21 20:42:34 CCT [2018/05/21 8:42:34 ET]
Table 'Donati' 6-max Seat #1 is the button
Seat 1: HubertusB ($3.15 in chips) 
Seat 2: akagiooo ($5.08 in chips) 
Seat 3: DutchSpace ($7.10 in chips) 
Seat 4: joop119 ($5 in chips) 
Seat 5: Dokerokk23 ($12.44 in chips) 
Seat 6: vel-um-2014 ($1.68 in chips) 
akagiooo: posts small blind $0.02
DutchSpace: posts big blind $0.05
*** HOLE CARDS ***
Dealt to HubertusB [Jd 8s]
joop119: folds 
Dokerokk23: folds 
vel-um-2014: folds 
HubertusB: raises $0.05 to $0.10
akagiooo: folds 
DutchSpace: folds 
Uncalled bet ($0.05) returned to HubertusB
HubertusB collected $0.12 from pot
HubertusB: doesn't show hand 
*** SUMMARY ***
Total pot $0.12 | Rake $0 
Seat 1: HubertusB (button) collected ($0.12)
Seat 2: akagiooo (small blind) folded before Flop
Seat 3: DutchSpace (big blind) folded before Flop
Seat 4: joop119 folded before Flop (didn't bet)
Seat 5: Dokerokk23 folded before Flop (didn't bet)
Seat 6: vel-um-2014 folded before Flop (didn't bet)



PokerStars Zoom Hand #186686962257:  Hold'em No Limit ($0.02/$0.05) - 2018/05/21 20:42:50 CCT [2018/05/21 8:42:50 ET]
Table 'Donati' 6-max Seat #1 is the button
Seat 1: Maximilian_B123 ($2.50 in chips) 
Seat 2: mnml478 ($5 in chips) 
Seat 3: udachagoust ($3.99 in chips) 
Seat 4: SHMAG3L ($7.48 in chips) 
Seat 5: jb112358 ($5.42 in chips) 
Seat 6: HubertusB ($3.22 in chips) 
mnml478: posts small blind $0.02
udachagoust: posts big blind $0.05
*** HOLE CARDS ***
Dealt to HubertusB [Js 2h]
SHMAG3L: folds 
jb112358: folds 
HubertusB: folds 
Maximilian_B123: raises $0.05 to $0.10
mnml478: folds 
udachagoust: calls $0.05
*** FLOP *** [9d 3c Ac]
udachagoust: checks 
Maximilian_B123: bets $0.10
udachagoust: folds 
Uncalled bet ($0.10) returned to Maximilian_B123
Maximilian_B123 collected $0.21 from pot
Maximilian_B123: doesn't show hand 
*** SUMMARY ***
Total pot $0.22 | Rake $0.01 
Board [9d 3c Ac]
Seat 1: Maximilian_B123 (button) collected ($0.21)
Seat 2: mnml478 (small blind) folded before Flop
Seat 3: udachagoust (big blind) folded on the Flop
Seat 4: SHMAG3L folded before Flop (didn't bet)
Seat 5: jb112358 folded before Flop (didn't bet)
Seat 6: HubertusB folded before Flop (didn't bet)



PokerStars Zoom Hand #186686964507:  Hold'em No Limit ($0.02/$0.05) - 2018/05/21 20:42:55 CCT [2018/05/21 8:42:55 ET]
Table 'Donati' 6-max Seat #1 is the button
Seat 1: serge87100 ($5.02 in chips) 
Seat 2: HubertusB ($3.22 in chips) 
Seat 3: MSAC1304 ($9.08 in chips) 
Seat 4: BigRafael ($3.54 in chips) 
Seat 5: 30yyyyyy ($2.78 in chips) 
Seat 6: Mister000604 ($5.58 in chips) 
HubertusB: posts small blind $0.02
MSAC1304: posts big blind $0.05
*** HOLE CARDS ***
Dealt to HubertusB [8h 4d]
BigRafael: folds 
30yyyyyy: folds 
Mister000604: folds 
serge87100: folds 
HubertusB: folds 
Uncalled bet ($0.03) returned to MSAC1304
MSAC1304 collected $0.04 from pot
MSAC1304: doesn't show hand 
*** SUMMARY ***
Total pot $0.04 | Rake $0 
Seat 1: serge87100 (button) folded before Flop (didn't bet)
Seat 2: HubertusB (small blind) folded before Flop
Seat 3: MSAC1304 (big blind) collected ($0.04)
Seat 4: BigRafael folded before Flop (didn't bet)
Seat 5: 30yyyyyy folded before Flop (didn't bet)
Seat 6: Mister000604 folded before Flop (didn't bet)



PokerStars Zoom Hand #186686967230:  Hold'em No Limit ($0.02/$0.05) - 2018/05/21 20:43:01 CCT [2018/05/21 8:43:01 ET]
Table 'Donati' 6-max Seat #1 is the button
Seat 1: judith.f ($13.20 in chips) 
Seat 2: 0cipsev0 ($16.65 in chips) 
Seat 3: BigRafael ($5.58 in chips) 
Seat 4: hoyosuk513 ($5.99 in chips) 
Seat 5: HubertusB ($3.20 in chips) 
Seat 6: ALover113 ($5.39 in chips) 
0cipsev0: posts small blind $0.02
BigRafael: posts big blind $0.05
*** HOLE CARDS ***
Dealt to HubertusB [3c 9d]
hoyosuk513: folds 
HubertusB: folds 
ALover113: folds 
judith.f: folds 
0cipsev0: raises $0.07 to $0.12
BigRafael: folds 
Uncalled bet ($0.07) returned to 0cipsev0
0cipsev0 collected $0.10 from pot
0cipsev0: doesn't show hand 
*** SUMMARY ***
Total pot $0.10 | Rake $0 
Seat 1: judith.f (button) folded before Flop (didn't bet)
Seat 2: 0cipsev0 (small blind) collected ($0.10)
Seat 3: BigRafael (big blind) folded before Flop
Seat 4: hoyosuk513 folded before Flop (didn't bet)
Seat 5: HubertusB folded before Flop (didn't bet)
Seat 6: ALover113 folded before Flop (didn't bet)



PokerStars Zoom Hand #186686970875:  Hold'em No Limit ($0.02/$0.05) - 2018/05/21 20:43:09 CCT [2018/05/21 8:43:09 ET]
Table 'Donati' 6-max Seat #1 is the button
Seat 1: 1obanoff ($7.64 in chips) 
Seat 2: drk55 ($12.52 in chips) 
Seat 3: donevi4 ($5.49 in chips) 
Seat 4: zwetok ($6.45 in chips) 
Seat 5: patryyk92 ($5.05 in chips) 
Seat 6: HubertusB ($3.20 in chips) 
drk55: posts small blind $0.02
donevi4: posts big blind $0.05
*** HOLE CARDS ***
Dealt to HubertusB [3d 2c]
zwetok: folds 
patryyk92: folds 
HubertusB: folds 
1obanoff: raises $0.07 to $0.12
drk55: folds 
donevi4: folds 
Uncalled bet ($0.07) returned to 1obanoff
1obanoff collected $0.12 from pot
1obanoff: doesn't show hand 
*** SUMMARY ***
Total pot $0.12 | Rake $0 
Seat 1: 1obanoff (button) collected ($0.12)
Seat 2: drk55 (small blind) folded before Flop
Seat 3: donevi4 (big blind) folded before Flop
Seat 4: zwetok folded before Flop (didn't bet)
Seat 5: patryyk92 folded before Flop (didn't bet)
Seat 6: HubertusB folded before Flop (didn't bet)



PokerStars Zoom Hand #186686973560:  Hold'em No Limit ($0.02/$0.05) - 2018/05/21 20:43:15 CCT [2018/05/21 8:43:15 ET]
Table 'Donati' 6-max Seat #1 is the button
Seat 1: patryyk92 ($5 in chips) 
Seat 2: MAMOH77 ($3.64 in chips) 
Seat 3: HubertusB ($3.20 in chips) 
Seat 4: Zicepig ($5 in chips) 
Seat 5: UltraRunnerr ($12.67 in chips) 
Seat 6: amx16 ($5.25 in chips) 
MAMOH77: posts small blind $0.02
HubertusB: posts big blind $0.05
*** HOLE CARDS ***
Dealt to HubertusB [9d 7d]
Zicepig: folds 
UltraRunnerr: folds 
amx16: folds 
patryyk92: folds 
MAMOH77: folds 
Uncalled bet ($0.03) returned to HubertusB
HubertusB collected $0.04 from pot
HubertusB: doesn't show hand 
*** SUMMARY ***
Total pot $0.04 | Rake $0 
Seat 1: patryyk92 (button) folded before Flop (didn't bet)
Seat 2: MAMOH77 (small blind) folded before Flop
Seat 3: HubertusB (big blind) collected ($0.04)
Seat 4: Zicepig folded before Flop (didn't bet)
Seat 5: UltraRunnerr folded before Flop (didn't bet)
Seat 6: amx16 folded before Flop (didn't bet)



PokerStars Zoom Hand #186686985626:  Hold'em No Limit ($0.02/$0.05) - 2018/05/21 20:43:42 CCT [2018/05/21 8:43:42 ET]
Table 'Donati' 6-max Seat #1 is the button
Seat 1: HubertusB ($3.20 in chips) 
Seat 2: Astour194 ($11.77 in chips) 
Seat 3: Asilvagoat ($5.69 in chips) 
Seat 4: joop119 ($4.82 in chips) 
Seat 5: UltraRunnerr ($5.93 in chips) 
Seat 6: Zicepig ($11.38 in chips) 
Astour194: posts small blind $0.02
Asilvagoat: posts big blind $0.05
*** HOLE CARDS ***
Dealt to HubertusB [Th Jc]
joop119: folds 
UltraRunnerr: folds 
Zicepig: folds 
HubertusB: raises $0.05 to $0.10
Astour194: folds 
Asilvagoat: folds 
Uncalled bet ($0.05) returned to HubertusB
HubertusB collected $0.12 from pot
HubertusB: doesn't show hand 
*** SUMMARY ***
Total pot $0.12 | Rake $0 
Seat 1: HubertusB (button) collected ($0.12)
Seat 2: Astour194 (small blind) folded before Flop
Seat 3: Asilvagoat (big blind) folded before Flop
Seat 4: joop119 folded before Flop (didn't bet)
Seat 5: UltraRunnerr folded before Flop (didn't bet)
Seat 6: Zicepig folded before Flop (didn't bet)



PokerStars Zoom Hand #186686983407:  Hold'em No Limit ($0.02/$0.05) - 2018/05/21 20:43:37 CCT [2018/05/21 8:43:37 ET]
Table 'Donati' 6-max Seat #1 is the button
Seat 1: serge87100 ($6.01 in chips) 
Seat 2: HubertusB ($3.22 in chips) 
Seat 3: 199920041813 ($6.44 in chips) 
Seat 4: KIT426 ($2.13 in chips) 
Seat 5: MAMOH77 ($5.09 in chips) 
Seat 6: NeOlya69 ($5.07 in chips) 
HubertusB: posts small blind $0.02
199920041813: posts big blind $0.05
*** HOLE CARDS ***
Dealt to HubertusB [6c Js]
KIT426: folds 
MAMOH77: folds 
NeOlya69: raises $0.07 to $0.12
serge87100: folds 
HubertusB: folds 
199920041813: calls $0.07
*** FLOP *** [5s 9s Jd]
199920041813: checks 
NeOlya69: checks 
*** TURN *** [5s 9s Jd] [As]
199920041813: bets $0.10
NeOlya69: calls $0.10
*** RIVER *** [5s 9s Jd As] [2c]
199920041813: checks 
NeOlya69: bets $0.29
199920041813: folds 
Uncalled bet ($0.29) returned to NeOlya69
NeOlya69 collected $0.44 from pot
NeOlya69: doesn't show hand 
*** SUMMARY ***
Total pot $0.46 | Rake $0.02 
Board [5s 9s Jd As 2c]
Seat 1: serge87100 (button) folded before Flop (didn't bet)
Seat 2: HubertusB (small blind) folded before Flop
Seat 3: 199920041813 (big blind) folded on the River
Seat 4: KIT426 folded before Flop (didn't bet)
Seat 5: MAMOH77 folded before Flop (didn't bet)
Seat 6: NeOlya69 collected ($0.44)



PokerStars Zoom Hand #186686991340:  Hold'em No Limit ($0.02/$0.05) - 2018/05/21 20:43:55 CCT [2018/05/21 8:43:55 ET]
Table 'Donati' 6-max Seat #1 is the button
Seat 1: r4ulz1n ($1.89 in chips) 
Seat 2: UltraRunnerr ($20.34 in chips) 
Seat 3: 1Sania1 ($5 in chips) 
Seat 4: Dmigri ($6.26 in chips) 
Seat 5: HubertusB ($3.27 in chips) 
Seat 6: shogi17 ($15.41 in chips) 
UltraRunnerr: posts small blind $0.02
1Sania1: posts big blind $0.05
*** HOLE CARDS ***
Dealt to HubertusB [Ad 5d]
Dmigri: raises $0.10 to $0.15
HubertusB: raises $0.30 to $0.45
shogi17: folds 
r4ulz1n: folds 
UltraRunnerr: folds 
1Sania1: folds 
Dmigri: folds 
Uncalled bet ($0.30) returned to HubertusB
HubertusB collected $0.37 from pot
HubertusB: doesn't show hand 
*** SUMMARY ***
Total pot $0.37 | Rake $0 
Seat 1: r4ulz1n (button) folded before Flop (didn't bet)
Seat 2: UltraRunnerr (small blind) folded before Flop
Seat 3: 1Sania1 (big blind) folded before Flop
Seat 4: Dmigri folded before Flop
Seat 5: HubertusB collected ($0.37)
Seat 6: shogi17 folded before Flop (didn't bet)



PokerStars Zoom Hand #186687006584:  Hold'em No Limit ($0.02/$0.05) - 2018/05/21 20:44:29 CCT [2018/05/21 8:44:29 ET]
Table 'Donati' 6-max Seat #1 is the button
Seat 1: Phil Ounce ($8.40 in chips) 
Seat 2: X.MatuS ($6.74 in chips) 
Seat 3: mopsrenat ($5.64 in chips) 
Seat 4: HubertusB ($3.49 in chips) 
Seat 5: geass0621 ($12.80 in chips) 
Seat 6: Truth711 ($5.31 in chips) 
X.MatuS: posts small blind $0.02
mopsrenat: posts big blind $0.05
*** HOLE CARDS ***
Dealt to HubertusB [5d 9h]
HubertusB: folds 
geass0621: folds 
Truth711: folds 
Phil Ounce: folds 
X.MatuS: folds 
Uncalled bet ($0.03) returned to mopsrenat
mopsrenat collected $0.04 from pot
mopsrenat: doesn't show hand 
*** SUMMARY ***
Total pot $0.04 | Rake $0 
Seat 1: Phil Ounce (button) folded before Flop (didn't bet)
Seat 2: X.MatuS (small blind) folded before Flop
Seat 3: mopsrenat (big blind) collected ($0.04)
Seat 4: HubertusB folded before Flop (didn't bet)
Seat 5: geass0621 folded before Flop (didn't bet)
Seat 6: Truth711 folded before Flop (didn't bet)



PokerStars Zoom Hand #186687009201:  Hold'em No Limit ($0.02/$0.05) - 2018/05/21 20:44:35 CCT [2018/05/21 8:44:35 ET]
Table 'Donati' 6-max Seat #1 is the button
Seat 1: SereGka228 ($5.47 in chips) 
Seat 2: hoyosuk513 ($3.52 in chips) 
Seat 3: HubertusB ($3.49 in chips) 
Seat 4: Dmigri ($6.06 in chips) 
Seat 5: leonidsss ($5.82 in chips) 
Seat 6: kurkul76 ($15.79 in chips) 
hoyosuk513: posts small blind $0.02
HubertusB: posts big blind $0.05
*** HOLE CARDS ***
Dealt to HubertusB [7c 4s]
Dmigri: folds 
leonidsss: folds 
kurkul76: raises $0.10 to $0.15
SereGka228: folds 
hoyosuk513: folds 
HubertusB: folds 
Uncalled bet ($0.10) returned to kurkul76
kurkul76 collected $0.12 from pot
kurkul76: doesn't show hand 
*** SUMMARY ***
Total pot $0.12 | Rake $0 
Seat 1: SereGka228 (button) folded before Flop (didn't bet)
Seat 2: hoyosuk513 (small blind) folded before Flop
Seat 3: HubertusB (big blind) folded before Flop
Seat 4: Dmigri folded before Flop (didn't bet)
Seat 5: leonidsss folded before Flop (didn't bet)
Seat 6: kurkul76 collected ($0.12)



PokerStars Zoom Hand #186687017663:  Hold'em No Limit ($0.02/$0.05) - 2018/05/21 20:44:54 CCT [2018/05/21 8:44:54 ET]
Table 'Donati' 6-max Seat #1 is the button
Seat 1: sedoi746 ($5.05 in chips) 
Seat 2: Tagorini2099 ($0.15 in chips) 
Seat 3: CIDUL21 ($4.34 in chips) 
Seat 4: HubertusB ($3.44 in chips) 
Seat 5: Bolnisi68 ($15.28 in chips) 
Seat 6: MaybeMayday ($8.31 in chips) 
Tagorini2099: posts small blind $0.02
CIDUL21: posts big blind $0.05
*** HOLE CARDS ***
Dealt to HubertusB [7d Jd]
HubertusB: folds 
Bolnisi68: folds 
MaybeMayday: folds 
sedoi746: folds 
Tagorini2099: folds 
Uncalled bet ($0.03) returned to CIDUL21
CIDUL21 collected $0.04 from pot
CIDUL21: doesn't show hand 
*** SUMMARY ***
Total pot $0.04 | Rake $0 
Seat 1: sedoi746 (button) folded before Flop (didn't bet)
Seat 2: Tagorini2099 (small blind) folded before Flop
Seat 3: CIDUL21 (big blind) collected ($0.04)
Seat 4: HubertusB folded before Flop (didn't bet)
Seat 5: Bolnisi68 folded before Flop (didn't bet)
Seat 6: MaybeMayday folded before Flop (didn't bet)



PokerStars Zoom Hand #186687021772:  Hold'em No Limit ($0.02/$0.05) - 2018/05/21 20:45:03 CCT [2018/05/21 8:45:03 ET]
Table 'Donati' 6-max Seat #1 is the button
Seat 1: Bazhen1990 ($4.75 in chips) 
Seat 2: 1obanoff ($10.30 in chips) 
Seat 3: jeffpig16 ($5 in chips) 
Seat 4: serge87100 ($5 in chips) 
Seat 5: zwetok ($21.95 in chips) 
Seat 6: HubertusB ($3.44 in chips) 
1obanoff: posts small blind $0.02
jeffpig16: posts big blind $0.05
*** HOLE CARDS ***
Dealt to HubertusB [Ac Qd]
serge87100: folds 
zwetok: folds 
HubertusB: raises $0.05 to $0.10
Bazhen1990: calls $0.10
1obanoff: folds 
jeffpig16: folds 
*** FLOP *** [4d Kc Kd]
HubertusB: checks 
Bazhen1990: checks 
*** TURN *** [4d Kc Kd] [2c]
HubertusB: checks 
Bazhen1990: checks 
*** RIVER *** [4d Kc Kd 2c] [8s]
HubertusB: checks 
Bazhen1990: checks 
*** SHOW DOWN ***
HubertusB: shows [Ac Qd] (a pair of Kings)
Bazhen1990: mucks hand 
HubertusB collected $0.26 from pot
*** SUMMARY ***
Total pot $0.27 | Rake $0.01 
Board [4d Kc Kd 2c 8s]
Seat 1: Bazhen1990 (button) mucked [Qc 7s]
Seat 2: 1obanoff (small blind) folded before Flop
Seat 3: jeffpig16 (big blind) folded before Flop
Seat 4: serge87100 folded before Flop (didn't bet)
Seat 5: zwetok folded before Flop (didn't bet)
Seat 6: HubertusB showed [Ac Qd] and won ($0.26) with a pair of Kings



PokerStars Zoom Hand #186687033955:  Hold'em No Limit ($0.02/$0.05) - 2018/05/21 20:45:30 CCT [2018/05/21 8:45:30 ET]
Table 'Donati' 6-max Seat #1 is the button
Seat 1: cacao73 ($5.12 in chips) 
Seat 2: HubertusB ($3.60 in chips) 
Seat 3: anika.niki ($2.44 in chips) 
Seat 4: Redstar18 ($12.85 in chips) 
Seat 5: Bazhen1990 ($4.65 in chips) 
Seat 6: fujita_kyo ($6.96 in chips) 
HubertusB: posts small blind $0.02
anika.niki: posts big blind $0.05
*** HOLE CARDS ***
Dealt to HubertusB [2c 8h]
Redstar18: folds 
Bazhen1990: folds 
fujita_kyo: raises $0.07 to $0.12
cacao73: folds 
HubertusB: folds 
anika.niki: calls $0.07
*** FLOP *** [Ad 7s 2h]
anika.niki: checks 
fujita_kyo: bets $0.13
anika.niki: calls $0.13
*** TURN *** [Ad 7s 2h] [9c]
anika.niki: checks 
fujita_kyo: bets $0.25
anika.niki: folds 
Uncalled bet ($0.25) returned to fujita_kyo
fujita_kyo collected $0.50 from pot
fujita_kyo: doesn't show hand 
*** SUMMARY ***
Total pot $0.52 | Rake $0.02 
Board [Ad 7s 2h 9c]
Seat 1: cacao73 (button) folded before Flop (didn't bet)
Seat 2: HubertusB (small blind) folded before Flop
Seat 3: anika.niki (big blind) folded on the Turn
Seat 4: Redstar18 folded before Flop (didn't bet)
Seat 5: Bazhen1990 folded before Flop (didn't bet)
Seat 6: fujita_kyo collected ($0.50)



PokerStars Zoom Hand #186687038421:  Hold'em No Limit ($0.02/$0.05) - 2018/05/21 20:45:40 CCT [2018/05/21 8:45:40 ET]
Table 'Donati' 6-max Seat #1 is the button
Seat 1: HubertusB ($3.58 in chips) 
Seat 2: kaxupixaba ($7.71 in chips) 
Seat 3: shogi17 ($15.61 in chips) 
Seat 4: luka1981good ($5 in chips) 
Seat 5: ieroDex ($7.31 in chips) 
Seat 6: SereGka228 ($6.21 in chips) 
kaxupixaba: posts small blind $0.02
shogi17: posts big blind $0.05
*** HOLE CARDS ***
Dealt to HubertusB [Ks 3s]
luka1981good: folds 
ieroDex: folds 
SereGka228: raises $0.07 to $0.12
HubertusB: raises $0.23 to $0.35
kaxupixaba: folds 
shogi17: raises $0.65 to $1
SereGka228: folds 
HubertusB: raises $2.58 to $3.58 and is all-in
shogi17: folds 
Uncalled bet ($2.58) returned to HubertusB
HubertusB collected $2.14 from pot
HubertusB: doesn't show hand 
*** SUMMARY ***
Total pot $2.14 | Rake $0 
Seat 1: HubertusB (button) collected ($2.14)
Seat 2: kaxupixaba (small blind) folded before Flop
Seat 3: shogi17 (big blind) folded before Flop
Seat 4: luka1981good folded before Flop (didn't bet)
Seat 5: ieroDex folded before Flop (didn't bet)
Seat 6: SereGka228 folded before Flop



PokerStars Zoom Hand #186687063832:  Hold'em No Limit ($0.02/$0.05) - 2018/05/21 20:46:36 CCT [2018/05/21 8:46:36 ET]
Table 'Donati' 6-max Seat #1 is the button
Seat 1: Dokerokk23 ($5 in chips) 
Seat 2: 777Kiryxa777 ($4.74 in chips) 
Seat 3: shogi17 ($5.40 in chips) 
Seat 4: HubertusB ($4.72 in chips) 
Seat 5: MaybeMayday ($5.02 in chips) 
Seat 6: LuckyBBastar ($6.65 in chips) 
777Kiryxa777: posts small blind $0.02
shogi17: posts big blind $0.05
*** HOLE CARDS ***
Dealt to HubertusB [2s Qh]
HubertusB: folds 
MaybeMayday: folds 
LuckyBBastar: raises $0.09 to $0.14
Dokerokk23: calls $0.14
777Kiryxa777: folds 
shogi17: folds 
*** FLOP *** [7d Qs 6s]
LuckyBBastar: bets $0.18
Dokerokk23: raises $0.42 to $0.60
LuckyBBastar: folds 
Uncalled bet ($0.42) returned to Dokerokk23
Dokerokk23 collected $0.68 from pot
Dokerokk23: doesn't show hand 
*** SUMMARY ***
Total pot $0.71 | Rake $0.03 
Board [7d Qs 6s]
Seat 1: Dokerokk23 (button) collected ($0.68)
Seat 2: 777Kiryxa777 (small blind) folded before Flop
Seat 3: shogi17 (big blind) folded before Flop
Seat 4: HubertusB folded before Flop (didn't bet)
Seat 5: MaybeMayday folded before Flop (didn't bet)
Seat 6: LuckyBBastar folded on the Flop



PokerStars Zoom Hand #186687065618:  Hold'em No Limit ($0.02/$0.05) - 2018/05/21 20:46:40 CCT [2018/05/21 8:46:40 ET]
Table 'Donati' 6-max Seat #1 is the button
Seat 1: Ford71x ($3.66 in chips) 
Seat 2: lizalizazil ($2.36 in chips) 
Seat 3: TJoe27 ($3.19 in chips) 
Seat 4: SchoolBoii1 ($4.72 in chips) 
Seat 5: HubertusB ($4.72 in chips) 
Seat 6: easywithbads ($9.28 in chips) 
lizalizazil: posts small blind $0.02
TJoe27: posts big blind $0.05
*** HOLE CARDS ***
Dealt to HubertusB [5d Js]
SchoolBoii1: folds 
HubertusB: folds 
easywithbads: raises $0.07 to $0.12
Ford71x: folds 
lizalizazil: calls $0.10
TJoe27: calls $0.07
*** FLOP *** [Qh 7s 2s]
lizalizazil: bets $0.20
TJoe27: folds 
easywithbads: calls $0.20
*** TURN *** [Qh 7s 2s] [2h]
lizalizazil: bets $0.05
easywithbads: calls $0.05
*** RIVER *** [Qh 7s 2s 2h] [3d]
lizalizazil: bets $0.05
easywithbads: calls $0.05
*** SHOW DOWN ***
lizalizazil: shows [Qc 8c] (two pair, Queens and Deuces)
easywithbads: mucks hand 
lizalizazil collected $0.92 from pot
*** SUMMARY ***
Total pot $0.96 | Rake $0.04 
Board [Qh 7s 2s 2h 3d]
Seat 1: Ford71x (button) folded before Flop (didn't bet)
Seat 2: lizalizazil (small blind) showed [Qc 8c] and won ($0.92) with two pair, Queens and Deuces
Seat 3: TJoe27 (big blind) folded on the Flop
Seat 4: SchoolBoii1 folded before Flop (didn't bet)
Seat 5: HubertusB folded before Flop (didn't bet)
Seat 6: easywithbads mucked [Ts Th]



PokerStars Zoom Hand #186687070975:  Hold'em No Limit ($0.02/$0.05) - 2018/05/21 20:46:52 CCT [2018/05/21 8:46:52 ET]
Table 'Donati' 6-max Seat #1 is the button
Seat 1: tajfun7718 ($4.93 in chips) 
Seat 2: VovaV ($5.62 in chips) 
Seat 3: kranovoy22 ($11.14 in chips) 
Seat 4: HubertusB ($4.67 in chips) 
Seat 5: Nazar90 ($3.21 in chips) 
Seat 6: ttfreak ($6.61 in chips) 
VovaV: posts small blind $0.02
kranovoy22: posts big blind $0.05
*** HOLE CARDS ***
Dealt to HubertusB [Qh Td]
HubertusB: raises $0.05 to $0.10
Nazar90: calls $0.10
ttfreak: raises $0.50 to $0.60
tajfun7718: folds 
VovaV: folds 
kranovoy22: folds 
HubertusB: folds 
Nazar90: folds 
Uncalled bet ($0.50) returned to ttfreak
ttfreak collected $0.37 from pot
ttfreak: doesn't show hand 
*** SUMMARY ***
Total pot $0.37 | Rake $0 
Seat 1: tajfun7718 (button) folded before Flop (didn't bet)
Seat 2: VovaV (small blind) folded before Flop
Seat 3: kranovoy22 (big blind) folded before Flop
Seat 4: HubertusB folded before Flop
Seat 5: Nazar90 folded before Flop
Seat 6: ttfreak collected ($0.37)



PokerStars Zoom Hand #186687080517:  Hold'em No Limit ($0.02/$0.05) - 2018/05/21 20:47:13 CCT [2018/05/21 8:47:13 ET]
Table 'Donati' 6-max Seat #1 is the button
Seat 1: HubertusB ($4.57 in chips) 
Seat 2: epyj1231 ($5.51 in chips) 
Seat 3: 1Sania1 ($5.04 in chips) 
Seat 4: SchoolBoii1 ($4.72 in chips) 
Seat 5: dynbalance ($5 in chips) 
Seat 6: aokps60 ($4.94 in chips) 
epyj1231: posts small blind $0.02
1Sania1: posts big blind $0.05
*** HOLE CARDS ***
Dealt to HubertusB [Jh 4d]
SchoolBoii1: folds 
dynbalance: folds 
aokps60: folds 
HubertusB: folds 
epyj1231: folds 
Uncalled bet ($0.03) returned to 1Sania1
1Sania1 collected $0.04 from pot
1Sania1: doesn't show hand 
*** SUMMARY ***
Total pot $0.04 | Rake $0 
Seat 1: HubertusB (button) folded before Flop (didn't bet)
Seat 2: epyj1231 (small blind) folded before Flop
Seat 3: 1Sania1 (big blind) collected ($0.04)
Seat 4: SchoolBoii1 folded before Flop (didn't bet)
Seat 5: dynbalance folded before Flop (didn't bet)
Seat 6: aokps60 folded before Flop (didn't bet)



PokerStars Zoom Hand #186687068286:  Hold'em No Limit ($0.02/$0.05) - 2018/05/21 20:46:46 CCT [2018/05/21 8:46:46 ET]
Table 'Donati' 6-max Seat #1 is the button
Seat 1: dntp ($5.05 in chips) 
Seat 2: Danil548 ($5.33 in chips) 
Seat 3: HubertusB ($4.72 in chips) 
Seat 4: 1Sania1 ($5.31 in chips) 
Seat 5: 6bad6 ($7.96 in chips) 
Seat 6: legudge ($8.83 in chips) 
Danil548: posts small blind $0.02
HubertusB: posts big blind $0.05
*** HOLE CARDS ***
Dealt to HubertusB [Th Jd]
1Sania1: raises $0.10 to $0.15
6bad6: folds 
legudge: folds 
dntp: folds 
Danil548: calls $0.13
HubertusB: folds 
*** FLOP *** [9d 4d Ad]
Danil548: checks 
1Sania1: bets $0.20
Danil548: raises $0.20 to $0.40
1Sania1: calls $0.20
*** TURN *** [9d 4d Ad] [4s]
Danil548: bets $0.55
1Sania1: calls $0.55
*** RIVER *** [9d 4d Ad 4s] [2d]
Danil548: bets $1.54
1Sania1: folds 
Uncalled bet ($1.54) returned to Danil548
Danil548 collected $2.16 from pot
Danil548: doesn't show hand 
*** SUMMARY ***
Total pot $2.25 | Rake $0.09 
Board [9d 4d Ad 4s 2d]
Seat 1: dntp (button) folded before Flop (didn't bet)
Seat 2: Danil548 (small blind) collected ($2.16)
Seat 3: HubertusB (big blind) folded before Flop
Seat 4: 1Sania1 folded on the River
Seat 5: 6bad6 folded before Flop (didn't bet)
Seat 6: legudge folded before Flop (didn't bet)



PokerStars Zoom Hand #186687083654:  Hold'em No Limit ($0.02/$0.05) - 2018/05/21 20:47:20 CCT [2018/05/21 8:47:20 ET]
Table 'Donati' 6-max Seat #1 is the button
Seat 1: sedoi746 ($5.26 in chips) 
Seat 2: HubertusB ($4.57 in chips) 
Seat 3: Dokerokk23 ($5.34 in chips) 
Seat 4: patryyk92 ($5 in chips) 
Seat 5: mopsrenat ($2.97 in chips) 
Seat 6: gosumortiz ($9.82 in chips) 
HubertusB: posts small blind $0.02
Dokerokk23: posts big blind $0.05
*** HOLE CARDS ***
Dealt to HubertusB [5c 6c]
patryyk92: folds 
mopsrenat: folds 
gosumortiz: folds 
sedoi746: raises $0.07 to $0.12
HubertusB: raises $0.23 to $0.35
Dokerokk23: folds 
sedoi746: folds 
Uncalled bet ($0.23) returned to HubertusB
HubertusB collected $0.29 from pot
HubertusB: doesn't show hand 
*** SUMMARY ***
Total pot $0.29 | Rake $0 
Seat 1: sedoi746 (button) folded before Flop
Seat 2: HubertusB (small blind) collected ($0.29)
Seat 3: Dokerokk23 (big blind) folded before Flop
Seat 4: patryyk92 folded before Flop (didn't bet)
Seat 5: mopsrenat folded before Flop (didn't bet)
Seat 6: gosumortiz folded before Flop (didn't bet)



PokerStars Zoom Hand #186687092298:  Hold'em No Limit ($0.02/$0.05) - 2018/05/21 20:47:39 CCT [2018/05/21 8:47:39 ET]
Table 'Donati' 6-max Seat #1 is the button
Seat 1: Hyena777210 ($5 in chips) 
Seat 2: judith.f ($9.55 in chips) 
Seat 3: cowboypops ($5 in chips) 
Seat 4: sorrinell ($3.63 in chips) 
Seat 5: whitedust666 ($3.67 in chips) 
Seat 6: HubertusB ($4.74 in chips) 
judith.f: posts small blind $0.02
cowboypops: posts big blind $0.05
*** HOLE CARDS ***
Dealt to HubertusB [5c 6s]
sorrinell: folds 
whitedust666: folds 
HubertusB: folds 
Hyena777210: raises $0.10 to $0.15
judith.f: folds 
cowboypops: folds 
Uncalled bet ($0.10) returned to Hyena777210
Hyena777210 collected $0.12 from pot
Hyena777210: doesn't show hand 
*** SUMMARY ***
Total pot $0.12 | Rake $0 
Seat 1: Hyena777210 (button) collected ($0.12)
Seat 2: judith.f (small blind) folded before Flop
Seat 3: cowboypops (big blind) folded before Flop
Seat 4: sorrinell folded before Flop (didn't bet)
Seat 5: whitedust666 folded before Flop (didn't bet)
Seat 6: HubertusB folded before Flop (didn't bet)



PokerStars Zoom Hand #186687095031:  Hold'em No Limit ($0.02/$0.05) - 2018/05/21 20:47:45 CCT [2018/05/21 8:47:45 ET]
Table 'Donati' 6-max Seat #1 is the button
Seat 1: gosumortiz ($9.75 in chips) 
Seat 2: maria22100 ($2.45 in chips) 
Seat 3: HubertusB ($4.74 in chips) 
Seat 4: Redstar18 ($13.13 in chips) 
Seat 5: joker_95rus ($5.22 in chips) 
Seat 6: sedoi746 ($5.17 in chips) 
maria22100: posts small blind $0.02
HubertusB: posts big blind $0.05
*** HOLE CARDS ***
Dealt to HubertusB [Jd 4c]
Redstar18: raises $0.10 to $0.15
joker_95rus: calls $0.15
sedoi746: folds 
gosumortiz: folds 
maria22100: folds 
HubertusB: folds 
*** FLOP *** [6c Ac 6h]
Redstar18: bets $0.20
joker_95rus: folds 
Uncalled bet ($0.20) returned to Redstar18
Redstar18 collected $0.35 from pot
Redstar18: doesn't show hand 
*** SUMMARY ***
Total pot $0.37 | Rake $0.02 
Board [6c Ac 6h]
Seat 1: gosumortiz (button) folded before Flop (didn't bet)
Seat 2: maria22100 (small blind) folded before Flop
Seat 3: HubertusB (big blind) folded before Flop
Seat 4: Redstar18 collected ($0.35)
Seat 5: joker_95rus folded on the Flop
Seat 6: sedoi746 folded before Flop (didn't bet)



PokerStars Zoom Hand #186687098278:  Hold'em No Limit ($0.02/$0.05) - 2018/05/21 20:47:52 CCT [2018/05/21 8:47:52 ET]
Table 'Donati' 6-max Seat #1 is the button
Seat 1: SereGka228 ($5 in chips) 
Seat 2: BuBBleBoy548 ($5.88 in chips) 
Seat 3: oOps_2206 ($5 in chips) 
Seat 4: loustros ($4.64 in chips) 
Seat 5: Maoochan ($5.19 in chips) 
Seat 6: HubertusB ($4.69 in chips) 
BuBBleBoy548: posts small blind $0.02
oOps_2206: posts big blind $0.05
*** HOLE CARDS ***
Dealt to HubertusB [3h 9c]
loustros: raises $0.07 to $0.12
Maoochan: folds 
HubertusB: folds 
SereGka228: folds 
BuBBleBoy548: folds 
oOps_2206: folds 
Uncalled bet ($0.07) returned to loustros
loustros collected $0.12 from pot
loustros: doesn't show hand 
*** SUMMARY ***
Total pot $0.12 | Rake $0 
Seat 1: SereGka228 (button) folded before Flop (didn't bet)
Seat 2: BuBBleBoy548 (small blind) folded before Flop
Seat 3: oOps_2206 (big blind) folded before Flop
Seat 4: loustros collected ($0.12)
Seat 5: Maoochan folded before Flop (didn't bet)
Seat 6: HubertusB folded before Flop (didn't bet)



PokerStars Zoom Hand #186687100527:  Hold'em No Limit ($0.02/$0.05) - 2018/05/21 20:47:57 CCT [2018/05/21 8:47:57 ET]
Table 'Donati' 6-max Seat #1 is the button
Seat 1: HubertusB ($4.69 in chips) 
Seat 2: hojen666 ($5.18 in chips) 
Seat 3: gdmudan ($6 in chips) 
Seat 4: Igor86554 ($5.07 in chips) 
Seat 5: Ovcharovas ($5.07 in chips) 
Seat 6: jason032323 ($5.09 in chips) 
hojen666: posts small blind $0.02
gdmudan: posts big blind $0.05
*** HOLE CARDS ***
Dealt to HubertusB [6c Jc]
Igor86554: folds 
Ovcharovas: folds 
jason032323: raises $0.07 to $0.12
HubertusB: raises $0.23 to $0.35
hojen666: folds 
gdmudan: folds 
jason032323: calls $0.23
*** FLOP *** [Td 7c 6h]
jason032323: checks 
HubertusB: bets $0.37
jason032323: calls $0.37
*** TURN *** [Td 7c 6h] [6d]
jason032323: checks 
HubertusB: bets $0.95
jason032323: calls $0.95
*** RIVER *** [Td 7c 6h 6d] [Jh]
jason032323: checks 
HubertusB: bets $3.02 and is all-in
jason032323: calls $3.02
*** SHOW DOWN ***
HubertusB: shows [6c Jc] (a full house, Sixes full of Jacks)
jason032323: shows [Kh Th] (two pair, Tens and Sixes)
HubertusB collected $9.06 from pot
*** SUMMARY ***
Total pot $9.45 | Rake $0.39 
Board [Td 7c 6h 6d Jh]
Seat 1: HubertusB (button) showed [6c Jc] and won ($9.06) with a full house, Sixes full of Jacks
Seat 2: hojen666 (small blind) folded before Flop
Seat 3: gdmudan (big blind) folded before Flop
Seat 4: Igor86554 folded before Flop (didn't bet)
Seat 5: Ovcharovas folded before Flop (didn't bet)
Seat 6: jason032323 showed [Kh Th] and lost with two pair, Tens and Sixes



PokerStars Zoom Hand #186687128668:  Hold'em No Limit ($0.02/$0.05) - 2018/05/21 20:48:59 CCT [2018/05/21 8:48:59 ET]
Table 'Donati' 6-max Seat #1 is the button
Seat 1: !c3fr0g ($4.15 in chips) 
Seat 2: HubertusB ($9.06 in chips) 
Seat 3: XXXiao ($11.66 in chips) 
Seat 4: dynbalance ($5 in chips) 
Seat 5: djronalein ($7.98 in chips) 
Seat 6: leonidsss ($9.79 in chips) 
HubertusB: posts small blind $0.02
XXXiao: posts big blind $0.05
*** HOLE CARDS ***
Dealt to HubertusB [Jh Qs]
dynbalance: folds 
djronalein: raises $0.10 to $0.15
leonidsss: folds 
!c3fr0g: folds 
HubertusB: folds 
XXXiao: folds 
Uncalled bet ($0.10) returned to djronalein
djronalein collected $0.12 from pot
djronalein: doesn't show hand 
*** SUMMARY ***
Total pot $0.12 | Rake $0 
Seat 1: !c3fr0g (button) folded before Flop (didn't bet)
Seat 2: HubertusB (small blind) folded before Flop
Seat 3: XXXiao (big blind) folded before Flop
Seat 4: dynbalance folded before Flop (didn't bet)
Seat 5: djronalein collected ($0.12)
Seat 6: leonidsss folded before Flop (didn't bet)



PokerStars Zoom Hand #186687135880:  Hold'em No Limit ($0.02/$0.05) - 2018/05/21 20:49:15 CCT [2018/05/21 8:49:15 ET]
Table 'Donati' 6-max Seat #1 is the button
Seat 1: whitewhisper ($6.01 in chips) 
Seat 2: easywithbads ($9.29 in chips) 
Seat 3: Ovcharovas ($5 in chips) 
Seat 4: Zicepig ($5.41 in chips) 
Seat 5: HubertusB ($9.04 in chips) 
Seat 6: steban151 ($3.61 in chips) 
easywithbads: posts small blind $0.02
Ovcharovas: posts big blind $0.05
*** HOLE CARDS ***
Dealt to HubertusB [As 5h]
Zicepig: folds 
HubertusB: folds 
steban151: folds 
whitewhisper: folds 
easywithbads: folds 
Uncalled bet ($0.03) returned to Ovcharovas
Ovcharovas collected $0.04 from pot
Ovcharovas: doesn't show hand 
*** SUMMARY ***
Total pot $0.04 | Rake $0 
Seat 1: whitewhisper (button) folded before Flop (didn't bet)
Seat 2: easywithbads (small blind) folded before Flop
Seat 3: Ovcharovas (big blind) collected ($0.04)
Seat 4: Zicepig folded before Flop (didn't bet)
Seat 5: HubertusB folded before Flop (didn't bet)
Seat 6: steban151 folded before Flop (didn't bet)



PokerStars Zoom Hand #186687141756:  Hold'em No Limit ($0.02/$0.05) - 2018/05/21 20:49:28 CCT [2018/05/21 8:49:28 ET]
Table 'Donati' 6-max Seat #1 is the button
Seat 1: chordoma ($4.43 in chips) 
Seat 2: patryyk92 ($5 in chips) 
Seat 3: eliasfleitas ($5 in chips) 
Seat 4: MaybeMayday ($6.44 in chips) 
Seat 5: HubertusB ($9.04 in chips) 
Seat 6: X.MatuS ($6.34 in chips) 
patryyk92: posts small blind $0.02
eliasfleitas: posts big blind $0.05
*** HOLE CARDS ***
Dealt to HubertusB [8c 7h]
MaybeMayday: folds 
HubertusB: folds 
X.MatuS: folds 
chordoma: folds 
patryyk92: folds 
Uncalled bet ($0.03) returned to eliasfleitas
eliasfleitas collected $0.04 from pot
eliasfleitas: doesn't show hand 
*** SUMMARY ***
Total pot $0.04 | Rake $0 
Seat 1: chordoma (button) folded before Flop (didn't bet)
Seat 2: patryyk92 (small blind) folded before Flop
Seat 3: eliasfleitas (big blind) collected ($0.04)
Seat 4: MaybeMayday folded before Flop (didn't bet)
Seat 5: HubertusB folded before Flop (didn't bet)
Seat 6: X.MatuS folded before Flop (didn't bet)



PokerStars Zoom Hand #186687139555:  Hold'em No Limit ($0.02/$0.05) - 2018/05/21 20:49:23 CCT [2018/05/21 8:49:23 ET]
Table 'Donati' 6-max Seat #1 is the button
Seat 1: CIDUL21 ($4.21 in chips) 
Seat 2: zwetok ($10.31 in chips) 
Seat 3: Ovcharovas ($9.76 in chips) 
Seat 4: HubertusB ($9.04 in chips) 
Seat 5: jenka01 ($4.38 in chips) 
Seat 6: Issei21 ($6.19 in chips) 
zwetok: posts small blind $0.02
Ovcharovas: posts big blind $0.05
*** HOLE CARDS ***
Dealt to HubertusB [Jc 2h]
HubertusB: folds 
jenka01: folds 
Issei21: folds 
CIDUL21: raises $0.09 to $0.14
zwetok: folds 
Ovcharovas: folds 
Uncalled bet ($0.09) returned to CIDUL21
CIDUL21 collected $0.12 from pot
CIDUL21: doesn't show hand 
*** SUMMARY ***
Total pot $0.12 | Rake $0 
Seat 1: CIDUL21 (button) collected ($0.12)
Seat 2: zwetok (small blind) folded before Flop
Seat 3: Ovcharovas (big blind) folded before Flop
Seat 4: HubertusB folded before Flop (didn't bet)
Seat 5: jenka01 folded before Flop (didn't bet)
Seat 6: Issei21 folded before Flop (didn't bet)



PokerStars Zoom Hand #186687145429:  Hold'em No Limit ($0.02/$0.05) - 2018/05/21 20:49:36 CCT [2018/05/21 8:49:36 ET]
Table 'Donati' 6-max Seat #1 is the button
Seat 1: Bezpontov22 ($5.05 in chips) 
Seat 2: Nazar90 ($3.01 in chips) 
Seat 3: HubertusB ($9.04 in chips) 
Seat 4: winsochi ($4.16 in chips) 
Seat 5: Asilvagoat ($5.08 in chips) 
Seat 6: AleksandarMi ($5.16 in chips) 
Nazar90: posts small blind $0.02
HubertusB: posts big blind $0.05
*** HOLE CARDS ***
Dealt to HubertusB [5s Ts]
winsochi: raises $0.05 to $0.10
Asilvagoat: folds 
AleksandarMi: folds 
Bezpontov22: calls $0.10
Nazar90: folds 
HubertusB: folds 
*** FLOP *** [Ac 9d Td]
winsochi: checks 
Bezpontov22: bets $0.17
winsochi: calls $0.17
*** TURN *** [Ac 9d Td] [Th]
winsochi: checks 
Bezpontov22: checks 
*** RIVER *** [Ac 9d Td Th] [3d]
winsochi: bets $0.29
Bezpontov22: raises $0.46 to $0.75
winsochi: calls $0.46
*** SHOW DOWN ***
Bezpontov22: shows [5d 6d] (a flush, Ten high)
winsochi: mucks hand 
Bezpontov22 collected $2.02 from pot
*** SUMMARY ***
Total pot $2.11 | Rake $0.09 
Board [Ac 9d Td Th 3d]
Seat 1: Bezpontov22 (button) showed [5d 6d] and won ($2.02) with a flush, Ten high
Seat 2: Nazar90 (small blind) folded before Flop
Seat 3: HubertusB (big blind) folded before Flop
Seat 4: winsochi mucked [6h Ah]
Seat 5: Asilvagoat folded before Flop (didn't bet)
Seat 6: AleksandarMi folded before Flop (didn't bet)



PokerStars Zoom Hand #186687157748:  Hold'em No Limit ($0.02/$0.05) - 2018/05/21 20:50:03 CCT [2018/05/21 8:50:03 ET]
Table 'Donati' 6-max Seat #1 is the button
Seat 1: Redsnake27 ($5.32 in chips) 
Seat 2: serge87100 ($5.77 in chips) 
Seat 3: RebleStripe ($8.86 in chips) 
Seat 4: HubertusB ($8.99 in chips) 
Seat 5: Ovcharovas ($5.07 in chips) 
Seat 6: ccwolf7 ($5.11 in chips) 
serge87100: posts small blind $0.02
RebleStripe: posts big blind $0.05
*** HOLE CARDS ***
Dealt to HubertusB [5h 2h]
HubertusB: folds 
Ovcharovas: folds 
ccwolf7: folds 
Redsnake27: folds 
serge87100: folds 
Uncalled bet ($0.03) returned to RebleStripe
RebleStripe collected $0.04 from pot
RebleStripe: doesn't show hand 
*** SUMMARY ***
Total pot $0.04 | Rake $0 
Seat 1: Redsnake27 (button) folded before Flop (didn't bet)
Seat 2: serge87100 (small blind) folded before Flop
Seat 3: RebleStripe (big blind) collected ($0.04)
Seat 4: HubertusB folded before Flop (didn't bet)
Seat 5: Ovcharovas folded before Flop (didn't bet)
Seat 6: ccwolf7 folded before Flop (didn't bet)



PokerStars Zoom Hand #186687149130:  Hold'em No Limit ($0.02/$0.05) - 2018/05/21 20:49:44 CCT [2018/05/21 8:49:44 ET]
Table 'Donati' 6-max Seat #1 is the button
Seat 1: HubertusB ($8.99 in chips) 
Seat 2: BlackMoon57 ($0.33 in chips) 
Seat 3: luka1981good ($5.60 in chips) 
Seat 4: dynbalance ($6.02 in chips) 
Seat 5: volodarv ($7 in chips) 
Seat 6: Antrax3067 ($4.32 in chips) 
BlackMoon57: posts small blind $0.02
luka1981good: posts big blind $0.05
*** HOLE CARDS ***
Dealt to HubertusB [9s 7s]
dynbalance: folds 
volodarv: folds 
Antrax3067: raises $0.10 to $0.15
HubertusB: folds 
BlackMoon57: folds 
luka1981good: calls $0.10
*** FLOP *** [7c Kh Ah]
luka1981good: checks 
Antrax3067: bets $0.10
luka1981good: folds 
Uncalled bet ($0.10) returned to Antrax3067
Antrax3067 collected $0.31 from pot
Antrax3067: doesn't show hand 
*** SUMMARY ***
Total pot $0.32 | Rake $0.01 
Board [7c Kh Ah]
Seat 1: HubertusB (button) folded before Flop (didn't bet)
Seat 2: BlackMoon57 (small blind) folded before Flop
Seat 3: luka1981good (big blind) folded on the Flop
Seat 4: dynbalance folded before Flop (didn't bet)
Seat 5: volodarv folded before Flop (didn't bet)
Seat 6: Antrax3067 collected ($0.31)



PokerStars Zoom Hand #186687160456:  Hold'em No Limit ($0.02/$0.05) - 2018/05/21 20:50:09 CCT [2018/05/21 8:50:09 ET]
Table 'Donati' 6-max Seat #1 is the button
Seat 1: SchoolBoii1 ($5.13 in chips) 
Seat 2: HubertusB ($8.99 in chips) 
Seat 3: ess3L ($5 in chips) 
Seat 4: AnddyPunk ($9.89 in chips) 
Seat 5: Gissbon ($5 in chips) 
Seat 6: whitewhisper ($5.66 in chips) 
HubertusB: posts small blind $0.02
ess3L: posts big blind $0.05
*** HOLE CARDS ***
Dealt to HubertusB [Ah Qh]
AnddyPunk: raises $0.07 to $0.12
Gissbon: folds 
whitewhisper: folds 
SchoolBoii1: folds 
HubertusB: calls $0.10
ess3L: calls $0.07
*** FLOP *** [8h Qs 8s]
HubertusB: checks 
ess3L: checks 
AnddyPunk: bets $0.12
HubertusB: calls $0.12
ess3L: folds 
*** TURN *** [8h Qs 8s] [Td]
HubertusB: checks 
AnddyPunk: bets $0.28
HubertusB: calls $0.28
*** RIVER *** [8h Qs 8s Td] [Ad]
HubertusB: bets $0.75
AnddyPunk: raises $2.25 to $3
HubertusB: calls $2.25
*** SHOW DOWN ***
AnddyPunk: shows [8c 8d] (four of a kind, Eights)
HubertusB: mucks hand 
AnddyPunk collected $6.86 from pot
*** SUMMARY ***
Total pot $7.16 | Rake $0.30 
Board [8h Qs 8s Td Ad]
Seat 1: SchoolBoii1 (button) folded before Flop (didn't bet)
Seat 2: HubertusB (small blind) mucked [Ah Qh]
Seat 3: ess3L (big blind) folded on the Flop
Seat 4: AnddyPunk showed [8c 8d] and won ($6.86) with four of a kind, Eights
Seat 5: Gissbon folded before Flop (didn't bet)
Seat 6: whitewhisper folded before Flop (didn't bet)



PokerStars Zoom Hand #186687201698:  Hold'em No Limit ($0.02/$0.05) - 2018/05/21 20:51:40 CCT [2018/05/21 8:51:40 ET]
Table 'Donati' 6-max Seat #1 is the button
Seat 1: anika.niki ($2.07 in chips) 
Seat 2: BandK99 ($3.65 in chips) 
Seat 3: dbr03001 ($5.40 in chips) 
Seat 4: sec31915197 ($6.44 in chips) 
Seat 5: plazmpokerscene ($5.27 in chips) 
Seat 6: HubertusB ($5.47 in chips) 
BandK99: posts small blind $0.02
dbr03001: posts big blind $0.05
*** HOLE CARDS ***
Dealt to HubertusB [2s 6s]
sec31915197: raises $0.07 to $0.12
plazmpokerscene: folds 
HubertusB: folds 
anika.niki: calls $0.12
BandK99: folds 
dbr03001: folds 
*** FLOP *** [7s 2d Qd]
sec31915197: bets $0.20
anika.niki: calls $0.20
*** TURN *** [7s 2d Qd] [Th]
sec31915197: bets $0.45
anika.niki: folds 
Uncalled bet ($0.45) returned to sec31915197
sec31915197 collected $0.68 from pot
sec31915197: doesn't show hand 
*** SUMMARY ***
Total pot $0.71 | Rake $0.03 
Board [7s 2d Qd Th]
Seat 1: anika.niki (button) folded on the Turn
Seat 2: BandK99 (small blind) folded before Flop
Seat 3: dbr03001 (big blind) folded before Flop
Seat 4: sec31915197 collected ($0.68)
Seat 5: plazmpokerscene folded before Flop (didn't bet)
Seat 6: HubertusB folded before Flop (didn't bet)



PokerStars Zoom Hand #186687207121:  Hold'em No Limit ($0.02/$0.05) - 2018/05/21 20:51:52 CCT [2018/05/21 8:51:52 ET]
Table 'Donati' 6-max Seat #1 is the button
Seat 1: at fish ($8.22 in chips) 
Seat 2: Demyosaur ($5.02 in chips) 
Seat 3: kolaiwa ($2.81 in chips) 
Seat 4: Maoochan ($5.14 in chips) 
Seat 5: williemarto ($5.88 in chips) 
Seat 6: HubertusB ($5.47 in chips) 
Demyosaur: posts small blind $0.02
kolaiwa: posts big blind $0.05
*** HOLE CARDS ***
Dealt to HubertusB [6s 8c]
Maoochan: folds 
williemarto: folds 
HubertusB: folds 
at fish: folds 
Demyosaur: folds 
Uncalled bet ($0.03) returned to kolaiwa
kolaiwa collected $0.04 from pot
kolaiwa: doesn't show hand 
*** SUMMARY ***
Total pot $0.04 | Rake $0 
Seat 1: at fish (button) folded before Flop (didn't bet)
Seat 2: Demyosaur (small blind) folded before Flop
Seat 3: kolaiwa (big blind) collected ($0.04)
Seat 4: Maoochan folded before Flop (didn't bet)
Seat 5: williemarto folded before Flop (didn't bet)
Seat 6: HubertusB folded before Flop (didn't bet)



PokerStars Zoom Hand #186687209933:  Hold'em No Limit ($0.02/$0.05) - 2018/05/21 20:51:58 CCT [2018/05/21 8:51:58 ET]
Table 'Donati' 6-max Seat #1 is the button
Seat 1: plazmpokerscene ($5.22 in chips) 
Seat 2: slob43.ru ($9.15 in chips) 
Seat 3: Danil548 ($5.51 in chips) 
Seat 4: jason032323 ($5 in chips) 
Seat 5: HubertusB ($5.47 in chips) 
Seat 6: dynbalance ($5.48 in chips) 
slob43.ru: posts small blind $0.02
Danil548: posts big blind $0.05
*** HOLE CARDS ***
Dealt to HubertusB [6c 5c]
jason032323: folds 
HubertusB: raises $0.05 to $0.10
dynbalance: folds 
plazmpokerscene: folds 
slob43.ru: folds 
Danil548: folds 
Uncalled bet ($0.05) returned to HubertusB
HubertusB collected $0.12 from pot
HubertusB: doesn't show hand 
*** SUMMARY ***
Total pot $0.12 | Rake $0 
Seat 1: plazmpokerscene (button) folded before Flop (didn't bet)
Seat 2: slob43.ru (small blind) folded before Flop
Seat 3: Danil548 (big blind) folded before Flop
Seat 4: jason032323 folded before Flop (didn't bet)
Seat 5: HubertusB collected ($0.12)
Seat 6: dynbalance folded before Flop (didn't bet)



PokerStars Zoom Hand #186687220765:  Hold'em No Limit ($0.02/$0.05) - 2018/05/21 20:52:22 CCT [2018/05/21 8:52:22 ET]
Table 'Donati' 6-max Seat #1 is the button
Seat 1: SerVilliam ($4.81 in chips) 
Seat 2: Impaxz ($4.95 in chips) 
Seat 3: HubertusB ($5.52 in chips) 
Seat 4: vmvmihail ($5.12 in chips) 
Seat 5: Chunichi ($6.75 in chips) 
Seat 6: ady1276 ($4.23 in chips) 
Impaxz: posts small blind $0.02
HubertusB: posts big blind $0.05
*** HOLE CARDS ***
Dealt to HubertusB [6d Kh]
vmvmihail: folds 
Chunichi: folds 
ady1276: folds 
SerVilliam: raises $0.25 to $0.30
Impaxz: folds 
HubertusB: folds 
Uncalled bet ($0.25) returned to SerVilliam
SerVilliam collected $0.12 from pot
SerVilliam: doesn't show hand 
*** SUMMARY ***
Total pot $0.12 | Rake $0 
Seat 1: SerVilliam (button) collected ($0.12)
Seat 2: Impaxz (small blind) folded before Flop
Seat 3: HubertusB (big blind) folded before Flop
Seat 4: vmvmihail folded before Flop (didn't bet)
Seat 5: Chunichi folded before Flop (didn't bet)
Seat 6: ady1276 folded before Flop (didn't bet)



PokerStars Zoom Hand #186687225276:  Hold'em No Limit ($0.02/$0.05) - 2018/05/21 20:52:32 CCT [2018/05/21 8:52:32 ET]
Table 'Donati' 6-max Seat #1 is the button
Seat 1: HubertusB ($5.47 in chips) 
Seat 2: hoyosuk513 ($5.52 in chips) 
Seat 3: sec31915197 ($6.68 in chips) 
Seat 4: jave1975 ($8.76 in chips) 
Seat 5: Michel Mata ($5 in chips) 
Seat 6: Nazar90 ($4.78 in chips) 
hoyosuk513: posts small blind $0.02
sec31915197: posts big blind $0.05
*** HOLE CARDS ***
Dealt to HubertusB [9s As]
jave1975: folds 
Michel Mata: folds 
Nazar90: folds 
HubertusB: raises $0.05 to $0.10
hoyosuk513: folds 
sec31915197: calls $0.05
*** FLOP *** [Ad Jd 2s]
sec31915197: checks 
HubertusB: bets $0.10
sec31915197: folds 
Uncalled bet ($0.10) returned to HubertusB
HubertusB collected $0.21 from pot
HubertusB: doesn't show hand 
*** SUMMARY ***
Total pot $0.22 | Rake $0.01 
Board [Ad Jd 2s]
Seat 1: HubertusB (button) collected ($0.21)
Seat 2: hoyosuk513 (small blind) folded before Flop
Seat 3: sec31915197 (big blind) folded on the Flop
Seat 4: jave1975 folded before Flop (didn't bet)
Seat 5: Michel Mata folded before Flop (didn't bet)
Seat 6: Nazar90 folded before Flop (didn't bet)



PokerStars Zoom Hand #186687218040:  Hold'em No Limit ($0.02/$0.05) - 2018/05/21 20:52:16 CCT [2018/05/21 8:52:16 ET]
Table 'Donati' 6-max Seat #1 is the button
Seat 1: Astour194 ($5.02 in chips) 
Seat 2: HubertusB ($5.54 in chips) 
Seat 3: fredsongri ($7.93 in chips) 
Seat 4: JadesWrath ($6.69 in chips) 
Seat 5: Chandra75 ($5.86 in chips) 
Seat 6: joker12390 ($2.64 in chips) 
HubertusB: posts small blind $0.02
fredsongri: posts big blind $0.05
*** HOLE CARDS ***
Dealt to HubertusB [5c 2d]
JadesWrath: folds 
Chandra75: folds 
joker12390: calls $0.05
Astour194: folds 
HubertusB: folds 
fredsongri: checks 
*** FLOP *** [7c Th Jd]
fredsongri: bets $0.05
joker12390: calls $0.05
*** TURN *** [7c Th Jd] [4c]
fredsongri: bets $0.11
joker12390: calls $0.11
*** RIVER *** [7c Th Jd 4c] [6d]
fredsongri: bets $0.21
joker12390: folds 
Uncalled bet ($0.21) returned to fredsongri
fredsongri collected $0.42 from pot
fredsongri: doesn't show hand 
*** SUMMARY ***
Total pot $0.44 | Rake $0.02 
Board [7c Th Jd 4c 6d]
Seat 1: Astour194 (button) folded before Flop (didn't bet)
Seat 2: HubertusB (small blind) folded before Flop
Seat 3: fredsongri (big blind) collected ($0.42)
Seat 4: JadesWrath folded before Flop (didn't bet)
Seat 5: Chandra75 folded before Flop (didn't bet)
Seat 6: joker12390 folded on the River



PokerStars Zoom Hand #186687236429:  Hold'em No Limit ($0.02/$0.05) - 2018/05/21 20:52:56 CCT [2018/05/21 8:52:56 ET]
Table 'Donati' 6-max Seat #1 is the button
Seat 1: osho6 ($7.60 in chips) 
Seat 2: haqpod ($5.11 in chips) 
Seat 3: derak488 ($5 in chips) 
Seat 4: MaybeMayday ($7.48 in chips) 
Seat 5: HubertusB ($5.58 in chips) 
Seat 6: CIDUL21 ($6.27 in chips) 
haqpod: posts small blind $0.02
derak488: posts big blind $0.05
*** HOLE CARDS ***
Dealt to HubertusB [3h 6d]
MaybeMayday: folds 
HubertusB: folds 
CIDUL21 has timed out while disconnected
CIDUL21: folds 
osho6: folds 
haqpod: raises $0.10 to $0.15
derak488: raises $0.30 to $0.45
haqpod: folds 
Uncalled bet ($0.30) returned to derak488
derak488 collected $0.30 from pot
derak488: doesn't show hand 
*** SUMMARY ***
Total pot $0.30 | Rake $0 
Seat 1: osho6 (button) folded before Flop (didn't bet)
Seat 2: haqpod (small blind) folded before Flop
Seat 3: derak488 (big blind) collected ($0.30)
Seat 4: MaybeMayday folded before Flop (didn't bet)
Seat 5: HubertusB folded before Flop (didn't bet)
Seat 6: CIDUL21 folded before Flop (didn't bet)



PokerStars Zoom Hand #186687239604:  Hold'em No Limit ($0.02/$0.05) - 2018/05/21 20:53:03 CCT [2018/05/21 8:53:03 ET]
Table 'Donati' 6-max Seat #1 is the button
Seat 1: epyj1231 ($5 in chips) 
Seat 2: OsloVest ($5.02 in chips) 
Seat 3: NoFutureInIt ($5.13 in chips) 
Seat 4: SilverSatori ($5.11 in chips) 
Seat 5: 1obanoff ($4.64 in chips) 
Seat 6: HubertusB ($5.58 in chips) 
OsloVest: posts small blind $0.02
NoFutureInIt: posts big blind $0.05
*** HOLE CARDS ***
Dealt to HubertusB [5d Kh]
SilverSatori: raises $0.07 to $0.12
1obanoff: folds 
HubertusB: folds 
epyj1231: folds 
OsloVest: calls $0.10
NoFutureInIt: folds 
*** FLOP *** [8c 4s 7s]
OsloVest: checks 
SilverSatori: checks 
*** TURN *** [8c 4s 7s] [Td]
OsloVest: checks 
SilverSatori: checks 
*** RIVER *** [8c 4s 7s Td] [2s]
OsloVest: checks 
SilverSatori: checks 
*** SHOW DOWN ***
OsloVest: shows [Ac Js] (high card Ace)
SilverSatori: shows [6h 6s] (a pair of Sixes)
SilverSatori collected $0.28 from pot
*** SUMMARY ***
Total pot $0.29 | Rake $0.01 
Board [8c 4s 7s Td 2s]
Seat 1: epyj1231 (button) folded before Flop (didn't bet)
Seat 2: OsloVest (small blind) showed [Ac Js] and lost with high card Ace
Seat 3: NoFutureInIt (big blind) folded before Flop
Seat 4: SilverSatori showed [6h 6s] and won ($0.28) with a pair of Sixes
Seat 5: 1obanoff folded before Flop (didn't bet)
Seat 6: HubertusB folded before Flop (didn't bet)



PokerStars Zoom Hand #186687242423:  Hold'em No Limit ($0.02/$0.05) - 2018/05/21 20:53:09 CCT [2018/05/21 8:53:09 ET]
Table 'Donati' 6-max Seat #1 is the button
Seat 1: Demyosaur ($6.03 in chips) 
Seat 2: józsef188 ($12.85 in chips) 
Seat 3: HubertusB ($5.58 in chips) 
Seat 4: luka1981good ($5.14 in chips) 
Seat 5: majuth ($4.83 in chips) 
Seat 6: Banks202 ($5.85 in chips) 
józsef188: posts small blind $0.02
HubertusB: posts big blind $0.05
*** HOLE CARDS ***
Dealt to HubertusB [Js Td]
luka1981good: folds 
majuth: folds 
Banks202: folds 
Demyosaur: raises $0.10 to $0.15
józsef188: folds 
HubertusB: raises $0.30 to $0.45
Demyosaur: calls $0.30
*** FLOP *** [3d 4d Ah]
HubertusB: bets $0.35
Demyosaur: calls $0.35
*** TURN *** [3d 4d Ah] [7h]
HubertusB: bets $0.80
Demyosaur: folds 
Uncalled bet ($0.80) returned to HubertusB
HubertusB collected $1.55 from pot
HubertusB: doesn't show hand 
*** SUMMARY ***
Total pot $1.62 | Rake $0.07 
Board [3d 4d Ah 7h]
Seat 1: Demyosaur (button) folded on the Turn
Seat 2: józsef188 (small blind) folded before Flop
Seat 3: HubertusB (big blind) collected ($1.55)
Seat 4: luka1981good folded before Flop (didn't bet)
Seat 5: majuth folded before Flop (didn't bet)
Seat 6: Banks202 folded before Flop (didn't bet)



