PokerStars Zoom Hand #186688228856:  Hold'em No Limit ($0.02/$0.05) - 2018/05/21 21:28:36 CCT [2018/05/21 9:28:36 ET]
Table 'Donati' 6-max Seat #1 is the button
Seat 1: egiu28 ($4.84 in chips) 
Seat 2: sam2207 ($3.54 in chips) 
Seat 3: HubertusB ($5 in chips) 
Seat 4: haroldchrist ($6.34 in chips) 
Seat 5: OsloVest ($11.57 in chips) 
Seat 6: opilaso ($5.09 in chips) 
sam2207: posts small blind $0.02
HubertusB: posts big blind $0.05
*** HOLE CARDS ***
Dealt to HubertusB [8h 8s]
haroldchrist: folds 
OsloVest: folds 
opilaso: folds 
egiu28: folds 
sam2207: folds 
Uncalled bet ($0.03) returned to HubertusB
HubertusB collected $0.04 from pot
HubertusB: doesn't show hand 
*** SUMMARY ***
Total pot $0.04 | Rake $0 
Seat 1: egiu28 (button) folded before Flop (didn't bet)
Seat 2: sam2207 (small blind) folded before Flop
Seat 3: HubertusB (big blind) collected ($0.04)
Seat 4: haroldchrist folded before Flop (didn't bet)
Seat 5: OsloVest folded before Flop (didn't bet)
Seat 6: opilaso folded before Flop (didn't bet)



PokerStars Zoom Hand #186688235643:  Hold'em No Limit ($0.02/$0.05) - 2018/05/21 21:28:50 CCT [2018/05/21 9:28:50 ET]
Table 'Donati' 6-max Seat #1 is the button
Seat 1: PaupauK92 ($12.61 in chips) 
Seat 2: HubertusB ($5.02 in chips) 
Seat 3: Savavlad97 ($7.35 in chips) 
Seat 4: marcioadrs ($8.74 in chips) 
Seat 5: Antrax3067 ($5.07 in chips) 
Seat 6: kukkertje ($5 in chips) 
HubertusB: posts small blind $0.02
Savavlad97: posts big blind $0.05
*** HOLE CARDS ***
Dealt to HubertusB [Jh 4d]
marcioadrs: raises $0.10 to $0.15
Antrax3067: folds 
kukkertje: folds 
PaupauK92: calls $0.15
HubertusB: folds 
Savavlad97: folds 
*** FLOP *** [Ad Js 2h]
marcioadrs: bets $0.13
PaupauK92: folds 
Uncalled bet ($0.13) returned to marcioadrs
marcioadrs collected $0.35 from pot
marcioadrs: doesn't show hand 
*** SUMMARY ***
Total pot $0.37 | Rake $0.02 
Board [Ad Js 2h]
Seat 1: PaupauK92 (button) folded on the Flop
Seat 2: HubertusB (small blind) folded before Flop
Seat 3: Savavlad97 (big blind) folded before Flop
Seat 4: marcioadrs collected ($0.35)
Seat 5: Antrax3067 folded before Flop (didn't bet)
Seat 6: kukkertje folded before Flop (didn't bet)



PokerStars Zoom Hand #186688244675:  Hold'em No Limit ($0.02/$0.05) - 2018/05/21 21:29:09 CCT [2018/05/21 9:29:09 ET]
Table 'Donati' 6-max Seat #1 is the button
Seat 1: take29 ($5.16 in chips) 
Seat 2: Mr. Roquim ($6.35 in chips) 
Seat 3: ANANATOR ($7.17 in chips) 
Seat 4: OsloVest ($11.62 in chips) 
Seat 5: BigEd2006 ($5.62 in chips) 
Seat 6: HubertusB ($5 in chips) 
Mr. Roquim: posts small blind $0.02
ANANATOR: posts big blind $0.05
*** HOLE CARDS ***
Dealt to HubertusB [7d 8h]
OsloVest: folds 
BigEd2006: raises $0.15 to $0.20
HubertusB: folds 
take29: folds 
Mr. Roquim: folds 
ANANATOR: folds 
Uncalled bet ($0.15) returned to BigEd2006
BigEd2006 collected $0.12 from pot
BigEd2006: doesn't show hand 
*** SUMMARY ***
Total pot $0.12 | Rake $0 
Seat 1: take29 (button) folded before Flop (didn't bet)
Seat 2: Mr. Roquim (small blind) folded before Flop
Seat 3: ANANATOR (big blind) folded before Flop
Seat 4: OsloVest folded before Flop (didn't bet)
Seat 5: BigEd2006 collected ($0.12)
Seat 6: HubertusB folded before Flop (didn't bet)



PokerStars Zoom Hand #186688247073:  Hold'em No Limit ($0.02/$0.05) - 2018/05/21 21:29:14 CCT [2018/05/21 9:29:14 ET]
Table 'Donati' 6-max Seat #1 is the button
Seat 1: prm4life ($5.07 in chips) 
Seat 2: Roode fluch ($3.12 in chips) 
Seat 3: draft_skille ($3.38 in chips) 
Seat 4: HubertusB ($5 in chips) 
Seat 5: natali477 ($3.59 in chips) 
Seat 6: bolseiroo ($6.81 in chips) 
Roode fluch: posts small blind $0.02
draft_skille: posts big blind $0.05
*** HOLE CARDS ***
Dealt to HubertusB [Td 7d]
HubertusB: folds 
natali477: folds 
bolseiroo: folds 
prm4life: raises $0.05 to $0.10
Roode fluch: folds 
draft_skille: raises $3.28 to $3.38 and is all-in
prm4life: folds 
Uncalled bet ($3.28) returned to draft_skille
draft_skille collected $0.22 from pot
draft_skille: doesn't show hand 
*** SUMMARY ***
Total pot $0.22 | Rake $0 
Seat 1: prm4life (button) folded before Flop
Seat 2: Roode fluch (small blind) folded before Flop
Seat 3: draft_skille (big blind) collected ($0.22)
Seat 4: HubertusB folded before Flop (didn't bet)
Seat 5: natali477 folded before Flop (didn't bet)
Seat 6: bolseiroo folded before Flop (didn't bet)



PokerStars Zoom Hand #186688260483:  Hold'em No Limit ($0.02/$0.05) - 2018/05/21 21:29:42 CCT [2018/05/21 9:29:42 ET]
Table 'Donati' 6-max Seat #1 is the button
Seat 1: HubertusB ($4.95 in chips) 
Seat 2: maltrine ($5 in chips) 
Seat 3: tokigori ($8.35 in chips) 
Seat 4: mopsrenat ($3.23 in chips) 
Seat 5: ANANATOR ($6.41 in chips) 
Seat 6: draft_skille ($3.50 in chips) 
maltrine: posts small blind $0.02
tokigori: posts big blind $0.05
*** HOLE CARDS ***
Dealt to HubertusB [Qs 2s]
mopsrenat: folds 
ANANATOR: folds 
draft_skille: folds 
HubertusB: folds 
maltrine: folds 
Uncalled bet ($0.03) returned to tokigori
tokigori collected $0.04 from pot
tokigori: doesn't show hand 
*** SUMMARY ***
Total pot $0.04 | Rake $0 
Seat 1: HubertusB (button) folded before Flop (didn't bet)
Seat 2: maltrine (small blind) folded before Flop
Seat 3: tokigori (big blind) collected ($0.04)
Seat 4: mopsrenat folded before Flop (didn't bet)
Seat 5: ANANATOR folded before Flop (didn't bet)
Seat 6: draft_skille folded before Flop (didn't bet)



PokerStars Zoom Hand #186688240456:  Hold'em No Limit ($0.02/$0.05) - 2018/05/21 21:29:00 CCT [2018/05/21 9:29:00 ET]
Table 'Donati' 6-max Seat #1 is the button
Seat 1: HubertusB ($5 in chips) 
Seat 2: mastervanek ($4.15 in chips) 
Seat 3: Guernik ($6.88 in chips) 
Seat 4: Draugsvoll ($5.91 in chips) 
Seat 5: akagiooo ($5 in chips) 
Seat 6: epyj1231 ($6.60 in chips) 
mastervanek: posts small blind $0.02
Guernik: posts big blind $0.05
*** HOLE CARDS ***
Dealt to HubertusB [5s Jh]
Draugsvoll: raises $0.08 to $0.13
akagiooo: calls $0.13
epyj1231: calls $0.13
HubertusB: folds 
mastervanek: calls $0.11
Guernik: folds 
*** FLOP *** [Qc Qh Qs]
mastervanek: checks 
Draugsvoll: checks 
akagiooo: checks 
epyj1231: bets $0.28
mastervanek: folds 
Draugsvoll: folds 
akagiooo: folds 
Uncalled bet ($0.28) returned to epyj1231
epyj1231 collected $0.55 from pot
epyj1231: doesn't show hand 
*** SUMMARY ***
Total pot $0.57 | Rake $0.02 
Board [Qc Qh Qs]
Seat 1: HubertusB (button) folded before Flop (didn't bet)
Seat 2: mastervanek (small blind) folded on the Flop
Seat 3: Guernik (big blind) folded before Flop
Seat 4: Draugsvoll folded on the Flop
Seat 5: akagiooo folded on the Flop
Seat 6: epyj1231 collected ($0.55)



PokerStars Zoom Hand #186688249897:  Hold'em No Limit ($0.02/$0.05) - 2018/05/21 21:29:20 CCT [2018/05/21 9:29:20 ET]
Table 'Donati' 6-max Seat #1 is the button
Seat 1: dvernik ($5.91 in chips) 
Seat 2: Reece1985 ($4.39 in chips) 
Seat 3: marcioadrs ($8.94 in chips) 
Seat 4: vovanVDVA0281 ($4.58 in chips) 
Seat 5: HubertusB ($5 in chips) 
Seat 6: pointout91 ($6.41 in chips) 
Reece1985: posts small blind $0.02
marcioadrs: posts big blind $0.05
*** HOLE CARDS ***
Dealt to HubertusB [8s 4s]
vovanVDVA0281: folds 
HubertusB: folds 
pointout91: raises $0.10 to $0.15
dvernik: folds 
Reece1985: folds 
marcioadrs: calls $0.10
*** FLOP *** [Ts 5h 5d]
marcioadrs: checks 
pointout91: bets $0.20
marcioadrs: folds 
Uncalled bet ($0.20) returned to pointout91
pointout91 collected $0.31 from pot
pointout91: doesn't show hand 
*** SUMMARY ***
Total pot $0.32 | Rake $0.01 
Board [Ts 5h 5d]
Seat 1: dvernik (button) folded before Flop (didn't bet)
Seat 2: Reece1985 (small blind) folded before Flop
Seat 3: marcioadrs (big blind) folded on the Flop
Seat 4: vovanVDVA0281 folded before Flop (didn't bet)
Seat 5: HubertusB folded before Flop (didn't bet)
Seat 6: pointout91 collected ($0.31)



PokerStars Zoom Hand #186688252846:  Hold'em No Limit ($0.02/$0.05) - 2018/05/21 21:29:26 CCT [2018/05/21 9:29:26 ET]
Table 'Donati' 6-max Seat #1 is the button
Seat 1: trol_panda ($5.23 in chips) 
Seat 2: LQ Wu ($7.78 in chips) 
Seat 3: HubertusB ($5 in chips) 
Seat 4: futbol24-bg ($3.99 in chips) 
Seat 5: value_ftw ($7.56 in chips) 
Seat 6: lazy_deer ($5.45 in chips) 
LQ Wu: posts small blind $0.02
HubertusB: posts big blind $0.05
*** HOLE CARDS ***
Dealt to HubertusB [7d 3c]
futbol24-bg: raises $0.10 to $0.15
value_ftw: folds 
lazy_deer: folds 
trol_panda: folds 
LQ Wu: folds 
HubertusB: folds 
Uncalled bet ($0.10) returned to futbol24-bg
futbol24-bg collected $0.12 from pot
futbol24-bg: doesn't show hand 
*** SUMMARY ***
Total pot $0.12 | Rake $0 
Seat 1: trol_panda (button) folded before Flop (didn't bet)
Seat 2: LQ Wu (small blind) folded before Flop
Seat 3: HubertusB (big blind) folded before Flop
Seat 4: futbol24-bg collected ($0.12)
Seat 5: value_ftw folded before Flop (didn't bet)
Seat 6: lazy_deer folded before Flop (didn't bet)



PokerStars Zoom Hand #186688264404:  Hold'em No Limit ($0.02/$0.05) - 2018/05/21 21:29:50 CCT [2018/05/21 9:29:50 ET]
Table 'Donati' 6-max Seat #1 is the button
Seat 1: PaupauK92 ($12.31 in chips) 
Seat 2: HubertusB ($4.95 in chips) 
Seat 3: oleg777886 ($5 in chips) 
Seat 4: ardo888 ($5.07 in chips) 
Seat 5: adiaspora12 ($7.12 in chips) 
Seat 6: eliasfleitas ($7.98 in chips) 
HubertusB: posts small blind $0.02
oleg777886: posts big blind $0.05
*** HOLE CARDS ***
Dealt to HubertusB [7c Tc]
ardo888: folds 
adiaspora12: raises $0.07 to $0.12
eliasfleitas: raises $0.33 to $0.45
PaupauK92: folds 
HubertusB: folds 
oleg777886: folds 
adiaspora12: folds 
Uncalled bet ($0.33) returned to eliasfleitas
eliasfleitas collected $0.31 from pot
eliasfleitas: doesn't show hand 
*** SUMMARY ***
Total pot $0.31 | Rake $0 
Seat 1: PaupauK92 (button) folded before Flop (didn't bet)
Seat 2: HubertusB (small blind) folded before Flop
Seat 3: oleg777886 (big blind) folded before Flop
Seat 4: ardo888 folded before Flop (didn't bet)
Seat 5: adiaspora12 folded before Flop
Seat 6: eliasfleitas collected ($0.31)



PokerStars Zoom Hand #186688275068:  Hold'em No Limit ($0.02/$0.05) - 2018/05/21 21:30:12 CCT [2018/05/21 9:30:12 ET]
Table 'Donati' 6-max Seat #1 is the button
Seat 1: richymen_15 ($6.52 in chips) 
Seat 2: smasaken ($5.98 in chips) 
Seat 3: artles007 ($5.05 in chips) 
Seat 4: OsloVest ($7.24 in chips) 
Seat 5: AsterixBrn ($5 in chips) 
Seat 6: HubertusB ($4.93 in chips) 
smasaken: posts small blind $0.02
artles007: posts big blind $0.05
*** HOLE CARDS ***
Dealt to HubertusB [5h Ac]
OsloVest: folds 
AsterixBrn: folds 
HubertusB: folds 
richymen_15: folds 
smasaken: folds 
Uncalled bet ($0.03) returned to artles007
artles007 collected $0.04 from pot
artles007: doesn't show hand 
*** SUMMARY ***
Total pot $0.04 | Rake $0 
Seat 1: richymen_15 (button) folded before Flop (didn't bet)
Seat 2: smasaken (small blind) folded before Flop
Seat 3: artles007 (big blind) collected ($0.04)
Seat 4: OsloVest folded before Flop (didn't bet)
Seat 5: AsterixBrn folded before Flop (didn't bet)
Seat 6: HubertusB folded before Flop (didn't bet)



PokerStars Zoom Hand #186688270666:  Hold'em No Limit ($0.02/$0.05) - 2018/05/21 21:30:03 CCT [2018/05/21 9:30:03 ET]
Table 'Donati' 6-max Seat #1 is the button
Seat 1: HajluM ($5 in chips) 
Seat 2: Fredchie ($7.17 in chips) 
Seat 3: CARE_FULL_Z ($8.44 in chips) 
Seat 4: otamagaike ($1.64 in chips) 
Seat 5: jivka75 ($1.79 in chips) 
Seat 6: HubertusB ($4.93 in chips) 
Fredchie: posts small blind $0.02
CARE_FULL_Z: posts big blind $0.05
*** HOLE CARDS ***
Dealt to HubertusB [Ah 8h]
otamagaike: raises $0.10 to $0.15
jivka75 has timed out while disconnected
jivka75: folds 
HubertusB: folds 
HajluM: folds 
Fredchie: folds 
CARE_FULL_Z: folds 
Uncalled bet ($0.10) returned to otamagaike
otamagaike collected $0.12 from pot
otamagaike: doesn't show hand 
*** SUMMARY ***
Total pot $0.12 | Rake $0 
Seat 1: HajluM (button) folded before Flop (didn't bet)
Seat 2: Fredchie (small blind) folded before Flop
Seat 3: CARE_FULL_Z (big blind) folded before Flop
Seat 4: otamagaike collected ($0.12)
Seat 5: jivka75 folded before Flop (didn't bet)
Seat 6: HubertusB folded before Flop (didn't bet)



PokerStars Zoom Hand #186688277992:  Hold'em No Limit ($0.02/$0.05) - 2018/05/21 21:30:18 CCT [2018/05/21 9:30:18 ET]
Table 'Donati' 6-max Seat #1 is the button
Seat 1: dvernik ($5.26 in chips) 
Seat 2: mopsrenat ($3.18 in chips) 
Seat 3: ninix17 ($5.27 in chips) 
Seat 4: dbr03001 ($7.15 in chips) 
Seat 5: HubertusB ($4.93 in chips) 
Seat 6: Fredchie ($7.15 in chips) 
mopsrenat: posts small blind $0.02
ninix17: posts big blind $0.05
*** HOLE CARDS ***
Dealt to HubertusB [9s 4d]
dbr03001: raises $0.05 to $0.10
HubertusB: folds 
Fredchie: calls $0.10
dvernik: folds 
mopsrenat: calls $0.08
ninix17: calls $0.05
*** FLOP *** [6h 6d 5s]
mopsrenat: checks 
ninix17: checks 
dbr03001: checks 
Fredchie: bets $0.25
mopsrenat: folds 
ninix17: folds 
dbr03001: folds 
Uncalled bet ($0.25) returned to Fredchie
Fredchie collected $0.38 from pot
Fredchie: doesn't show hand 
*** SUMMARY ***
Total pot $0.40 | Rake $0.02 
Board [6h 6d 5s]
Seat 1: dvernik (button) folded before Flop (didn't bet)
Seat 2: mopsrenat (small blind) folded on the Flop
Seat 3: ninix17 (big blind) folded on the Flop
Seat 4: dbr03001 folded on the Flop
Seat 5: HubertusB folded before Flop (didn't bet)
Seat 6: Fredchie collected ($0.38)



PokerStars Zoom Hand #186688279900:  Hold'em No Limit ($0.02/$0.05) - 2018/05/21 21:30:22 CCT [2018/05/21 9:30:22 ET]
Table 'Donati' 6-max Seat #1 is the button
Seat 1: Dokerokk23 ($13.23 in chips) 
Seat 2: KenTanimura ($5.02 in chips) 
Seat 3: HubertusB ($4.93 in chips) 
Seat 4: at fish ($16.36 in chips) 
Seat 5: xiazhen ($8.17 in chips) 
Seat 6: miaolegemi ($15.51 in chips) 
KenTanimura: posts small blind $0.02
HubertusB: posts big blind $0.05
*** HOLE CARDS ***
Dealt to HubertusB [3c Ac]
at fish: folds 
xiazhen: folds 
miaolegemi: folds 
Dokerokk23: raises $0.07 to $0.12
KenTanimura: folds 
HubertusB: raises $0.26 to $0.38
Dokerokk23: raises $0.57 to $0.95
HubertusB: folds 
Uncalled bet ($0.57) returned to Dokerokk23
Dokerokk23 collected $0.78 from pot
Dokerokk23: doesn't show hand 
*** SUMMARY ***
Total pot $0.78 | Rake $0 
Seat 1: Dokerokk23 (button) collected ($0.78)
Seat 2: KenTanimura (small blind) folded before Flop
Seat 3: HubertusB (big blind) folded before Flop
Seat 4: at fish folded before Flop (didn't bet)
Seat 5: xiazhen folded before Flop (didn't bet)
Seat 6: miaolegemi folded before Flop (didn't bet)



PokerStars Zoom Hand #186688298308:  Hold'em No Limit ($0.02/$0.05) - 2018/05/21 21:31:00 CCT [2018/05/21 9:31:00 ET]
Table 'Donati' 6-max Seat #1 is the button
Seat 1: GG-WPSPS ($6.90 in chips) 
Seat 2: HubertusB ($4.55 in chips) 
Seat 3: gutevich PP ($2.28 in chips) 
Seat 4: epyj1231 ($6.98 in chips) 
Seat 5: npokypop1802 ($2.35 in chips) 
Seat 6: KOTAH77 ($2.64 in chips) 
HubertusB: posts small blind $0.02
gutevich PP: posts big blind $0.05
*** HOLE CARDS ***
Dealt to HubertusB [5s Tc]
epyj1231: folds 
npokypop1802: folds 
KOTAH77: folds 
GG-WPSPS: folds 
HubertusB: folds 
Uncalled bet ($0.03) returned to gutevich PP
gutevich PP collected $0.04 from pot
gutevich PP: doesn't show hand 
*** SUMMARY ***
Total pot $0.04 | Rake $0 
Seat 1: GG-WPSPS (button) folded before Flop (didn't bet)
Seat 2: HubertusB (small blind) folded before Flop
Seat 3: gutevich PP (big blind) collected ($0.04)
Seat 4: epyj1231 folded before Flop (didn't bet)
Seat 5: npokypop1802 folded before Flop (didn't bet)
Seat 6: KOTAH77 folded before Flop (didn't bet)



PokerStars Zoom Hand #186688305075:  Hold'em No Limit ($0.02/$0.05) - 2018/05/21 21:31:14 CCT [2018/05/21 9:31:14 ET]
Table 'Donati' 6-max Seat #1 is the button
Seat 1: Sandy1578 ($6.33 in chips) 
Seat 2: Reece1985 ($5.74 in chips) 
Seat 3: kfcsekirata ($5.17 in chips) 
Seat 4: kukkertje ($5.18 in chips) 
Seat 5: HubertusB ($4.53 in chips) 
Seat 6: mr.taverner ($5.24 in chips) 
Reece1985: posts small blind $0.02
kfcsekirata: posts big blind $0.05
*** HOLE CARDS ***
Dealt to HubertusB [Ah 5c]
kukkertje: folds 
HubertusB: folds 
mr.taverner: folds 
Sandy1578: folds 
Reece1985: folds 
Uncalled bet ($0.03) returned to kfcsekirata
kfcsekirata collected $0.04 from pot
kfcsekirata: doesn't show hand 
*** SUMMARY ***
Total pot $0.04 | Rake $0 
Seat 1: Sandy1578 (button) folded before Flop (didn't bet)
Seat 2: Reece1985 (small blind) folded before Flop
Seat 3: kfcsekirata (big blind) collected ($0.04)
Seat 4: kukkertje folded before Flop (didn't bet)
Seat 5: HubertusB folded before Flop (didn't bet)
Seat 6: mr.taverner folded before Flop (didn't bet)



PokerStars Zoom Hand #186688309975:  Hold'em No Limit ($0.02/$0.05) - 2018/05/21 21:31:24 CCT [2018/05/21 9:31:24 ET]
Table 'Donati' 6-max Seat #1 is the button
Seat 1: vmvmihail ($6.03 in chips) 
Seat 2: SHMAG3L ($7.47 in chips) 
Seat 3: prm4life ($5.12 in chips) 
Seat 4: HubertusB ($4.53 in chips) 
Seat 5: Omicron333 ($9.54 in chips) 
Seat 6: arti192837 ($11.05 in chips) 
SHMAG3L: posts small blind $0.02
prm4life: posts big blind $0.05
*** HOLE CARDS ***
Dealt to HubertusB [9s 9h]
HubertusB: raises $0.10 to $0.15
Omicron333: folds 
arti192837: folds 
vmvmihail: folds 
SHMAG3L: folds 
prm4life: folds 
Uncalled bet ($0.10) returned to HubertusB
HubertusB collected $0.12 from pot
HubertusB: doesn't show hand 
*** SUMMARY ***
Total pot $0.12 | Rake $0 
Seat 1: vmvmihail (button) folded before Flop (didn't bet)
Seat 2: SHMAG3L (small blind) folded before Flop
Seat 3: prm4life (big blind) folded before Flop
Seat 4: HubertusB collected ($0.12)
Seat 5: Omicron333 folded before Flop (didn't bet)
Seat 6: arti192837 folded before Flop (didn't bet)



PokerStars Zoom Hand #186688307526:  Hold'em No Limit ($0.02/$0.05) - 2018/05/21 21:31:19 CCT [2018/05/21 9:31:19 ET]
Table 'Donati' 6-max Seat #1 is the button
Seat 1: csöri83 ($5.34 in chips) 
Seat 2: Reesor01 ($15.93 in chips) 
Seat 3: Draugsvoll ($5.44 in chips) 
Seat 4: HubertusB ($4.53 in chips) 
Seat 5: esycall ($6 in chips) 
Seat 6: LQ Wu ($7.85 in chips) 
Reesor01: posts small blind $0.02
Draugsvoll: posts big blind $0.05
*** HOLE CARDS ***
Dealt to HubertusB [Qd 6s]
HubertusB: folds 
esycall: raises $0.05 to $0.10
LQ Wu: folds 
csöri83: folds 
Reesor01: folds 
Draugsvoll: folds 
Uncalled bet ($0.05) returned to esycall
esycall collected $0.12 from pot
esycall: doesn't show hand 
*** SUMMARY ***
Total pot $0.12 | Rake $0 
Seat 1: csöri83 (button) folded before Flop (didn't bet)
Seat 2: Reesor01 (small blind) folded before Flop
Seat 3: Draugsvoll (big blind) folded before Flop
Seat 4: HubertusB folded before Flop (didn't bet)
Seat 5: esycall collected ($0.12)
Seat 6: LQ Wu folded before Flop (didn't bet)



PokerStars Zoom Hand #186688300760:  Hold'em No Limit ($0.02/$0.05) - 2018/05/21 21:31:05 CCT [2018/05/21 9:31:05 ET]
Table 'Donati' 6-max Seat #1 is the button
Seat 1: HubertusB ($4.53 in chips) 
Seat 2: carchlodnia ($9.41 in chips) 
Seat 3: GOMEZ909 ($6.89 in chips) 
Seat 4: BuBBleBoy548 ($6.26 in chips) 
Seat 5: RAIN_ACID ($2.04 in chips) 
Seat 6: emalfa ($2.17 in chips) 
carchlodnia: posts small blind $0.02
GOMEZ909: posts big blind $0.05
*** HOLE CARDS ***
Dealt to HubertusB [6h Ad]
BuBBleBoy548: folds 
RAIN_ACID: folds 
emalfa: raises $0.05 to $0.10
HubertusB: folds 
carchlodnia: calls $0.08
GOMEZ909: folds 
*** FLOP *** [9d 2c 8s]
carchlodnia: checks 
emalfa: checks 
*** TURN *** [9d 2c 8s] [4h]
carchlodnia: checks 
emalfa: checks 
*** RIVER *** [9d 2c 8s 4h] [6c]
carchlodnia: checks 
emalfa: checks 
*** SHOW DOWN ***
carchlodnia: shows [7s 6s] (a pair of Sixes)
emalfa: mucks hand 
carchlodnia collected $0.24 from pot
*** SUMMARY ***
Total pot $0.25 | Rake $0.01 
Board [9d 2c 8s 4h 6c]
Seat 1: HubertusB (button) folded before Flop (didn't bet)
Seat 2: carchlodnia (small blind) showed [7s 6s] and won ($0.24) with a pair of Sixes
Seat 3: GOMEZ909 (big blind) folded before Flop
Seat 4: BuBBleBoy548 folded before Flop (didn't bet)
Seat 5: RAIN_ACID folded before Flop (didn't bet)
Seat 6: emalfa mucked [As Qh]



PokerStars Zoom Hand #186688315235:  Hold'em No Limit ($0.02/$0.05) - 2018/05/21 21:31:35 CCT [2018/05/21 9:31:35 ET]
Table 'Donati' 6-max Seat #1 is the button
Seat 1: Fysio_Logia ($5 in chips) 
Seat 2: HubertusB ($4.60 in chips) 
Seat 3: Sandy1578 ($6.31 in chips) 
Seat 4: kust86 ($7.52 in chips) 
Seat 5: KAMALETDINOV ($5.63 in chips) 
Seat 6: HajluM ($6.08 in chips) 
HubertusB: posts small blind $0.02
Sandy1578: posts big blind $0.05
*** HOLE CARDS ***
Dealt to HubertusB [4s 6d]
kust86: folds 
KAMALETDINOV: folds 
HajluM: folds 
Fysio_Logia: folds 
HubertusB: folds 
Uncalled bet ($0.03) returned to Sandy1578
Sandy1578 collected $0.04 from pot
Sandy1578: doesn't show hand 
*** SUMMARY ***
Total pot $0.04 | Rake $0 
Seat 1: Fysio_Logia (button) folded before Flop (didn't bet)
Seat 2: HubertusB (small blind) folded before Flop
Seat 3: Sandy1578 (big blind) collected ($0.04)
Seat 4: kust86 folded before Flop (didn't bet)
Seat 5: KAMALETDINOV folded before Flop (didn't bet)
Seat 6: HajluM folded before Flop (didn't bet)



PokerStars Zoom Hand #186688317722:  Hold'em No Limit ($0.02/$0.05) - 2018/05/21 21:31:40 CCT [2018/05/21 9:31:40 ET]
Table 'Donati' 6-max Seat #1 is the button
Seat 1: BL4CK11 ($5 in chips) 
Seat 2: Bluecrust ($6.48 in chips) 
Seat 3: mggL89 ($5.05 in chips) 
Seat 4: LQ Wu ($7.08 in chips) 
Seat 5: SilverSatori ($5.05 in chips) 
Seat 6: HubertusB ($4.58 in chips) 
Bluecrust: posts small blind $0.02
mggL89: posts big blind $0.05
*** HOLE CARDS ***
Dealt to HubertusB [4c 3d]
LQ Wu: folds 
SilverSatori: raises $0.07 to $0.12
HubertusB: folds 
BL4CK11: folds 
Bluecrust: folds 
mggL89: folds 
Uncalled bet ($0.07) returned to SilverSatori
SilverSatori collected $0.12 from pot
SilverSatori: doesn't show hand 
*** SUMMARY ***
Total pot $0.12 | Rake $0 
Seat 1: BL4CK11 (button) folded before Flop (didn't bet)
Seat 2: Bluecrust (small blind) folded before Flop
Seat 3: mggL89 (big blind) folded before Flop
Seat 4: LQ Wu folded before Flop (didn't bet)
Seat 5: SilverSatori collected ($0.12)
Seat 6: HubertusB folded before Flop (didn't bet)



PokerStars Zoom Hand #186688320567:  Hold'em No Limit ($0.02/$0.05) - 2018/05/21 21:31:46 CCT [2018/05/21 9:31:46 ET]
Table 'Donati' 6-max Seat #1 is the button
Seat 1: GRAYSPRAY ($5.07 in chips) 
Seat 2: LQ Wu ($7.08 in chips) 
Seat 3: HubertusB ($4.58 in chips) 
Seat 4: Reece1985 ($5.72 in chips) 
Seat 5: Truth711 ($5.45 in chips) 
Seat 6: I10Poker ($4.90 in chips) 
LQ Wu: posts small blind $0.02
HubertusB: posts big blind $0.05
*** HOLE CARDS ***
Dealt to HubertusB [7h 8h]
Reece1985: folds 
Truth711: folds 
I10Poker: folds 
GRAYSPRAY: folds 
LQ Wu: raises $0.10 to $0.15
HubertusB: raises $0.30 to $0.45
LQ Wu: raises $0.80 to $1.25
HubertusB: folds 
Uncalled bet ($0.80) returned to LQ Wu
LQ Wu collected $0.90 from pot
LQ Wu: doesn't show hand 
*** SUMMARY ***
Total pot $0.90 | Rake $0 
Seat 1: GRAYSPRAY (button) folded before Flop (didn't bet)
Seat 2: LQ Wu (small blind) collected ($0.90)
Seat 3: HubertusB (big blind) folded before Flop
Seat 4: Reece1985 folded before Flop (didn't bet)
Seat 5: Truth711 folded before Flop (didn't bet)
Seat 6: I10Poker folded before Flop (didn't bet)



PokerStars Zoom Hand #186688338570:  Hold'em No Limit ($0.02/$0.05) - 2018/05/21 21:32:23 CCT [2018/05/21 9:32:23 ET]
Table 'Donati' 6-max Seat #1 is the button
Seat 1: HubertusB ($4.13 in chips) 
Seat 2: Hilasmi24 ($6.48 in chips) 
Seat 3: etd.poker ($5 in chips) 
Seat 4: swimmingsu ($6.06 in chips) 
Seat 5: cazro 77 ($5.54 in chips) 
Seat 6: xainer007 ($2.41 in chips) 
Hilasmi24: posts small blind $0.02
etd.poker: posts big blind $0.05
*** HOLE CARDS ***
Dealt to HubertusB [9s 2h]
swimmingsu: folds 
cazro 77: folds 
xainer007: folds 
HubertusB: folds 
Hilasmi24: folds 
Uncalled bet ($0.03) returned to etd.poker
etd.poker collected $0.04 from pot
etd.poker: doesn't show hand 
*** SUMMARY ***
Total pot $0.04 | Rake $0 
Seat 1: HubertusB (button) folded before Flop (didn't bet)
Seat 2: Hilasmi24 (small blind) folded before Flop
Seat 3: etd.poker (big blind) collected ($0.04)
Seat 4: swimmingsu folded before Flop (didn't bet)
Seat 5: cazro 77 folded before Flop (didn't bet)
Seat 6: xainer007 folded before Flop (didn't bet)



PokerStars Zoom Hand #186688336192:  Hold'em No Limit ($0.02/$0.05) - 2018/05/21 21:32:18 CCT [2018/05/21 9:32:18 ET]
Table 'Donati' 6-max Seat #1 is the button
Seat 1: Russkiy499 ($3.35 in chips) 
Seat 2: whoisdurrrrr ($5.98 in chips) 
Seat 3: MeLLWiNN ($5.97 in chips) 
Seat 4: HubertusB ($4.13 in chips) 
Seat 5: maltrine ($5.02 in chips) 
Seat 6: draft_skille ($3.58 in chips) 
whoisdurrrrr: posts small blind $0.02
MeLLWiNN: posts big blind $0.05
*** HOLE CARDS ***
Dealt to HubertusB [3s 6d]
HubertusB: folds 
maltrine: folds 
draft_skille: folds 
Russkiy499: folds 
whoisdurrrrr: folds 
Uncalled bet ($0.03) returned to MeLLWiNN
MeLLWiNN collected $0.04 from pot
MeLLWiNN: doesn't show hand 
*** SUMMARY ***
Total pot $0.04 | Rake $0 
Seat 1: Russkiy499 (button) folded before Flop (didn't bet)
Seat 2: whoisdurrrrr (small blind) folded before Flop
Seat 3: MeLLWiNN (big blind) collected ($0.04)
Seat 4: HubertusB folded before Flop (didn't bet)
Seat 5: maltrine folded before Flop (didn't bet)
Seat 6: draft_skille folded before Flop (didn't bet)



PokerStars Zoom Hand #186688341022:  Hold'em No Limit ($0.02/$0.05) - 2018/05/21 21:32:28 CCT [2018/05/21 9:32:28 ET]
Table 'Donati' 6-max Seat #1 is the button
Seat 1: malki500 ($4.67 in chips) 
Seat 2: YakutskCity ($4.65 in chips) 
Seat 3: wessel2908 ($4.25 in chips) 
Seat 4: HubertusB ($4.13 in chips) 
Seat 5: whoisdurrrrr ($5.96 in chips) 
Seat 6: Dokerokk23 ($6.22 in chips) 
YakutskCity: posts small blind $0.02
wessel2908: posts big blind $0.05
*** HOLE CARDS ***
Dealt to HubertusB [2h Ad]
HubertusB: folds 
whoisdurrrrr: folds 
Dokerokk23: raises $0.07 to $0.12
malki500: calls $0.12
YakutskCity: folds 
wessel2908: calls $0.07
*** FLOP *** [9s 9h Ah]
wessel2908: checks 
Dokerokk23: bets $0.15
malki500: calls $0.15
wessel2908: calls $0.15
*** TURN *** [9s 9h Ah] [Ts]
wessel2908: checks 
Dokerokk23: checks 
malki500: checks 
*** RIVER *** [9s 9h Ah Ts] [Kh]
wessel2908: checks 
Dokerokk23: checks 
malki500: checks 
*** SHOW DOWN ***
wessel2908: shows [9c As] (a full house, Nines full of Aces)
Dokerokk23: mucks hand 
malki500: mucks hand 
wessel2908 collected $0.80 from pot
*** SUMMARY ***
Total pot $0.83 | Rake $0.03 
Board [9s 9h Ah Ts Kh]
Seat 1: malki500 (button) mucked [Ac Js]
Seat 2: YakutskCity (small blind) folded before Flop
Seat 3: wessel2908 (big blind) showed [9c As] and won ($0.80) with a full house, Nines full of Aces
Seat 4: HubertusB folded before Flop (didn't bet)
Seat 5: whoisdurrrrr folded before Flop (didn't bet)
Seat 6: Dokerokk23 mucked [2c 2s]



PokerStars Zoom Hand #186688344871:  Hold'em No Limit ($0.02/$0.05) - 2018/05/21 21:32:36 CCT [2018/05/21 9:32:36 ET]
Table 'Donati' 6-max Seat #1 is the button
Seat 1: LQ Wu ($7.48 in chips) 
Seat 2: Paviloco ($4.06 in chips) 
Seat 3: Gasosa420 ($6.08 in chips) 
Seat 4: MeLLWiNN ($4.07 in chips) 
Seat 5: Burkinator99 ($5.22 in chips) 
Seat 6: HubertusB ($5 in chips) 
Paviloco: posts small blind $0.02
Gasosa420: posts big blind $0.05
*** HOLE CARDS ***
Dealt to HubertusB [9h 9c]
MeLLWiNN: folds 
Burkinator99: raises $0.07 to $0.12
HubertusB: calls $0.12
LQ Wu: folds 
Paviloco: folds 
Gasosa420: folds 
*** FLOP *** [7c 3c 6d]
Burkinator99: bets $0.16
HubertusB: calls $0.16
*** TURN *** [7c 3c 6d] [9d]
Burkinator99: bets $0.48
HubertusB: raises $1.47 to $1.95
Burkinator99: calls $1.47
*** RIVER *** [7c 3c 6d 9d] [Js]
Burkinator99: checks 
HubertusB: bets $2.77 and is all-in
Burkinator99: folds 
Uncalled bet ($2.77) returned to HubertusB
HubertusB collected $4.34 from pot
HubertusB: doesn't show hand 
*** SUMMARY ***
Total pot $4.53 | Rake $0.19 
Board [7c 3c 6d 9d Js]
Seat 1: LQ Wu (button) folded before Flop (didn't bet)
Seat 2: Paviloco (small blind) folded before Flop
Seat 3: Gasosa420 (big blind) folded before Flop
Seat 4: MeLLWiNN folded before Flop (didn't bet)
Seat 5: Burkinator99 folded on the River
Seat 6: HubertusB collected ($4.34)



PokerStars Zoom Hand #186688386557:  Hold'em No Limit ($0.02/$0.05) - 2018/05/21 21:34:02 CCT [2018/05/21 9:34:02 ET]
Table 'Donati' 6-max Seat #1 is the button
Seat 1: HubertusB ($7.11 in chips) 
Seat 2: C-class man ($7.57 in chips) 
Seat 3: Marian V. 31 ($5.65 in chips) 
Seat 4: value_ftw ($5 in chips) 
Seat 5: cRaZyEiGhT85 ($19.12 in chips) 
Seat 6: C007M ($5.14 in chips) 
C-class man: posts small blind $0.02
Marian V. 31: posts big blind $0.05
*** HOLE CARDS ***
Dealt to HubertusB [3s 5s]
value_ftw: folds 
cRaZyEiGhT85: folds 
C007M: folds 
HubertusB: folds 
C-class man: folds 
Uncalled bet ($0.03) returned to Marian V. 31
Marian V. 31 collected $0.04 from pot
Marian V. 31: doesn't show hand 
*** SUMMARY ***
Total pot $0.04 | Rake $0 
Seat 1: HubertusB (button) folded before Flop (didn't bet)
Seat 2: C-class man (small blind) folded before Flop
Seat 3: Marian V. 31 (big blind) collected ($0.04)
Seat 4: value_ftw folded before Flop (didn't bet)
Seat 5: cRaZyEiGhT85 folded before Flop (didn't bet)
Seat 6: C007M folded before Flop (didn't bet)



PokerStars Zoom Hand #186688389934:  Hold'em No Limit ($0.02/$0.05) - 2018/05/21 21:34:09 CCT [2018/05/21 9:34:09 ET]
Table 'Donati' 6-max Seat #1 is the button
Seat 1: Bluecrust ($32.83 in chips) 
Seat 2: HubertusB ($7.11 in chips) 
Seat 3: tema43 ($4.53 in chips) 
Seat 4: mggL89 ($3.38 in chips) 
Seat 5: cazro 77 ($5.12 in chips) 
Seat 6: JNeoh ($16.94 in chips) 
HubertusB: posts small blind $0.02
tema43: posts big blind $0.05
*** HOLE CARDS ***
Dealt to HubertusB [5s Td]
mggL89: folds 
cazro 77: folds 
JNeoh: folds 
Bluecrust: raises $0.05 to $0.10
HubertusB: folds 
tema43: folds 
Uncalled bet ($0.05) returned to Bluecrust
Bluecrust collected $0.12 from pot
Bluecrust: doesn't show hand 
*** SUMMARY ***
Total pot $0.12 | Rake $0 
Seat 1: Bluecrust (button) collected ($0.12)
Seat 2: HubertusB (small blind) folded before Flop
Seat 3: tema43 (big blind) folded before Flop
Seat 4: mggL89 folded before Flop (didn't bet)
Seat 5: cazro 77 folded before Flop (didn't bet)
Seat 6: JNeoh folded before Flop (didn't bet)



PokerStars Zoom Hand #186688394741:  Hold'em No Limit ($0.02/$0.05) - 2018/05/21 21:34:19 CCT [2018/05/21 9:34:19 ET]
Table 'Donati' 6-max Seat #1 is the button
Seat 1: smudge120681 ($5 in chips) 
Seat 2: Theodore.t89 ($5.02 in chips) 
Seat 3: HubertusB ($7.09 in chips) 
Seat 4: mopsrenat ($5.24 in chips) 
Seat 5: richymen_15 ($5.14 in chips) 
Seat 6: $ly4ss ($10.27 in chips) 
Theodore.t89: posts small blind $0.02
HubertusB: posts big blind $0.05
*** HOLE CARDS ***
Dealt to HubertusB [7h 2d]
mopsrenat: folds 
richymen_15: folds 
$ly4ss: folds 
smudge120681: raises $0.14 to $0.19
Theodore.t89: folds 
HubertusB: folds 
Uncalled bet ($0.14) returned to smudge120681
smudge120681 collected $0.12 from pot
smudge120681: doesn't show hand 
*** SUMMARY ***
Total pot $0.12 | Rake $0 
Seat 1: smudge120681 (button) collected ($0.12)
Seat 2: Theodore.t89 (small blind) folded before Flop
Seat 3: HubertusB (big blind) folded before Flop
Seat 4: mopsrenat folded before Flop (didn't bet)
Seat 5: richymen_15 folded before Flop (didn't bet)
Seat 6: $ly4ss folded before Flop (didn't bet)



PokerStars Zoom Hand #186688402004:  Hold'em No Limit ($0.02/$0.05) - 2018/05/21 21:34:34 CCT [2018/05/21 9:34:34 ET]
Table 'Donati' 6-max Seat #1 is the button
Seat 1: AndreiJacob ($6.32 in chips) 
Seat 2: Aristovoulos ($5.41 in chips) 
Seat 3: at fish ($5.79 in chips) 
Seat 4: FACCHETADE$ ($4.52 in chips) 
Seat 5: HubertusB ($7.04 in chips) 
Seat 6: ninix17 ($5.40 in chips) 
Aristovoulos: posts small blind $0.02
at fish: posts big blind $0.05
*** HOLE CARDS ***
Dealt to HubertusB [5c Jc]
FACCHETADE$: folds 
HubertusB: folds 
ninix17: folds 
AndreiJacob: raises $0.05 to $0.10
Aristovoulos: folds 
at fish: folds 
Uncalled bet ($0.05) returned to AndreiJacob
AndreiJacob collected $0.12 from pot
AndreiJacob: doesn't show hand 
*** SUMMARY ***
Total pot $0.12 | Rake $0 
Seat 1: AndreiJacob (button) collected ($0.12)
Seat 2: Aristovoulos (small blind) folded before Flop
Seat 3: at fish (big blind) folded before Flop
Seat 4: FACCHETADE$ folded before Flop (didn't bet)
Seat 5: HubertusB folded before Flop (didn't bet)
Seat 6: ninix17 folded before Flop (didn't bet)



PokerStars Zoom Hand #186688404379:  Hold'em No Limit ($0.02/$0.05) - 2018/05/21 21:34:39 CCT [2018/05/21 9:34:39 ET]
Table 'Donati' 6-max Seat #1 is the button
Seat 1: svererii ($8.64 in chips) 
Seat 2: richymen_15 ($5.75 in chips) 
Seat 3: HubertusB ($7.04 in chips) 
Seat 4: HajluM ($7.61 in chips) 
Seat 5: Draugsvoll ($5.02 in chips) 
Seat 6: serge87100 ($7.72 in chips) 
richymen_15: posts small blind $0.02
HubertusB: posts big blind $0.05
*** HOLE CARDS ***
Dealt to HubertusB [3d Jd]
HajluM: folds 
Draugsvoll: folds 
serge87100: folds 
svererii: folds 
richymen_15: raises $0.07 to $0.12
HubertusB: folds 
Uncalled bet ($0.07) returned to richymen_15
richymen_15 collected $0.10 from pot
richymen_15: doesn't show hand 
*** SUMMARY ***
Total pot $0.10 | Rake $0 
Seat 1: svererii (button) folded before Flop (didn't bet)
Seat 2: richymen_15 (small blind) collected ($0.10)
Seat 3: HubertusB (big blind) folded before Flop
Seat 4: HajluM folded before Flop (didn't bet)
Seat 5: Draugsvoll folded before Flop (didn't bet)
Seat 6: serge87100 folded before Flop (didn't bet)



PokerStars Zoom Hand #186688399131:  Hold'em No Limit ($0.02/$0.05) - 2018/05/21 21:34:28 CCT [2018/05/21 9:34:28 ET]
Table 'Donati' 6-max Seat #1 is the button
Seat 1: Rusherito87 ($5 in chips) 
Seat 2: maltrine ($5.01 in chips) 
Seat 3: iClementee ($2.30 in chips) 
Seat 4: SereGka228 ($5.82 in chips) 
Seat 5: HubertusB ($7.04 in chips) 
Seat 6: dvernik ($5.92 in chips) 
maltrine: posts small blind $0.02
iClementee: posts big blind $0.05
*** HOLE CARDS ***
Dealt to HubertusB [8c 3s]
SereGka228: folds 
HubertusB: folds 
dvernik: folds 
Rusherito87: raises $0.05 to $0.10
maltrine: folds 
iClementee: calls $0.05
*** FLOP *** [7h As 7d]
iClementee: checks 
Rusherito87: bets $0.16
iClementee: folds 
Uncalled bet ($0.16) returned to Rusherito87
Rusherito87 collected $0.21 from pot
Rusherito87: doesn't show hand 
*** SUMMARY ***
Total pot $0.22 | Rake $0.01 
Board [7h As 7d]
Seat 1: Rusherito87 (button) collected ($0.21)
Seat 2: maltrine (small blind) folded before Flop
Seat 3: iClementee (big blind) folded on the Flop
Seat 4: SereGka228 folded before Flop (didn't bet)
Seat 5: HubertusB folded before Flop (didn't bet)
Seat 6: dvernik folded before Flop (didn't bet)



PokerStars Zoom Hand #186688411629:  Hold'em No Limit ($0.02/$0.05) - 2018/05/21 21:34:54 CCT [2018/05/21 9:34:54 ET]
Table 'Donati' 6-max Seat #1 is the button
Seat 1: HubertusB ($6.99 in chips) 
Seat 2: józsef188 ($24.73 in chips) 
Seat 3: Zarnica ($5.71 in chips) 
Seat 4: XXXiao ($5.16 in chips) 
Seat 5: Dyadya17 ($0.76 in chips) 
Seat 6: Cadu_171 ($7.15 in chips) 
józsef188: posts small blind $0.02
Zarnica: posts big blind $0.05
*** HOLE CARDS ***
Dealt to HubertusB [Qc Qh]
XXXiao: folds 
Dyadya17: folds 
Cadu_171: folds 
HubertusB: raises $0.05 to $0.10
józsef188: folds 
Zarnica: folds 
Uncalled bet ($0.05) returned to HubertusB
HubertusB collected $0.12 from pot
HubertusB: doesn't show hand 
*** SUMMARY ***
Total pot $0.12 | Rake $0 
Seat 1: HubertusB (button) collected ($0.12)
Seat 2: józsef188 (small blind) folded before Flop
Seat 3: Zarnica (big blind) folded before Flop
Seat 4: XXXiao folded before Flop (didn't bet)
Seat 5: Dyadya17 folded before Flop (didn't bet)
Seat 6: Cadu_171 folded before Flop (didn't bet)



PokerStars Zoom Hand #186688424731:  Hold'em No Limit ($0.02/$0.05) - 2018/05/21 21:35:21 CCT [2018/05/21 9:35:21 ET]
Table 'Donati' 6-max Seat #1 is the button
Seat 1: PiNe4ppLe ($6.29 in chips) 
Seat 2: mariusghet12 ($2.30 in chips) 
Seat 3: KenTanimura ($5 in chips) 
Seat 4: Dokerokk23 ($22.60 in chips) 
Seat 5: Vakaris22 ($4.98 in chips) 
Seat 6: HubertusB ($7.04 in chips) 
mariusghet12: posts small blind $0.02
KenTanimura: posts big blind $0.05
*** HOLE CARDS ***
Dealt to HubertusB [Tc 7d]
Dokerokk23: raises $0.10 to $0.15
Vakaris22: folds 
HubertusB: folds 
PiNe4ppLe: folds 
mariusghet12: folds 
KenTanimura: folds 
Uncalled bet ($0.10) returned to Dokerokk23
Dokerokk23 collected $0.12 from pot
Dokerokk23: doesn't show hand 
*** SUMMARY ***
Total pot $0.12 | Rake $0 
Seat 1: PiNe4ppLe (button) folded before Flop (didn't bet)
Seat 2: mariusghet12 (small blind) folded before Flop
Seat 3: KenTanimura (big blind) folded before Flop
Seat 4: Dokerokk23 collected ($0.12)
Seat 5: Vakaris22 folded before Flop (didn't bet)
Seat 6: HubertusB folded before Flop (didn't bet)



PokerStars Zoom Hand #186688422328:  Hold'em No Limit ($0.02/$0.05) - 2018/05/21 21:35:16 CCT [2018/05/21 9:35:16 ET]
Table 'Donati' 6-max Seat #1 is the button
Seat 1: trelogiatrs3 ($8.49 in chips) 
Seat 2: HubertusB ($7.06 in chips) 
Seat 3: jason032323 ($5 in chips) 
Seat 4: cindy.c0235 ($6.04 in chips) 
Seat 5: value_ftw ($8.88 in chips) 
Seat 6: RAIN_ACID ($5.13 in chips) 
HubertusB: posts small blind $0.02
jason032323: posts big blind $0.05
*** HOLE CARDS ***
Dealt to HubertusB [4s Js]
cindy.c0235: folds 
value_ftw: folds 
RAIN_ACID: raises $0.10 to $0.15
trelogiatrs3: calls $0.15
HubertusB: folds 
jason032323: folds 
*** FLOP *** [5d 4c 8c]
RAIN_ACID: bets $0.25
trelogiatrs3: calls $0.25
*** TURN *** [5d 4c 8c] [Ah]
RAIN_ACID: checks 
trelogiatrs3: bets $0.25
RAIN_ACID: folds 
Uncalled bet ($0.25) returned to trelogiatrs3
trelogiatrs3 collected $0.83 from pot
trelogiatrs3: doesn't show hand 
*** SUMMARY ***
Total pot $0.87 | Rake $0.04 
Board [5d 4c 8c Ah]
Seat 1: trelogiatrs3 (button) collected ($0.83)
Seat 2: HubertusB (small blind) folded before Flop
Seat 3: jason032323 (big blind) folded before Flop
Seat 4: cindy.c0235 folded before Flop (didn't bet)
Seat 5: value_ftw folded before Flop (didn't bet)
Seat 6: RAIN_ACID folded on the Turn



PokerStars Zoom Hand #186688434935:  Hold'em No Limit ($0.02/$0.05) - 2018/05/21 21:35:42 CCT [2018/05/21 9:35:42 ET]
Table 'Donati' 6-max Seat #1 is the button
Seat 1: Chicago1988 ($3.78 in chips) 
Seat 2: HubertusB ($7.04 in chips) 
Seat 3: prm4life ($5.20 in chips) 
Seat 4: progre$$or ($5.79 in chips) 
Seat 5: KAMALETDINOV ($5.04 in chips) 
Seat 6: Matty Tuna ($3.11 in chips) 
HubertusB: posts small blind $0.02
prm4life: posts big blind $0.05
*** HOLE CARDS ***
Dealt to HubertusB [2h 3s]
progre$$or: folds 
KAMALETDINOV: folds 
Matty Tuna: folds 
Chicago1988: raises $0.10 to $0.15
HubertusB: folds 
prm4life: folds 
Uncalled bet ($0.10) returned to Chicago1988
Chicago1988 collected $0.12 from pot
Chicago1988: doesn't show hand 
*** SUMMARY ***
Total pot $0.12 | Rake $0 
Seat 1: Chicago1988 (button) collected ($0.12)
Seat 2: HubertusB (small blind) folded before Flop
Seat 3: prm4life (big blind) folded before Flop
Seat 4: progre$$or folded before Flop (didn't bet)
Seat 5: KAMALETDINOV folded before Flop (didn't bet)
Seat 6: Matty Tuna folded before Flop (didn't bet)



PokerStars Zoom Hand #186688438339:  Hold'em No Limit ($0.02/$0.05) - 2018/05/21 21:35:49 CCT [2018/05/21 9:35:49 ET]
Table 'Donati' 6-max Seat #1 is the button
Seat 1: HubertusB ($7.02 in chips) 
Seat 2: Timxx7 ($5.29 in chips) 
Seat 3: BL4CK11 ($8.04 in chips) 
Seat 4: bolseiroo ($6.27 in chips) 
Seat 5: xiazhen ($5.80 in chips) 
Seat 6: DarkAngels23 ($10.44 in chips) 
Timxx7: posts small blind $0.02
BL4CK11: posts big blind $0.05
*** HOLE CARDS ***
Dealt to HubertusB [8d 5s]
bolseiroo: folds 
xiazhen: folds 
DarkAngels23: folds 
HubertusB: folds 
Timxx7: folds 
Uncalled bet ($0.03) returned to BL4CK11
BL4CK11 collected $0.04 from pot
BL4CK11: doesn't show hand 
*** SUMMARY ***
Total pot $0.04 | Rake $0 
Seat 1: HubertusB (button) folded before Flop (didn't bet)
Seat 2: Timxx7 (small blind) folded before Flop
Seat 3: BL4CK11 (big blind) collected ($0.04)
Seat 4: bolseiroo folded before Flop (didn't bet)
Seat 5: xiazhen folded before Flop (didn't bet)
Seat 6: DarkAngels23 folded before Flop (didn't bet)



PokerStars Zoom Hand #186688429140:  Hold'em No Limit ($0.02/$0.05) - 2018/05/21 21:35:30 CCT [2018/05/21 9:35:30 ET]
Table 'Donati' 6-max Seat #1 is the button
Seat 1: Fysio_Logia ($10.55 in chips) 
Seat 2: TULYA 15 ($7.64 in chips) 
Seat 3: XXXiao ($37.61 in chips) 
Seat 4: HubertusB ($7.04 in chips) 
Seat 5: Myp3_007 ($6.42 in chips) 
Seat 6: belgas33 ($5.86 in chips) 
TULYA 15: posts small blind $0.02
XXXiao: posts big blind $0.05
*** HOLE CARDS ***
Dealt to HubertusB [8s 9d]
HubertusB: folds 
Myp3_007: folds 
belgas33: folds 
Fysio_Logia: raises $0.07 to $0.12
TULYA 15: raises $0.28 to $0.40
XXXiao: folds 
Fysio_Logia: folds 
Uncalled bet ($0.28) returned to TULYA 15
TULYA 15 collected $0.29 from pot
TULYA 15: doesn't show hand 
*** SUMMARY ***
Total pot $0.29 | Rake $0 
Seat 1: Fysio_Logia (button) folded before Flop
Seat 2: TULYA 15 (small blind) collected ($0.29)
Seat 3: XXXiao (big blind) folded before Flop
Seat 4: HubertusB folded before Flop (didn't bet)
Seat 5: Myp3_007 folded before Flop (didn't bet)
Seat 6: belgas33 folded before Flop (didn't bet)



PokerStars Zoom Hand #186688445710:  Hold'em No Limit ($0.02/$0.05) - 2018/05/21 21:36:04 CCT [2018/05/21 9:36:04 ET]
Table 'Donati' 6-max Seat #1 is the button
Seat 1: sword Honjo ($6.28 in chips) 
Seat 2: cRaZyEiGhT85 ($8.84 in chips) 
Seat 3: HubertusB ($7.02 in chips) 
Seat 4: Scaramouge ($5.75 in chips) 
Seat 5: richymen_15 ($5.05 in chips) 
Seat 6: HajluM ($8.11 in chips) 
cRaZyEiGhT85: posts small blind $0.02
HubertusB: posts big blind $0.05
*** HOLE CARDS ***
Dealt to HubertusB [4h 8c]
Scaramouge: folds 
richymen_15: folds 
HajluM: folds 
sword Honjo: folds 
cRaZyEiGhT85: folds 
Uncalled bet ($0.03) returned to HubertusB
HubertusB collected $0.04 from pot
HubertusB: doesn't show hand 
*** SUMMARY ***
Total pot $0.04 | Rake $0 
Seat 1: sword Honjo (button) folded before Flop (didn't bet)
Seat 2: cRaZyEiGhT85 (small blind) folded before Flop
Seat 3: HubertusB (big blind) collected ($0.04)
Seat 4: Scaramouge folded before Flop (didn't bet)
Seat 5: richymen_15 folded before Flop (didn't bet)
Seat 6: HajluM folded before Flop (didn't bet)



PokerStars Zoom Hand #186688451055:  Hold'em No Limit ($0.02/$0.05) - 2018/05/21 21:36:15 CCT [2018/05/21 9:36:15 ET]
Table 'Donati' 6-max Seat #1 is the button
Seat 1: SwordsDugu ($5.40 in chips) 
Seat 2: progre$$or ($6.26 in chips) 
Seat 3: vmvmihail ($5.12 in chips) 
Seat 4: cRaZyEiGhT85 ($19.81 in chips) 
Seat 5: TheFibonachi ($5.19 in chips) 
Seat 6: HubertusB ($7.04 in chips) 
progre$$or: posts small blind $0.02
vmvmihail: posts big blind $0.05
*** HOLE CARDS ***
Dealt to HubertusB [3d 6d]
cRaZyEiGhT85: folds 
TheFibonachi: folds 
HubertusB: folds 
SwordsDugu: raises $0.07 to $0.12
progre$$or: folds 
vmvmihail: raises $0.40 to $0.52
SwordsDugu: folds 
Uncalled bet ($0.40) returned to vmvmihail
vmvmihail collected $0.26 from pot
vmvmihail: doesn't show hand 
*** SUMMARY ***
Total pot $0.26 | Rake $0 
Seat 1: SwordsDugu (button) folded before Flop
Seat 2: progre$$or (small blind) folded before Flop
Seat 3: vmvmihail (big blind) collected ($0.26)
Seat 4: cRaZyEiGhT85 folded before Flop (didn't bet)
Seat 5: TheFibonachi folded before Flop (didn't bet)
Seat 6: HubertusB folded before Flop (didn't bet)



PokerStars Zoom Hand #186688453430:  Hold'em No Limit ($0.02/$0.05) - 2018/05/21 21:36:20 CCT [2018/05/21 9:36:20 ET]
Table 'Donati' 6-max Seat #1 is the button
Seat 1: TheFibonachi ($5.19 in chips) 
Seat 2: tokigori ($8.06 in chips) 
Seat 3: VADIM25011 ($14.18 in chips) 
Seat 4: r4ulz1n ($7.72 in chips) 
Seat 5: HubertusB ($7.04 in chips) 
Seat 6: mopsrenat ($5.10 in chips) 
tokigori: posts small blind $0.02
VADIM25011: posts big blind $0.05
*** HOLE CARDS ***
Dealt to HubertusB [5s 4d]
r4ulz1n: folds 
HubertusB has timed out
HubertusB: folds 
mopsrenat: raises $0.10 to $0.15
TheFibonachi: folds 
tokigori: folds 
VADIM25011: folds 
Uncalled bet ($0.10) returned to mopsrenat
mopsrenat collected $0.12 from pot
mopsrenat: doesn't show hand 
*** SUMMARY ***
Total pot $0.12 | Rake $0 
Seat 1: TheFibonachi (button) folded before Flop (didn't bet)
Seat 2: tokigori (small blind) folded before Flop
Seat 3: VADIM25011 (big blind) folded before Flop
Seat 4: r4ulz1n folded before Flop (didn't bet)
Seat 5: HubertusB folded before Flop (didn't bet)
Seat 6: mopsrenat collected ($0.12)



PokerStars Zoom Hand #186688465507:  Hold'em No Limit ($0.02/$0.05) - 2018/05/21 21:36:45 CCT [2018/05/21 9:36:45 ET]
Table 'Donati' 6-max Seat #1 is the button
Seat 1: RAIN_ACID ($3.63 in chips) 
Seat 2: mr.taverner ($6.63 in chips) 
Seat 3: Joji_137 ($4.63 in chips) 
Seat 4: HubertusB ($7.04 in chips) 
Seat 5: slob43.ru ($3.70 in chips) 
Seat 6: Fallen Ang00 ($4.71 in chips) 
mr.taverner: posts small blind $0.02
Joji_137: posts big blind $0.05
*** HOLE CARDS ***
Dealt to HubertusB [7c Js]
HubertusB: folds 
slob43.ru: folds 
Fallen Ang00: raises $0.10 to $0.15
RAIN_ACID: folds 
mr.taverner: folds 
Joji_137: calls $0.10
*** FLOP *** [2d 2c Kh]
Joji_137: bets $0.10
Fallen Ang00: calls $0.10
*** TURN *** [2d 2c Kh] [7s]
Joji_137: checks 
Fallen Ang00: checks 
*** RIVER *** [2d 2c Kh 7s] [4h]
Joji_137: bets $0.38
Fallen Ang00: calls $0.38
*** SHOW DOWN ***
Joji_137: shows [As 4s] (two pair, Fours and Deuces)
Fallen Ang00: mucks hand 
Joji_137 collected $1.23 from pot
*** SUMMARY ***
Total pot $1.28 | Rake $0.05 
Board [2d 2c Kh 7s 4h]
Seat 1: RAIN_ACID (button) folded before Flop (didn't bet)
Seat 2: mr.taverner (small blind) folded before Flop
Seat 3: Joji_137 (big blind) showed [As 4s] and won ($1.23) with two pair, Fours and Deuces
Seat 4: HubertusB folded before Flop (didn't bet)
Seat 5: slob43.ru folded before Flop (didn't bet)
Seat 6: Fallen Ang00 mucked [Ac Tc]



PokerStars Zoom Hand #186688468445:  Hold'em No Limit ($0.02/$0.05) - 2018/05/21 21:36:51 CCT [2018/05/21 9:36:51 ET]
Table 'Donati' 6-max Seat #1 is the button
Seat 1: Raika_364 ($5 in chips) 
Seat 2: HubertusB ($7.04 in chips) 
Seat 3: Omicron333 ($7.83 in chips) 
Seat 4: Guzyaka ($5 in chips) 
Seat 5: mariusghet12 ($4.21 in chips) 
Seat 6: 90_Dustin_90 ($5.86 in chips) 
HubertusB: posts small blind $0.02
Omicron333: posts big blind $0.05
*** HOLE CARDS ***
Dealt to HubertusB [7d 6s]
Guzyaka has timed out
Guzyaka: folds 
mariusghet12: folds 
90_Dustin_90: raises $0.05 to $0.10
Raika_364: folds 
HubertusB: folds 
Omicron333: calls $0.05
*** FLOP *** [Jh Kd 7s]
Omicron333: checks 
90_Dustin_90: bets $0.21
Omicron333: folds 
Uncalled bet ($0.21) returned to 90_Dustin_90
90_Dustin_90 collected $0.21 from pot
90_Dustin_90: doesn't show hand 
*** SUMMARY ***
Total pot $0.22 | Rake $0.01 
Board [Jh Kd 7s]
Seat 1: Raika_364 (button) folded before Flop (didn't bet)
Seat 2: HubertusB (small blind) folded before Flop
Seat 3: Omicron333 (big blind) folded on the Flop
Seat 4: Guzyaka folded before Flop (didn't bet)
Seat 5: mariusghet12 folded before Flop (didn't bet)
Seat 6: 90_Dustin_90 collected ($0.21)



PokerStars Zoom Hand #186688488309:  Hold'em No Limit ($0.02/$0.05) - 2018/05/21 21:37:32 CCT [2018/05/21 9:37:32 ET]
Table 'Donati' 6-max Seat #1 is the button
Seat 1: luka1981good ($5 in chips) 
Seat 2: DirtyDeedz1 ($8.29 in chips) 
Seat 3: HubertusB ($7.02 in chips) 
Seat 4: Tony GG1 ($4.13 in chips) 
Seat 5: kukkertje ($5.53 in chips) 
Seat 6: kust86 ($1.91 in chips) 
DirtyDeedz1: posts small blind $0.02
HubertusB: posts big blind $0.05
*** HOLE CARDS ***
Dealt to HubertusB [3h Ac]
Tony GG1: folds 
kukkertje: folds 
kust86: folds 
luka1981good: folds 
DirtyDeedz1: raises $0.10 to $0.15
HubertusB: folds 
Uncalled bet ($0.10) returned to DirtyDeedz1
DirtyDeedz1 collected $0.10 from pot
DirtyDeedz1: doesn't show hand 
*** SUMMARY ***
Total pot $0.10 | Rake $0 
Seat 1: luka1981good (button) folded before Flop (didn't bet)
Seat 2: DirtyDeedz1 (small blind) collected ($0.10)
Seat 3: HubertusB (big blind) folded before Flop
Seat 4: Tony GG1 folded before Flop (didn't bet)
Seat 5: kukkertje folded before Flop (didn't bet)
Seat 6: kust86 folded before Flop (didn't bet)



PokerStars Zoom Hand #186688485838:  Hold'em No Limit ($0.02/$0.05) - 2018/05/21 21:37:27 CCT [2018/05/21 9:37:27 ET]
Table 'Donati' 6-max Seat #1 is the button
Seat 1: Tobiashi05 ($4.82 in chips) 
Seat 2: dennis.wdw ($7.86 in chips) 
Seat 3: kija333 ($5.62 in chips) 
Seat 4: HubertusB ($7.02 in chips) 
Seat 5: Timxx7 ($5.28 in chips) 
Seat 6: Landmark7 ($6.56 in chips) 
dennis.wdw: posts small blind $0.02
kija333: posts big blind $0.05
*** HOLE CARDS ***
Dealt to HubertusB [8h 9c]
HubertusB: folds 
Timxx7: raises $0.07 to $0.12
Landmark7: folds 
Tobiashi05: folds 
dennis.wdw: calls $0.10
kija333: calls $0.07
*** FLOP *** [4s 3s 3h]
dennis.wdw: checks 
kija333: bets $0.10
Timxx7: folds 
dennis.wdw: folds 
Uncalled bet ($0.10) returned to kija333
kija333 collected $0.35 from pot
kija333: doesn't show hand 
*** SUMMARY ***
Total pot $0.36 | Rake $0.01 
Board [4s 3s 3h]
Seat 1: Tobiashi05 (button) folded before Flop (didn't bet)
Seat 2: dennis.wdw (small blind) folded on the Flop
Seat 3: kija333 (big blind) collected ($0.35)
Seat 4: HubertusB folded before Flop (didn't bet)
Seat 5: Timxx7 folded on the Flop
Seat 6: Landmark7 folded before Flop (didn't bet)



PokerStars Zoom Hand #186688481992:  Hold'em No Limit ($0.02/$0.05) - 2018/05/21 21:37:19 CCT [2018/05/21 9:37:19 ET]
Table 'Donati' 6-max Seat #1 is the button
Seat 1: eliasfleitas ($5.23 in chips) 
Seat 2: GGssmeda ($10.22 in chips) 
Seat 3: DylanMoran ($6.86 in chips) 
Seat 4: Timxx7 ($5 in chips) 
Seat 5: HubertusB ($7.02 in chips) 
Seat 6: $ly4ss ($7.38 in chips) 
GGssmeda: posts small blind $0.02
DylanMoran: posts big blind $0.05
*** HOLE CARDS ***
Dealt to HubertusB [3d Js]
Timxx7: folds 
HubertusB: folds 
$ly4ss: folds 
eliasfleitas: folds 
GGssmeda: raises $0.07 to $0.12
DylanMoran: raises $0.28 to $0.40
GGssmeda: calls $0.28
*** FLOP *** [3h Td 8h]
GGssmeda: checks 
DylanMoran: checks 
*** TURN *** [3h Td 8h] [Qs]
GGssmeda: checks 
DylanMoran: bets $0.40
GGssmeda: raises $0.80 to $1.20
DylanMoran: calls $0.80
*** RIVER *** [3h Td 8h Qs] [Kc]
GGssmeda: checks 
DylanMoran: checks 
*** SHOW DOWN ***
GGssmeda: shows [8s 8c] (three of a kind, Eights)
DylanMoran: mucks hand 
GGssmeda collected $3.07 from pot
*** SUMMARY ***
Total pot $3.20 | Rake $0.13 
Board [3h Td 8h Qs Kc]
Seat 1: eliasfleitas (button) folded before Flop (didn't bet)
Seat 2: GGssmeda (small blind) showed [8s 8c] and won ($3.07) with three of a kind, Eights
Seat 3: DylanMoran (big blind) mucked [Qd Ad]
Seat 4: Timxx7 folded before Flop (didn't bet)
Seat 5: HubertusB folded before Flop (didn't bet)
Seat 6: $ly4ss folded before Flop (didn't bet)



PokerStars Zoom Hand #186688494246:  Hold'em No Limit ($0.02/$0.05) - 2018/05/21 21:37:44 CCT [2018/05/21 9:37:44 ET]
Table 'Donati' 6-max Seat #1 is the button
Seat 1: HubertusB ($6.97 in chips) 
Seat 2: Phil Ounce ($7.40 in chips) 
Seat 3: joker_95rus ($27.16 in chips) 
Seat 4: theJEDImonK ($6.07 in chips) 
Seat 5: JNeoh ($5.02 in chips) 
Seat 6: Timxx7 ($5.54 in chips) 
Phil Ounce: posts small blind $0.02
joker_95rus: posts big blind $0.05
*** HOLE CARDS ***
Dealt to HubertusB [Kc Js]
theJEDImonK: folds 
JNeoh: folds 
Timxx7: folds 
HubertusB: raises $0.05 to $0.10
Phil Ounce: calls $0.08
joker_95rus: raises $0.30 to $0.40
HubertusB: folds 
Phil Ounce: folds 
Uncalled bet ($0.30) returned to joker_95rus
joker_95rus collected $0.30 from pot
joker_95rus: doesn't show hand 
*** SUMMARY ***
Total pot $0.30 | Rake $0 
Seat 1: HubertusB (button) folded before Flop
Seat 2: Phil Ounce (small blind) folded before Flop
Seat 3: joker_95rus (big blind) collected ($0.30)
Seat 4: theJEDImonK folded before Flop (didn't bet)
Seat 5: JNeoh folded before Flop (didn't bet)
Seat 6: Timxx7 folded before Flop (didn't bet)



PokerStars Zoom Hand #186688511136:  Hold'em No Limit ($0.02/$0.05) - 2018/05/21 21:38:19 CCT [2018/05/21 9:38:19 ET]
Table 'Donati' 6-max Seat #1 is the button
Seat 1: zopyrik88 ($10.51 in chips) 
Seat 2: threeson ($4.95 in chips) 
Seat 3: Spudzoe ($6.22 in chips) 
Seat 4: Xibaze ($5.33 in chips) 
Seat 5: luka1981good ($5.05 in chips) 
Seat 6: HubertusB ($6.87 in chips) 
threeson: posts small blind $0.02
Spudzoe: posts big blind $0.05
*** HOLE CARDS ***
Dealt to HubertusB [2c 3d]
Xibaze: folds 
luka1981good: folds 
HubertusB: folds 
zopyrik88: raises $0.06 to $0.11
threeson: folds 
Spudzoe: folds 
Uncalled bet ($0.06) returned to zopyrik88
zopyrik88 collected $0.12 from pot
zopyrik88: doesn't show hand 
*** SUMMARY ***
Total pot $0.12 | Rake $0 
Seat 1: zopyrik88 (button) collected ($0.12)
Seat 2: threeson (small blind) folded before Flop
Seat 3: Spudzoe (big blind) folded before Flop
Seat 4: Xibaze folded before Flop (didn't bet)
Seat 5: luka1981good folded before Flop (didn't bet)
Seat 6: HubertusB folded before Flop (didn't bet)



PokerStars Zoom Hand #186688519853:  Hold'em No Limit ($0.02/$0.05) - 2018/05/21 21:38:37 CCT [2018/05/21 9:38:37 ET]
Table 'Donati' 6-max Seat #1 is the button
Seat 1: lupue0705 ($8.38 in chips) 
Seat 2: ILNAZ2307 ($4.95 in chips) 
Seat 3: opilaso ($4.77 in chips) 
Seat 4: 1Sania1 ($5.52 in chips) 
Seat 5: $ly4ss ($10.88 in chips) 
Seat 6: HubertusB ($6.85 in chips) 
ILNAZ2307: posts small blind $0.02
opilaso: posts big blind $0.05
*** HOLE CARDS ***
Dealt to HubertusB [Ac Th]
1Sania1: folds 
$ly4ss: folds 
HubertusB: raises $0.07 to $0.12
lupue0705: folds 
ILNAZ2307: folds 
opilaso: folds 
Uncalled bet ($0.07) returned to HubertusB
HubertusB collected $0.12 from pot
HubertusB: doesn't show hand 
*** SUMMARY ***
Total pot $0.12 | Rake $0 
Seat 1: lupue0705 (button) folded before Flop (didn't bet)
Seat 2: ILNAZ2307 (small blind) folded before Flop
Seat 3: opilaso (big blind) folded before Flop
Seat 4: 1Sania1 folded before Flop (didn't bet)
Seat 5: $ly4ss folded before Flop (didn't bet)
Seat 6: HubertusB collected ($0.12)



PokerStars Zoom Hand #186688515088:  Hold'em No Limit ($0.02/$0.05) - 2018/05/21 21:38:27 CCT [2018/05/21 9:38:27 ET]
Table 'Donati' 6-max Seat #1 is the button
Seat 1: cRaZyEiGhT85 ($5 in chips) 
Seat 2: HubertusB ($6.87 in chips) 
Seat 3: VladTim ($5.25 in chips) 
Seat 4: wessel2908 ($5.09 in chips) 
Seat 5: H.-Dietrich ($11.81 in chips) 
Seat 6: bolseiroo ($5.09 in chips) 
HubertusB: posts small blind $0.02
VladTim: posts big blind $0.05
*** HOLE CARDS ***
Dealt to HubertusB [4d 2d]
wessel2908: raises $0.10 to $0.15
H.-Dietrich: folds 
bolseiroo: folds 
cRaZyEiGhT85: folds 
HubertusB: folds 
VladTim: calls $0.10
*** FLOP *** [6s 8h 5s]
VladTim: checks 
wessel2908: bets $0.20
VladTim: calls $0.20
*** TURN *** [6s 8h 5s] [4c]
VladTim: checks 
wessel2908: checks 
*** RIVER *** [6s 8h 5s 4c] [Qc]
VladTim: checks 
wessel2908: bets $0.45
VladTim: calls $0.45
*** SHOW DOWN ***
wessel2908: shows [Jd Th] (high card Queen)
VladTim: shows [6h 6d] (three of a kind, Sixes)
VladTim collected $1.55 from pot
*** SUMMARY ***
Total pot $1.62 | Rake $0.07 
Board [6s 8h 5s 4c Qc]
Seat 1: cRaZyEiGhT85 (button) folded before Flop (didn't bet)
Seat 2: HubertusB (small blind) folded before Flop
Seat 3: VladTim (big blind) showed [6h 6d] and won ($1.55) with three of a kind, Sixes
Seat 4: wessel2908 showed [Jd Th] and lost with high card Queen
Seat 5: H.-Dietrich folded before Flop (didn't bet)
Seat 6: bolseiroo folded before Flop (didn't bet)



PokerStars Zoom Hand #186688527545:  Hold'em No Limit ($0.02/$0.05) - 2018/05/21 21:38:53 CCT [2018/05/21 9:38:53 ET]
Table 'Donati' 6-max Seat #1 is the button
Seat 1: HubertusB ($6.92 in chips) 
Seat 2: osfp7john ($4.36 in chips) 
Seat 3: Reesor01 ($5 in chips) 
Seat 4: MeLLWiNN ($4.97 in chips) 
Seat 5: Timxx7 ($5.40 in chips) 
Seat 6: andreylecar ($3.29 in chips) 
osfp7john: posts small blind $0.02
Reesor01: posts big blind $0.05
*** HOLE CARDS ***
Dealt to HubertusB [9s 7d]
MeLLWiNN: folds 
Timxx7: folds 
andreylecar: folds 
HubertusB: folds 
osfp7john: raises $0.06 to $0.11
Reesor01: calls $0.06
*** FLOP *** [Ks 3h 7s]
osfp7john: bets $0.15
Reesor01: calls $0.15
*** TURN *** [Ks 3h 7s] [Qh]
osfp7john: bets $0.30
Reesor01: folds 
Uncalled bet ($0.30) returned to osfp7john
osfp7john collected $0.50 from pot
osfp7john: doesn't show hand 
*** SUMMARY ***
Total pot $0.52 | Rake $0.02 
Board [Ks 3h 7s Qh]
Seat 1: HubertusB (button) folded before Flop (didn't bet)
Seat 2: osfp7john (small blind) collected ($0.50)
Seat 3: Reesor01 (big blind) folded on the Turn
Seat 4: MeLLWiNN folded before Flop (didn't bet)
Seat 5: Timxx7 folded before Flop (didn't bet)
Seat 6: andreylecar folded before Flop (didn't bet)



PokerStars Zoom Hand #186688539633:  Hold'em No Limit ($0.02/$0.05) - 2018/05/21 21:39:18 CCT [2018/05/21 9:39:18 ET]
Table 'Donati' 6-max Seat #1 is the button
Seat 1: Fredchie ($13.94 in chips) 
Seat 2: tumo1326 ($5.52 in chips) 
Seat 3: HubertusB ($6.92 in chips) 
Seat 4: richymen_15 ($5 in chips) 
Seat 5: vmvmihail ($7.41 in chips) 
Seat 6: lupue0705 ($8.43 in chips) 
tumo1326: posts small blind $0.02
HubertusB: posts big blind $0.05
*** HOLE CARDS ***
Dealt to HubertusB [7c 9d]
richymen_15: folds 
vmvmihail: folds 
lupue0705: folds 
Fredchie: folds 
tumo1326: raises $0.10 to $0.15
HubertusB: folds 
Uncalled bet ($0.10) returned to tumo1326
tumo1326 collected $0.10 from pot
tumo1326: doesn't show hand 
*** SUMMARY ***
Total pot $0.10 | Rake $0 
Seat 1: Fredchie (button) folded before Flop (didn't bet)
Seat 2: tumo1326 (small blind) collected ($0.10)
Seat 3: HubertusB (big blind) folded before Flop
Seat 4: richymen_15 folded before Flop (didn't bet)
Seat 5: vmvmihail folded before Flop (didn't bet)
Seat 6: lupue0705 folded before Flop (didn't bet)



PokerStars Zoom Hand #186688530887:  Hold'em No Limit ($0.02/$0.05) - 2018/05/21 21:39:00 CCT [2018/05/21 9:39:00 ET]
Table 'Donati' 6-max Seat #1 is the button
Seat 1: pointout91 ($6.38 in chips) 
Seat 2: ryslan965 ($2.57 in chips) 
Seat 3: BuBBleBoy548 ($5 in chips) 
Seat 4: HubertusB ($6.92 in chips) 
Seat 5: PaupauK92 ($11.18 in chips) 
Seat 6: mopsrenat ($4.71 in chips) 
ryslan965: posts small blind $0.02
BuBBleBoy548: posts big blind $0.05
*** HOLE CARDS ***
Dealt to HubertusB [9h As]
HubertusB: folds 
PaupauK92: folds 
mopsrenat: folds 
pointout91: raises $0.10 to $0.15
ryslan965: folds 
BuBBleBoy548: folds 
Uncalled bet ($0.10) returned to pointout91
pointout91 collected $0.12 from pot
pointout91: doesn't show hand 
*** SUMMARY ***
Total pot $0.12 | Rake $0 
Seat 1: pointout91 (button) collected ($0.12)
Seat 2: ryslan965 (small blind) folded before Flop
Seat 3: BuBBleBoy548 (big blind) folded before Flop
Seat 4: HubertusB folded before Flop (didn't bet)
Seat 5: PaupauK92 folded before Flop (didn't bet)
Seat 6: mopsrenat folded before Flop (didn't bet)



PokerStars Zoom Hand #186688545881:  Hold'em No Limit ($0.02/$0.05) - 2018/05/21 21:39:31 CCT [2018/05/21 9:39:31 ET]
Table 'Donati' 6-max Seat #1 is the button
Seat 1: Ornivas ($13.20 in chips) 
Seat 2: poongyai ($2.10 in chips) 
Seat 3: aaw990619 ($4.94 in chips) 
Seat 4: kija333 ($5.83 in chips) 
Seat 5: HubertusB ($6.87 in chips) 
Seat 6: PiNe4ppLe ($5.22 in chips) 
poongyai: posts small blind $0.02
aaw990619: posts big blind $0.05
*** HOLE CARDS ***
Dealt to HubertusB [5c 3c]
kija333: folds 
HubertusB: folds 
PiNe4ppLe: raises $0.10 to $0.15
Ornivas: raises $0.40 to $0.55
poongyai: folds 
aaw990619: folds 
PiNe4ppLe: folds 
Uncalled bet ($0.40) returned to Ornivas
Ornivas collected $0.37 from pot
Ornivas: doesn't show hand 
*** SUMMARY ***
Total pot $0.37 | Rake $0 
Seat 1: Ornivas (button) collected ($0.37)
Seat 2: poongyai (small blind) folded before Flop
Seat 3: aaw990619 (big blind) folded before Flop
Seat 4: kija333 folded before Flop (didn't bet)
Seat 5: HubertusB folded before Flop (didn't bet)
Seat 6: PiNe4ppLe folded before Flop



PokerStars Zoom Hand #186688552177:  Hold'em No Limit ($0.02/$0.05) - 2018/05/21 21:39:44 CCT [2018/05/21 9:39:44 ET]
Table 'Donati' 6-max Seat #1 is the button
Seat 1: taypan101 ($9.68 in chips) 
Seat 2: HubertusB ($6.87 in chips) 
Seat 3: swimmingsu ($6.57 in chips) 
Seat 4: RAIN_ACID ($10.18 in chips) 
Seat 5: AndreiJacob ($5.20 in chips) 
Seat 6: pashqadk ($5.26 in chips) 
HubertusB: posts small blind $0.02
swimmingsu: posts big blind $0.05
*** HOLE CARDS ***
Dealt to HubertusB [5d 5h]
RAIN_ACID: folds 
AndreiJacob: folds 
pashqadk: raises $0.07 to $0.12
taypan101: folds 
HubertusB: raises $0.29 to $0.41
swimmingsu: calls $0.36
pashqadk: folds 
*** FLOP *** [2h 9h 5s]
HubertusB: checks 
swimmingsu: bets $0.50
HubertusB: calls $0.50
*** TURN *** [2h 9h 5s] [Ad]
HubertusB: checks 
swimmingsu: bets $0.96
HubertusB: calls $0.96
*** RIVER *** [2h 9h 5s Ad] [Ah]
HubertusB: checks 
swimmingsu: checks 
*** SHOW DOWN ***
HubertusB: shows [5d 5h] (a full house, Fives full of Aces)
swimmingsu: mucks hand 
HubertusB collected $3.70 from pot
*** SUMMARY ***
Total pot $3.86 | Rake $0.16 
Board [2h 9h 5s Ad Ah]
Seat 1: taypan101 (button) folded before Flop (didn't bet)
Seat 2: HubertusB (small blind) showed [5d 5h] and won ($3.70) with a full house, Fives full of Aces
Seat 3: swimmingsu (big blind) mucked [Kh Kd]
Seat 4: RAIN_ACID folded before Flop (didn't bet)
Seat 5: AndreiJacob folded before Flop (didn't bet)
Seat 6: pashqadk folded before Flop



PokerStars Zoom Hand #186688588629:  Hold'em No Limit ($0.02/$0.05) - 2018/05/21 21:40:59 CCT [2018/05/21 9:40:59 ET]
Table 'Donati' 6-max Seat #1 is the button
Seat 1: HubertusB ($8.70 in chips) 
Seat 2: H.-Dietrich ($5.74 in chips) 
Seat 3: Timxx7 ($5 in chips) 
Seat 4: value_ftw ($10.88 in chips) 
Seat 5: smoot21 ($9.33 in chips) 
Seat 6: Mr.Link1 ($4.25 in chips) 
H.-Dietrich: posts small blind $0.02
Timxx7: posts big blind $0.05
*** HOLE CARDS ***
Dealt to HubertusB [Ac 6s]
value_ftw: folds 
smoot21: folds 
Mr.Link1: folds 
HubertusB: raises $0.05 to $0.10
H.-Dietrich: raises $0.35 to $0.45
Timxx7: folds 
HubertusB: folds 
Uncalled bet ($0.35) returned to H.-Dietrich
H.-Dietrich collected $0.25 from pot
H.-Dietrich: doesn't show hand 
*** SUMMARY ***
Total pot $0.25 | Rake $0 
Seat 1: HubertusB (button) folded before Flop
Seat 2: H.-Dietrich (small blind) collected ($0.25)
Seat 3: Timxx7 (big blind) folded before Flop
Seat 4: value_ftw folded before Flop (didn't bet)
Seat 5: smoot21 folded before Flop (didn't bet)
Seat 6: Mr.Link1 folded before Flop (didn't bet)



PokerStars Zoom Hand #186688599810:  Hold'em No Limit ($0.02/$0.05) - 2018/05/21 21:41:22 CCT [2018/05/21 9:41:22 ET]
Table 'Donati' 6-max Seat #1 is the button
Seat 1: SHMAG3L ($7.36 in chips) 
Seat 2: Kaumov Rufis ($4 in chips) 
Seat 3: HubertusB ($8.60 in chips) 
Seat 4: sam2207 ($5.64 in chips) 
Seat 5: cazro 77 ($5.23 in chips) 
Seat 6: Bluecrust ($5 in chips) 
Kaumov Rufis: posts small blind $0.02
HubertusB: posts big blind $0.05
*** HOLE CARDS ***
Dealt to HubertusB [7d 4d]
sam2207: folds 
cazro 77: folds 
Bluecrust: folds 
SHMAG3L: raises $0.10 to $0.15
Kaumov Rufis: folds 
HubertusB: folds 
Uncalled bet ($0.10) returned to SHMAG3L
SHMAG3L collected $0.12 from pot
SHMAG3L: doesn't show hand 
*** SUMMARY ***
Total pot $0.12 | Rake $0 
Seat 1: SHMAG3L (button) collected ($0.12)
Seat 2: Kaumov Rufis (small blind) folded before Flop
Seat 3: HubertusB (big blind) folded before Flop
Seat 4: sam2207 folded before Flop (didn't bet)
Seat 5: cazro 77 folded before Flop (didn't bet)
Seat 6: Bluecrust folded before Flop (didn't bet)



PokerStars Zoom Hand #186688612341:  Hold'em No Limit ($0.02/$0.05) - 2018/05/21 21:41:48 CCT [2018/05/21 9:41:48 ET]
Table 'Donati' 6-max Seat #1 is the button
Seat 1: ILNAZ2307 ($4.74 in chips) 
Seat 2: smoot21 ($5.34 in chips) 
Seat 3: baystarsx ($7.77 in chips) 
Seat 4: eliasfleitas ($14.58 in chips) 
Seat 5: HubertusB ($8.55 in chips) 
Seat 6: ninix17 ($9.67 in chips) 
smoot21: posts small blind $0.02
baystarsx: posts big blind $0.05
*** HOLE CARDS ***
Dealt to HubertusB [8h Jd]
eliasfleitas: raises $0.10 to $0.15
HubertusB: folds 
ninix17: folds 
ILNAZ2307: folds 
smoot21: folds 
baystarsx: folds 
Uncalled bet ($0.10) returned to eliasfleitas
eliasfleitas collected $0.12 from pot
eliasfleitas: doesn't show hand 
*** SUMMARY ***
Total pot $0.12 | Rake $0 
Seat 1: ILNAZ2307 (button) folded before Flop (didn't bet)
Seat 2: smoot21 (small blind) folded before Flop
Seat 3: baystarsx (big blind) folded before Flop
Seat 4: eliasfleitas collected ($0.12)
Seat 5: HubertusB folded before Flop (didn't bet)
Seat 6: ninix17 folded before Flop (didn't bet)



PokerStars Zoom Hand #186688609381:  Hold'em No Limit ($0.02/$0.05) - 2018/05/21 21:41:42 CCT [2018/05/21 9:41:42 ET]
Table 'Donati' 6-max Seat #1 is the button
Seat 1: Dmigri ($5 in chips) 
Seat 2: Joji_137 ($3.73 in chips) 
Seat 3: KenTanimura ($6.43 in chips) 
Seat 4: tema43 ($3.59 in chips) 
Seat 5: Kaumov Rufis ($4.41 in chips) 
Seat 6: HubertusB ($8.55 in chips) 
Joji_137: posts small blind $0.02
KenTanimura: posts big blind $0.05
*** HOLE CARDS ***
Dealt to HubertusB [7c As]
tema43: folds 
Kaumov Rufis: raises $0.10 to $0.15
HubertusB: folds 
Dmigri: folds 
Joji_137: folds 
KenTanimura: calls $0.10
*** FLOP *** [Kh Ad 6d]
KenTanimura: checks 
Kaumov Rufis: checks 
*** TURN *** [Kh Ad 6d] [3s]
KenTanimura: checks 
Kaumov Rufis: checks 
*** RIVER *** [Kh Ad 6d 3s] [6h]
KenTanimura: bets $0.16
Kaumov Rufis: folds 
Uncalled bet ($0.16) returned to KenTanimura
KenTanimura collected $0.31 from pot
KenTanimura: doesn't show hand 
*** SUMMARY ***
Total pot $0.32 | Rake $0.01 
Board [Kh Ad 6d 3s 6h]
Seat 1: Dmigri (button) folded before Flop (didn't bet)
Seat 2: Joji_137 (small blind) folded before Flop
Seat 3: KenTanimura (big blind) collected ($0.31)
Seat 4: tema43 folded before Flop (didn't bet)
Seat 5: Kaumov Rufis folded on the River
Seat 6: HubertusB folded before Flop (didn't bet)



PokerStars Zoom Hand #186688615284:  Hold'em No Limit ($0.02/$0.05) - 2018/05/21 21:41:54 CCT [2018/05/21 9:41:54 ET]
Table 'Donati' 6-max Seat #1 is the button
Seat 1: bolseiroo ($6.47 in chips) 
Seat 2: $ly4ss ($10.76 in chips) 
Seat 3: kukkertje ($5.02 in chips) 
Seat 4: HubertusB ($8.55 in chips) 
Seat 5: Spudzoe ($1.75 in chips) 
Seat 6: mkoskie ($4.98 in chips) 
$ly4ss: posts small blind $0.02
kukkertje: posts big blind $0.05
*** HOLE CARDS ***
Dealt to HubertusB [6d Qc]
HubertusB: folds 
Spudzoe: folds 
mkoskie: folds 
bolseiroo: folds 
$ly4ss: folds 
Uncalled bet ($0.03) returned to kukkertje
kukkertje collected $0.04 from pot
kukkertje: doesn't show hand 
*** SUMMARY ***
Total pot $0.04 | Rake $0 
Seat 1: bolseiroo (button) folded before Flop (didn't bet)
Seat 2: $ly4ss (small blind) folded before Flop
Seat 3: kukkertje (big blind) collected ($0.04)
Seat 4: HubertusB folded before Flop (didn't bet)
Seat 5: Spudzoe folded before Flop (didn't bet)
Seat 6: mkoskie folded before Flop (didn't bet)



PokerStars Zoom Hand #186688620221:  Hold'em No Limit ($0.02/$0.05) - 2018/05/21 21:42:04 CCT [2018/05/21 9:42:04 ET]
Table 'Donati' 6-max Seat #1 is the button
Seat 1: HubertusB ($8.55 in chips) 
Seat 2: 99coco ($1.90 in chips) 
Seat 3: Bluecrust ($21.24 in chips) 
Seat 4: Kaumov Rufis ($4.58 in chips) 
Seat 5: mggL89 ($2.35 in chips) 
Seat 6: adyrnicc ($5 in chips) 
99coco: posts small blind $0.02
Bluecrust: posts big blind $0.05
*** HOLE CARDS ***
Dealt to HubertusB [2d 6d]
Kaumov Rufis: folds 
mggL89: folds 
adyrnicc: raises $0.07 to $0.12
HubertusB: folds 
99coco: folds 
Bluecrust: calls $0.07
*** FLOP *** [Qd 9c 4s]
Bluecrust: checks 
adyrnicc: checks 
*** TURN *** [Qd 9c 4s] [5s]
Bluecrust: checks 
adyrnicc: bets $0.18
Bluecrust: folds 
Uncalled bet ($0.18) returned to adyrnicc
adyrnicc collected $0.25 from pot
adyrnicc: doesn't show hand 
*** SUMMARY ***
Total pot $0.26 | Rake $0.01 
Board [Qd 9c 4s 5s]
Seat 1: HubertusB (button) folded before Flop (didn't bet)
Seat 2: 99coco (small blind) folded before Flop
Seat 3: Bluecrust (big blind) folded on the Turn
Seat 4: Kaumov Rufis folded before Flop (didn't bet)
Seat 5: mggL89 folded before Flop (didn't bet)
Seat 6: adyrnicc collected ($0.25)



PokerStars Zoom Hand #186688617756:  Hold'em No Limit ($0.02/$0.05) - 2018/05/21 21:41:59 CCT [2018/05/21 9:41:59 ET]
Table 'Donati' 6-max Seat #1 is the button
Seat 1: Bluecrust ($28.34 in chips) 
Seat 2: $ly4ss ($5.45 in chips) 
Seat 3: maltrine ($5 in chips) 
Seat 4: HubertusB ($8.55 in chips) 
Seat 5: RAIN_ACID ($3.71 in chips) 
Seat 6: value_ftw ($6.93 in chips) 
$ly4ss: posts small blind $0.02
maltrine: posts big blind $0.05
*** HOLE CARDS ***
Dealt to HubertusB [Jc As]
HubertusB: folds 
RAIN_ACID: folds 
value_ftw has timed out
value_ftw: folds 
Bluecrust: raises $0.10 to $0.15
$ly4ss: raises $0.35 to $0.50
maltrine: folds 
Bluecrust: calls $0.35
*** FLOP *** [9s 4d 2c]
$ly4ss: bets $0.33
Bluecrust: calls $0.33
*** TURN *** [9s 4d 2c] [8d]
$ly4ss: bets $1.23
Bluecrust: calls $1.23
*** RIVER *** [9s 4d 2c 8d] [Qh]
$ly4ss: bets $3.39 and is all-in
Bluecrust: calls $3.39
*** SHOW DOWN ***
$ly4ss: shows [5h Ah] (high card Ace)
Bluecrust: shows [Ad Qd] (a pair of Queens)
Bluecrust collected $10.50 from pot
*** SUMMARY ***
Total pot $10.95 | Rake $0.45 
Board [9s 4d 2c 8d Qh]
Seat 1: Bluecrust (button) showed [Ad Qd] and won ($10.50) with a pair of Queens
Seat 2: $ly4ss (small blind) showed [5h Ah] and lost with high card Ace
Seat 3: maltrine (big blind) folded before Flop
Seat 4: HubertusB folded before Flop (didn't bet)
Seat 5: RAIN_ACID folded before Flop (didn't bet)
Seat 6: value_ftw folded before Flop (didn't bet)



PokerStars Zoom Hand #186688622662:  Hold'em No Limit ($0.02/$0.05) - 2018/05/21 21:42:09 CCT [2018/05/21 9:42:09 ET]
Table 'Donati' 6-max Seat #1 is the button
Seat 1: TheFibonachi ($5.76 in chips) 
Seat 2: HubertusB ($8.55 in chips) 
Seat 3: Betman1987 ($5 in chips) 
Seat 4: kolesnikaa ($4.78 in chips) 
Seat 5: miaolegemi ($5.24 in chips) 
Seat 6: RAIN_ACID ($7.16 in chips) 
HubertusB: posts small blind $0.02
Betman1987: posts big blind $0.05
*** HOLE CARDS ***
Dealt to HubertusB [5h 5s]
kolesnikaa: calls $0.05
miaolegemi: raises $0.17 to $0.22
RAIN_ACID: folds 
TheFibonachi: folds 
HubertusB: folds 
Betman1987: folds 
kolesnikaa: calls $0.17
*** FLOP *** [7h 8s Kd]
kolesnikaa: bets $0.05
miaolegemi: raises $0.35 to $0.40
kolesnikaa: folds 
Uncalled bet ($0.35) returned to miaolegemi
miaolegemi collected $0.58 from pot
miaolegemi: doesn't show hand 
*** SUMMARY ***
Total pot $0.61 | Rake $0.03 
Board [7h 8s Kd]
Seat 1: TheFibonachi (button) folded before Flop (didn't bet)
Seat 2: HubertusB (small blind) folded before Flop
Seat 3: Betman1987 (big blind) folded before Flop
Seat 4: kolesnikaa folded on the Flop
Seat 5: miaolegemi collected ($0.58)
Seat 6: RAIN_ACID folded before Flop (didn't bet)



PokerStars Zoom Hand #186688637300:  Hold'em No Limit ($0.02/$0.05) - 2018/05/21 21:42:39 CCT [2018/05/21 9:42:39 ET]
Table 'Donati' 6-max Seat #1 is the button
Seat 1: Scaramouge ($6.49 in chips) 
Seat 2: BuBBleBoy548 ($5.48 in chips) 
Seat 3: KenTanimura ($5.12 in chips) 
Seat 4: Theodore.t89 ($5.61 in chips) 
Seat 5: cazro 77 ($10.91 in chips) 
Seat 6: HubertusB ($8.53 in chips) 
BuBBleBoy548: posts small blind $0.02
KenTanimura: posts big blind $0.05
*** HOLE CARDS ***
Dealt to HubertusB [9c Kc]
Theodore.t89: folds 
cazro 77: folds 
HubertusB: raises $0.07 to $0.12
Scaramouge: folds 
BuBBleBoy548: raises $0.32 to $0.44
KenTanimura: folds 
HubertusB: raises $0.93 to $1.37
BuBBleBoy548: folds 
Uncalled bet ($0.93) returned to HubertusB
HubertusB collected $0.93 from pot
HubertusB: doesn't show hand 
*** SUMMARY ***
Total pot $0.93 | Rake $0 
Seat 1: Scaramouge (button) folded before Flop (didn't bet)
Seat 2: BuBBleBoy548 (small blind) folded before Flop
Seat 3: KenTanimura (big blind) folded before Flop
Seat 4: Theodore.t89 folded before Flop (didn't bet)
Seat 5: cazro 77 folded before Flop (didn't bet)
Seat 6: HubertusB collected ($0.93)



PokerStars Zoom Hand #186688652457:  Hold'em No Limit ($0.02/$0.05) - 2018/05/21 21:43:10 CCT [2018/05/21 9:43:10 ET]
Table 'Donati' 6-max Seat #1 is the button
Seat 1: Myp3_007 ($7.88 in chips) 
Seat 2: LuckyBBastar ($10.92 in chips) 
Seat 3: HubertusB ($9.02 in chips) 
Seat 4: swimmingsu ($5.46 in chips) 
Seat 5: Fredchie ($14.35 in chips) 
Seat 6: Timxx7 ($5.14 in chips) 
LuckyBBastar: posts small blind $0.02
HubertusB: posts big blind $0.05
*** HOLE CARDS ***
Dealt to HubertusB [5c 5h]
swimmingsu: folds 
Fredchie: folds 
Timxx7: folds 
Myp3_007: calls $0.05
LuckyBBastar: folds 
HubertusB: raises $0.12 to $0.17
Myp3_007: calls $0.12
*** FLOP *** [Ah 3c Jd]
HubertusB: checks 
Myp3_007: bets $0.15
HubertusB: calls $0.15
*** TURN *** [Ah 3c Jd] [2c]
HubertusB: checks 
Myp3_007: checks 
*** RIVER *** [Ah 3c Jd 2c] [3d]
HubertusB: bets $0.22
Myp3_007: folds 
Uncalled bet ($0.22) returned to HubertusB
HubertusB collected $0.63 from pot
HubertusB: doesn't show hand 
*** SUMMARY ***
Total pot $0.66 | Rake $0.03 
Board [Ah 3c Jd 2c 3d]
Seat 1: Myp3_007 (button) folded on the River
Seat 2: LuckyBBastar (small blind) folded before Flop
Seat 3: HubertusB (big blind) collected ($0.63)
Seat 4: swimmingsu folded before Flop (didn't bet)
Seat 5: Fredchie folded before Flop (didn't bet)
Seat 6: Timxx7 folded before Flop (didn't bet)



PokerStars Zoom Hand #186688681731:  Hold'em No Limit ($0.02/$0.05) - 2018/05/21 21:44:10 CCT [2018/05/21 9:44:10 ET]
Table 'Donati' 6-max Seat #1 is the button
Seat 1: PiNe4ppLe ($5.65 in chips) 
Seat 2: Leopoldia ($2.06 in chips) 
Seat 3: Tobiashi05 ($3.82 in chips) 
Seat 4: Theodore.t89 ($5 in chips) 
Seat 5: HubertusB ($9.33 in chips) 
Seat 6: anika.niki ($1.88 in chips) 
Leopoldia: posts small blind $0.02
Tobiashi05: posts big blind $0.05
*** HOLE CARDS ***
Dealt to HubertusB [Ts Qh]
Theodore.t89: folds 
HubertusB: folds 
anika.niki: folds 
PiNe4ppLe: folds 
Leopoldia: folds 
Uncalled bet ($0.03) returned to Tobiashi05
Tobiashi05 collected $0.04 from pot
Tobiashi05: doesn't show hand 
*** SUMMARY ***
Total pot $0.04 | Rake $0 
Seat 1: PiNe4ppLe (button) folded before Flop (didn't bet)
Seat 2: Leopoldia (small blind) folded before Flop
Seat 3: Tobiashi05 (big blind) collected ($0.04)
Seat 4: Theodore.t89 folded before Flop (didn't bet)
Seat 5: HubertusB folded before Flop (didn't bet)
Seat 6: anika.niki folded before Flop (didn't bet)



PokerStars Zoom Hand #186688684202:  Hold'em No Limit ($0.02/$0.05) - 2018/05/21 21:44:15 CCT [2018/05/21 9:44:15 ET]
Table 'Donati' 6-max Seat #1 is the button
Seat 1: RAIN_ACID ($4.34 in chips) 
Seat 2: Rusherito87 ($5.23 in chips) 
Seat 3: Zatoch ($5.74 in chips) 
Seat 4: Timxx7 ($5.42 in chips) 
Seat 5: Omicron333 ($11.13 in chips) 
Seat 6: HubertusB ($9.33 in chips) 
Rusherito87: posts small blind $0.02
Zatoch: posts big blind $0.05
*** HOLE CARDS ***
Dealt to HubertusB [Ks 9c]
Timxx7: folds 
Omicron333: folds 
HubertusB: folds 
RAIN_ACID: folds 
Rusherito87: calls $0.03
Zatoch: checks 
*** FLOP *** [Qc 7d 4d]
Rusherito87: checks 
Zatoch: bets $0.07
Rusherito87: folds 
Uncalled bet ($0.07) returned to Zatoch
Zatoch collected $0.10 from pot
Zatoch: doesn't show hand 
*** SUMMARY ***
Total pot $0.10 | Rake $0 
Board [Qc 7d 4d]
Seat 1: RAIN_ACID (button) folded before Flop (didn't bet)
Seat 2: Rusherito87 (small blind) folded on the Flop
Seat 3: Zatoch (big blind) collected ($0.10)
Seat 4: Timxx7 folded before Flop (didn't bet)
Seat 5: Omicron333 folded before Flop (didn't bet)
Seat 6: HubertusB folded before Flop (didn't bet)



PokerStars Zoom Hand #186688699272:  Hold'em No Limit ($0.02/$0.05) - 2018/05/21 21:44:46 CCT [2018/05/21 9:44:46 ET]
Table 'Donati' 6-max Seat #1 is the button
Seat 1: RAIN_ACID ($5.09 in chips) 
Seat 2: HubertusB ($9.33 in chips) 
Seat 3: Omicron333 ($11.72 in chips) 
Seat 4: cRaZyEiGhT85 ($12.36 in chips) 
Seat 5: |&&Sys|TeamPro ($5.14 in chips) 
Seat 6: Spudzoe ($5.11 in chips) 
HubertusB: posts small blind $0.02
Omicron333: posts big blind $0.05
*** HOLE CARDS ***
Dealt to HubertusB [2c Th]
cRaZyEiGhT85: folds 
|&&Sys|TeamPro: folds 
Spudzoe: folds 
RAIN_ACID: folds 
HubertusB: folds 
Uncalled bet ($0.03) returned to Omicron333
Omicron333 collected $0.04 from pot
Omicron333: doesn't show hand 
*** SUMMARY ***
Total pot $0.04 | Rake $0 
Seat 1: RAIN_ACID (button) folded before Flop (didn't bet)
Seat 2: HubertusB (small blind) folded before Flop
Seat 3: Omicron333 (big blind) collected ($0.04)
Seat 4: cRaZyEiGhT85 folded before Flop (didn't bet)
Seat 5: |&&Sys|TeamPro folded before Flop (didn't bet)
Seat 6: Spudzoe folded before Flop (didn't bet)



PokerStars Zoom Hand #186688692952:  Hold'em No Limit ($0.02/$0.05) - 2018/05/21 21:44:33 CCT [2018/05/21 9:44:33 ET]
Table 'Donati' 6-max Seat #1 is the button
Seat 1: st_john888 ($6.11 in chips) 
Seat 2: BoSs00 ($8.87 in chips) 
Seat 3: AsterixBrn ($6.02 in chips) 
Seat 4: PiNe4ppLe ($7.85 in chips) 
Seat 5: HubertusB ($9.33 in chips) 
Seat 6: naoyuki10 ($7.18 in chips) 
BoSs00: posts small blind $0.02
AsterixBrn: posts big blind $0.05
*** HOLE CARDS ***
Dealt to HubertusB [Qh 8d]
PiNe4ppLe: folds 
HubertusB: folds 
naoyuki10: raises $0.10 to $0.15
st_john888: calls $0.15
BoSs00: folds 
AsterixBrn: folds 
*** FLOP *** [Jh 3d Jd]
naoyuki10: bets $0.18
st_john888: folds 
Uncalled bet ($0.18) returned to naoyuki10
naoyuki10 collected $0.35 from pot
naoyuki10: doesn't show hand 
*** SUMMARY ***
Total pot $0.37 | Rake $0.02 
Board [Jh 3d Jd]
Seat 1: st_john888 (button) folded on the Flop
Seat 2: BoSs00 (small blind) folded before Flop
Seat 3: AsterixBrn (big blind) folded before Flop
Seat 4: PiNe4ppLe folded before Flop (didn't bet)
Seat 5: HubertusB folded before Flop (didn't bet)
Seat 6: naoyuki10 collected ($0.35)



PokerStars Zoom Hand #186688701239:  Hold'em No Limit ($0.02/$0.05) - 2018/05/21 21:44:50 CCT [2018/05/21 9:44:50 ET]
Table 'Donati' 6-max Seat #1 is the button
Seat 1: Raika_364 ($6.38 in chips) 
Seat 2: fourtyseven1 ($4.95 in chips) 
Seat 3: HubertusB ($9.31 in chips) 
Seat 4: Savavlad97 ($9.81 in chips) 
Seat 5: serge87100 ($10.90 in chips) 
Seat 6: Draugsvoll ($5 in chips) 
fourtyseven1: posts small blind $0.02
HubertusB: posts big blind $0.05
*** HOLE CARDS ***
Dealt to HubertusB [4c Ad]
Savavlad97: folds 
serge87100: raises $0.10 to $0.15
Draugsvoll: folds 
Raika_364: folds 
fourtyseven1: folds 
HubertusB: folds 
Uncalled bet ($0.10) returned to serge87100
serge87100 collected $0.12 from pot
serge87100: doesn't show hand 
*** SUMMARY ***
Total pot $0.12 | Rake $0 
Seat 1: Raika_364 (button) folded before Flop (didn't bet)
Seat 2: fourtyseven1 (small blind) folded before Flop
Seat 3: HubertusB (big blind) folded before Flop
Seat 4: Savavlad97 folded before Flop (didn't bet)
Seat 5: serge87100 collected ($0.12)
Seat 6: Draugsvoll folded before Flop (didn't bet)



PokerStars Zoom Hand #186688705188:  Hold'em No Limit ($0.02/$0.05) - 2018/05/21 21:44:58 CCT [2018/05/21 9:44:58 ET]
Table 'Donati' 6-max Seat #1 is the button
Seat 1: HubertusB ($9.26 in chips) 
Seat 2: darinier ($6.86 in chips) 
Seat 3: Betman1987 ($5.26 in chips) 
Seat 4: AlexDa88 ($5.11 in chips) 
Seat 5: 0cipsev0 ($15.47 in chips) 
Seat 6: Spudzoe ($1.36 in chips) 
darinier: posts small blind $0.02
Betman1987: posts big blind $0.05
*** HOLE CARDS ***
Dealt to HubertusB [Ah 9h]
AlexDa88: folds 
0cipsev0: folds 
Spudzoe: folds 
HubertusB: raises $0.05 to $0.10
darinier: folds 
Betman1987: raises $0.35 to $0.45
HubertusB: raises $0.92 to $1.37
Betman1987: folds 
Uncalled bet ($0.92) returned to HubertusB
HubertusB collected $0.92 from pot
HubertusB: doesn't show hand 
*** SUMMARY ***
Total pot $0.92 | Rake $0 
Seat 1: HubertusB (button) collected ($0.92)
Seat 2: darinier (small blind) folded before Flop
Seat 3: Betman1987 (big blind) folded before Flop
Seat 4: AlexDa88 folded before Flop (didn't bet)
Seat 5: 0cipsev0 folded before Flop (didn't bet)
Seat 6: Spudzoe folded before Flop (didn't bet)



PokerStars Zoom Hand #186688721215:  Hold'em No Limit ($0.02/$0.05) - 2018/05/21 21:45:31 CCT [2018/05/21 9:45:31 ET]
Table 'Donati' 6-max Seat #1 is the button
Seat 1: Vayyyy ($2.53 in chips) 
Seat 2: Rataj89 ($4.76 in chips) 
Seat 3: dizzyd213 ($4.20 in chips) 
Seat 4: HubertusB ($9.73 in chips) 
Seat 5: wessel2908 ($8.12 in chips) 
Seat 6: Yaha 09 ($5 in chips) 
Rataj89: posts small blind $0.02
dizzyd213: posts big blind $0.05
*** HOLE CARDS ***
Dealt to HubertusB [Kc 2c]
HubertusB: folds 
wessel2908: folds 
Yaha 09: folds 
Vayyyy: folds 
Rataj89: folds 
Uncalled bet ($0.03) returned to dizzyd213
dizzyd213 collected $0.04 from pot
dizzyd213: doesn't show hand 
*** SUMMARY ***
Total pot $0.04 | Rake $0 
Seat 1: Vayyyy (button) folded before Flop (didn't bet)
Seat 2: Rataj89 (small blind) folded before Flop
Seat 3: dizzyd213 (big blind) collected ($0.04)
Seat 4: HubertusB folded before Flop (didn't bet)
Seat 5: wessel2908 folded before Flop (didn't bet)
Seat 6: Yaha 09 folded before Flop (didn't bet)



PokerStars Zoom Hand #186688695880:  Hold'em No Limit ($0.02/$0.05) - 2018/05/21 21:44:39 CCT [2018/05/21 9:44:39 ET]
Table 'Donati' 6-max Seat #1 is the button
Seat 1: HubertusB ($9.33 in chips) 
Seat 2: Hyena777210 ($8.22 in chips) 
Seat 3: etd.poker ($5.18 in chips) 
Seat 4: sam2207 ($5.75 in chips) 
Seat 5: jason032323 ($5.77 in chips) 
Seat 6: zaporozhko ($1.61 in chips) 
Hyena777210: posts small blind $0.02
etd.poker: posts big blind $0.05
*** HOLE CARDS ***
Dealt to HubertusB [8s Jd]
sam2207: raises $0.05 to $0.10
jason032323: folds 
zaporozhko: folds 
HubertusB: folds 
Hyena777210: folds 
etd.poker: calls $0.05
*** FLOP *** [Qh 3c 5d]
etd.poker: checks 
sam2207: checks 
*** TURN *** [Qh 3c 5d] [7d]
etd.poker: checks 
sam2207: checks 
*** RIVER *** [Qh 3c 5d 7d] [Ac]
etd.poker: checks 
sam2207: bets $0.21
etd.poker: folds 
Uncalled bet ($0.21) returned to sam2207
sam2207 collected $0.21 from pot
sam2207: doesn't show hand 
*** SUMMARY ***
Total pot $0.22 | Rake $0.01 
Board [Qh 3c 5d 7d Ac]
Seat 1: HubertusB (button) folded before Flop (didn't bet)
Seat 2: Hyena777210 (small blind) folded before Flop
Seat 3: etd.poker (big blind) folded on the River
Seat 4: sam2207 collected ($0.21)
Seat 5: jason032323 folded before Flop (didn't bet)
Seat 6: zaporozhko folded before Flop (didn't bet)



PokerStars Zoom Hand #186688724134:  Hold'em No Limit ($0.02/$0.05) - 2018/05/21 21:45:37 CCT [2018/05/21 9:45:37 ET]
Table 'Donati' 6-max Seat #1 is the button
Seat 1: WEIPEI1 ($5 in chips) 
Seat 2: HubertusB ($9.73 in chips) 
Seat 3: barada89 ($1.67 in chips) 
Seat 4: Rusherito87 ($11.13 in chips) 
Seat 5: value_ftw ($5 in chips) 
Seat 6: anrom888 ($4.84 in chips) 
HubertusB: posts small blind $0.02
barada89: posts big blind $0.05
*** HOLE CARDS ***
Dealt to HubertusB [Ts 5s]
Rusherito87: folds 
value_ftw: folds 
anrom888: folds 
WEIPEI1: raises $0.10 to $0.15
HubertusB: folds 
barada89: folds 
Uncalled bet ($0.10) returned to WEIPEI1
WEIPEI1 collected $0.12 from pot
WEIPEI1: doesn't show hand 
*** SUMMARY ***
Total pot $0.12 | Rake $0 
Seat 1: WEIPEI1 (button) collected ($0.12)
Seat 2: HubertusB (small blind) folded before Flop
Seat 3: barada89 (big blind) folded before Flop
Seat 4: Rusherito87 folded before Flop (didn't bet)
Seat 5: value_ftw folded before Flop (didn't bet)
Seat 6: anrom888 folded before Flop (didn't bet)



PokerStars Zoom Hand #186688734967:  Hold'em No Limit ($0.02/$0.05) - 2018/05/21 21:45:59 CCT [2018/05/21 9:45:59 ET]
Table 'Donati' 6-max Seat #1 is the button
Seat 1: HPV1209 ($4.93 in chips) 
Seat 2: tokigori ($9.05 in chips) 
Seat 3: HubertusB ($9.71 in chips) 
Seat 4: WiseYorsh ($5.78 in chips) 
Seat 5: value_ftw ($5 in chips) 
Seat 6: PiNe4ppLe ($5 in chips) 
tokigori: posts small blind $0.02
HubertusB: posts big blind $0.05
*** HOLE CARDS ***
Dealt to HubertusB [2c Ks]
WiseYorsh: raises $0.07 to $0.12
value_ftw: folds 
PiNe4ppLe: folds 
HPV1209: folds 
tokigori: folds 
HubertusB: folds 
Uncalled bet ($0.07) returned to WiseYorsh
WiseYorsh collected $0.12 from pot
WiseYorsh: doesn't show hand 
*** SUMMARY ***
Total pot $0.12 | Rake $0 
Seat 1: HPV1209 (button) folded before Flop (didn't bet)
Seat 2: tokigori (small blind) folded before Flop
Seat 3: HubertusB (big blind) folded before Flop
Seat 4: WiseYorsh collected ($0.12)
Seat 5: value_ftw folded before Flop (didn't bet)
Seat 6: PiNe4ppLe folded before Flop (didn't bet)



PokerStars Zoom Hand #186688743374:  Hold'em No Limit ($0.02/$0.05) - 2018/05/21 21:46:16 CCT [2018/05/21 9:46:16 ET]
Table 'Donati' 6-max Seat #1 is the button
Seat 1: prm4life ($5.33 in chips) 
Seat 2: KostyRuc ($4.23 in chips) 
Seat 3: Rusherito87 ($11.08 in chips) 
Seat 4: HubertusB ($9.66 in chips) 
Seat 5: XXXiao ($9.63 in chips) 
Seat 6: Savavlad97 ($5.85 in chips) 
KostyRuc: posts small blind $0.02
Rusherito87: posts big blind $0.05
*** HOLE CARDS ***
Dealt to HubertusB [As 3h]
HubertusB: folds 
XXXiao: folds 
Savavlad97: folds 
prm4life: folds 
KostyRuc: folds 
Uncalled bet ($0.03) returned to Rusherito87
Rusherito87 collected $0.04 from pot
Rusherito87: doesn't show hand 
*** SUMMARY ***
Total pot $0.04 | Rake $0 
Seat 1: prm4life (button) folded before Flop (didn't bet)
Seat 2: KostyRuc (small blind) folded before Flop
Seat 3: Rusherito87 (big blind) collected ($0.04)
Seat 4: HubertusB folded before Flop (didn't bet)
Seat 5: XXXiao folded before Flop (didn't bet)
Seat 6: Savavlad97 folded before Flop (didn't bet)



PokerStars Zoom Hand #186688731478:  Hold'em No Limit ($0.02/$0.05) - 2018/05/21 21:45:52 CCT [2018/05/21 9:45:52 ET]
Table 'Donati' 6-max Seat #1 is the button
Seat 1: WEIPEI1 ($5 in chips) 
Seat 2: winson5588 ($6.61 in chips) 
Seat 3: trucker9972 ($3.94 in chips) 
Seat 4: LingPro ($6.98 in chips) 
Seat 5: HubertusB ($9.71 in chips) 
Seat 6: Roman197430 ($3.89 in chips) 
winson5588: posts small blind $0.02
trucker9972: posts big blind $0.05
*** HOLE CARDS ***
Dealt to HubertusB [Js 4d]
LingPro: raises $0.07 to $0.12
HubertusB: folds 
Roman197430: calls $0.12
WEIPEI1: folds 
winson5588: folds 
trucker9972: folds 
*** FLOP *** [Ts 8h 4c]
LingPro: bets $0.15
Roman197430: calls $0.15
*** TURN *** [Ts 8h 4c] [7d]
LingPro: bets $0.44
Roman197430: calls $0.44
*** RIVER *** [Ts 8h 4c 7d] [Ks]
LingPro: bets $1.07
Roman197430: raises $2.11 to $3.18 and is all-in
LingPro: calls $2.11
*** SHOW DOWN ***
Roman197430: shows [9d Jd] (a straight, Seven to Jack)
LingPro: shows [Ah Td] (a pair of Tens)
Roman197430 collected $7.52 from pot
*** SUMMARY ***
Total pot $7.85 | Rake $0.33 
Board [Ts 8h 4c 7d Ks]
Seat 1: WEIPEI1 (button) folded before Flop (didn't bet)
Seat 2: winson5588 (small blind) folded before Flop
Seat 3: trucker9972 (big blind) folded before Flop
Seat 4: LingPro showed [Ah Td] and lost with a pair of Tens
Seat 5: HubertusB folded before Flop (didn't bet)
Seat 6: Roman197430 showed [9d Jd] and won ($7.52) with a straight, Seven to Jack



PokerStars Zoom Hand #186688740363:  Hold'em No Limit ($0.02/$0.05) - 2018/05/21 21:46:10 CCT [2018/05/21 9:46:10 ET]
Table 'Donati' 6-max Seat #1 is the button
Seat 1: shytnikmalai ($2.92 in chips) 
Seat 2: BuBBleBoy548 ($5.05 in chips) 
Seat 3: tumo1326 ($9.02 in chips) 
Seat 4: TheJokkoo ($6.49 in chips) 
Seat 5: luka1981good ($5 in chips) 
Seat 6: HubertusB ($9.66 in chips) 
BuBBleBoy548: posts small blind $0.02
tumo1326: posts big blind $0.05
*** HOLE CARDS ***
Dealt to HubertusB [2h 7c]
TheJokkoo: folds 
luka1981good: folds 
HubertusB: folds 
shytnikmalai: raises $0.15 to $0.20
BuBBleBoy548: folds 
tumo1326: calls $0.15
*** FLOP *** [9s Qd Jh]
tumo1326: checks 
shytnikmalai: bets $0.30
tumo1326: calls $0.30
*** TURN *** [9s Qd Jh] [Ah]
tumo1326: checks 
shytnikmalai: bets $0.55
tumo1326: calls $0.55
*** RIVER *** [9s Qd Jh Ah] [Kh]
tumo1326: checks 
shytnikmalai: bets $1.87 and is all-in
tumo1326: folds 
Uncalled bet ($1.87) returned to shytnikmalai
shytnikmalai collected $2.03 from pot
shytnikmalai: doesn't show hand 
*** SUMMARY ***
Total pot $2.12 | Rake $0.09 
Board [9s Qd Jh Ah Kh]
Seat 1: shytnikmalai (button) collected ($2.03)
Seat 2: BuBBleBoy548 (small blind) folded before Flop
Seat 3: tumo1326 (big blind) folded on the River
Seat 4: TheJokkoo folded before Flop (didn't bet)
Seat 5: luka1981good folded before Flop (didn't bet)
Seat 6: HubertusB folded before Flop (didn't bet)



PokerStars Zoom Hand #186688745796:  Hold'em No Limit ($0.02/$0.05) - 2018/05/21 21:46:21 CCT [2018/05/21 9:46:21 ET]
Table 'Donati' 6-max Seat #1 is the button
Seat 1: Leopoldia ($0.61 in chips) 
Seat 2: M4il4o ($5.02 in chips) 
Seat 3: Vayyyy ($11.20 in chips) 
Seat 4: etd.poker ($5.13 in chips) 
Seat 5: HubertusB ($9.66 in chips) 
Seat 6: Rusherito87 ($5.23 in chips) 
M4il4o: posts small blind $0.02
Vayyyy: posts big blind $0.05
*** HOLE CARDS ***
Dealt to HubertusB [9c 2c]
etd.poker: folds 
HubertusB: folds 
Rusherito87: raises $0.06 to $0.11
Leopoldia: calls $0.11
M4il4o: folds 
Vayyyy: folds 
*** FLOP *** [Ks 2d 3d]
Rusherito87: checks 
Leopoldia: bets $0.50 and is all-in
Rusherito87: folds 
Uncalled bet ($0.50) returned to Leopoldia
Leopoldia collected $0.28 from pot
Leopoldia: doesn't show hand 
*** SUMMARY ***
Total pot $0.29 | Rake $0.01 
Board [Ks 2d 3d]
Seat 1: Leopoldia (button) collected ($0.28)
Seat 2: M4il4o (small blind) folded before Flop
Seat 3: Vayyyy (big blind) folded before Flop
Seat 4: etd.poker folded before Flop (didn't bet)
Seat 5: HubertusB folded before Flop (didn't bet)
Seat 6: Rusherito87 folded on the Flop



PokerStars Zoom Hand #186688751182:  Hold'em No Limit ($0.02/$0.05) - 2018/05/21 21:46:32 CCT [2018/05/21 9:46:32 ET]
Table 'Donati' 6-max Seat #1 is the button
Seat 1: Bot1729 ($5.65 in chips) 
Seat 2: HubertusB ($9.66 in chips) 
Seat 3: Rataj89 ($4.86 in chips) 
Seat 4: take29 ($6.66 in chips) 
Seat 5: dyuh555 ($4.48 in chips) 
Seat 6: Fredchie ($4.97 in chips) 
HubertusB: posts small blind $0.02
Rataj89: posts big blind $0.05
*** HOLE CARDS ***
Dealt to HubertusB [Jd Td]
take29: folds 
dyuh555: folds 
Fredchie: raises $0.10 to $0.15
Bot1729: folds 
HubertusB: raises $0.35 to $0.50
Rataj89: folds 
Fredchie: folds 
Uncalled bet ($0.35) returned to HubertusB
HubertusB collected $0.35 from pot
HubertusB: doesn't show hand 
*** SUMMARY ***
Total pot $0.35 | Rake $0 
Seat 1: Bot1729 (button) folded before Flop (didn't bet)
Seat 2: HubertusB (small blind) collected ($0.35)
Seat 3: Rataj89 (big blind) folded before Flop
Seat 4: take29 folded before Flop (didn't bet)
Seat 5: dyuh555 folded before Flop (didn't bet)
Seat 6: Fredchie folded before Flop



PokerStars Zoom Hand #186688748774:  Hold'em No Limit ($0.02/$0.05) - 2018/05/21 21:46:27 CCT [2018/05/21 9:46:27 ET]
Table 'Donati' 6-max Seat #1 is the button
Seat 1: HubertusB ($9.66 in chips) 
Seat 2: barada89 ($1.57 in chips) 
Seat 3: Igor86554 ($5.54 in chips) 
Seat 4: yuriy)628 ($3.25 in chips) 
Seat 5: aaw990619 ($5.65 in chips) 
Seat 6: luka1981good ($5 in chips) 
barada89: posts small blind $0.02
Igor86554: posts big blind $0.05
*** HOLE CARDS ***
Dealt to HubertusB [7s 5h]
yuriy)628: folds 
aaw990619: folds 
luka1981good: raises $0.05 to $0.10
HubertusB: folds 
barada89: folds 
Igor86554: raises $0.10 to $0.20
luka1981good: calls $0.10
*** FLOP *** [2c 4h 6s]
Igor86554: bets $0.24
luka1981good: folds 
Uncalled bet ($0.24) returned to Igor86554
Igor86554 collected $0.40 from pot
Igor86554: doesn't show hand 
*** SUMMARY ***
Total pot $0.42 | Rake $0.02 
Board [2c 4h 6s]
Seat 1: HubertusB (button) folded before Flop (didn't bet)
Seat 2: barada89 (small blind) folded before Flop
Seat 3: Igor86554 (big blind) collected ($0.40)
Seat 4: yuriy)628 folded before Flop (didn't bet)
Seat 5: aaw990619 folded before Flop (didn't bet)
Seat 6: luka1981good folded on the Flop



PokerStars Zoom Hand #186688769758:  Hold'em No Limit ($0.02/$0.05) - 2018/05/21 21:47:10 CCT [2018/05/21 9:47:10 ET]
Table 'Donati' 6-max Seat #1 is the button
Seat 1: HubertusB ($9.81 in chips) 
Seat 2: ess3L ($14.62 in chips) 
Seat 3: Grussbote ($6.97 in chips) 
Seat 4: Mr.Link1 ($1.87 in chips) 
Seat 5: opilaso ($11.83 in chips) 
Seat 6: Moskvich951 ($11.78 in chips) 
ess3L: posts small blind $0.02
Grussbote: posts big blind $0.05
*** HOLE CARDS ***
Dealt to HubertusB [2c 9s]
Mr.Link1: folds 
opilaso: folds 
Moskvich951: folds 
HubertusB: folds 
ess3L: folds 
Uncalled bet ($0.03) returned to Grussbote
Grussbote collected $0.04 from pot
Grussbote: doesn't show hand 
*** SUMMARY ***
Total pot $0.04 | Rake $0 
Seat 1: HubertusB (button) folded before Flop (didn't bet)
Seat 2: ess3L (small blind) folded before Flop
Seat 3: Grussbote (big blind) collected ($0.04)
Seat 4: Mr.Link1 folded before Flop (didn't bet)
Seat 5: opilaso folded before Flop (didn't bet)
Seat 6: Moskvich951 folded before Flop (didn't bet)



PokerStars Zoom Hand #186688763934:  Hold'em No Limit ($0.02/$0.05) - 2018/05/21 21:46:58 CCT [2018/05/21 9:46:58 ET]
Table 'Donati' 6-max Seat #1 is the button
Seat 1: Zagrebaiu ($5.53 in chips) 
Seat 2: Reece1985 ($4.60 in chips) 
Seat 3: HubertusB ($9.86 in chips) 
Seat 4: richymen_15 ($6.46 in chips) 
Seat 5: Scaramouge ($5.65 in chips) 
Seat 6: smoot21 ($5.61 in chips) 
Reece1985: posts small blind $0.02
HubertusB: posts big blind $0.05
*** HOLE CARDS ***
Dealt to HubertusB [Qh 8h]
richymen_15: folds 
Scaramouge: folds 
smoot21: folds 
Zagrebaiu: raises $0.07 to $0.12
Reece1985: calls $0.10
HubertusB: folds 
*** FLOP *** [6s 3h 5h]
Reece1985: checks 
Zagrebaiu: bets $0.56
Reece1985: folds 
Uncalled bet ($0.56) returned to Zagrebaiu
Zagrebaiu collected $0.28 from pot
Zagrebaiu: doesn't show hand 
*** SUMMARY ***
Total pot $0.29 | Rake $0.01 
Board [6s 3h 5h]
Seat 1: Zagrebaiu (button) collected ($0.28)
Seat 2: Reece1985 (small blind) folded on the Flop
Seat 3: HubertusB (big blind) folded before Flop
Seat 4: richymen_15 folded before Flop (didn't bet)
Seat 5: Scaramouge folded before Flop (didn't bet)
Seat 6: smoot21 folded before Flop (didn't bet)



PokerStars Zoom Hand #186688772240:  Hold'em No Limit ($0.02/$0.05) - 2018/05/21 21:47:15 CCT [2018/05/21 9:47:15 ET]
Table 'Donati' 6-max Seat #1 is the button
Seat 1: Raika_364 ($8.56 in chips) 
Seat 2: cindy.c0235 ($9.93 in chips) 
Seat 3: GOMEZ909 ($8.23 in chips) 
Seat 4: HubertusB ($9.81 in chips) 
Seat 5: Ornivas ($4.48 in chips) 
Seat 6: miaolegemi ($5.30 in chips) 
cindy.c0235: posts small blind $0.02
GOMEZ909: posts big blind $0.05
*** HOLE CARDS ***
Dealt to HubertusB [Td 8h]
HubertusB: folds 
Ornivas: raises $0.10 to $0.15
miaolegemi: folds 
Raika_364: folds 
cindy.c0235: raises $0.35 to $0.50
GOMEZ909: folds 
Ornivas: calls $0.35
*** FLOP *** [4d Ah 4h]
cindy.c0235: bets $1
Ornivas: folds 
Uncalled bet ($1) returned to cindy.c0235
cindy.c0235 collected $1.01 from pot
cindy.c0235: doesn't show hand 
*** SUMMARY ***
Total pot $1.05 | Rake $0.04 
Board [4d Ah 4h]
Seat 1: Raika_364 (button) folded before Flop (didn't bet)
Seat 2: cindy.c0235 (small blind) collected ($1.01)
Seat 3: GOMEZ909 (big blind) folded before Flop
Seat 4: HubertusB folded before Flop (didn't bet)
Seat 5: Ornivas folded on the Flop
Seat 6: miaolegemi folded before Flop (didn't bet)



PokerStars Zoom Hand #186688779093:  Hold'em No Limit ($0.02/$0.05) - 2018/05/21 21:47:29 CCT [2018/05/21 9:47:29 ET]
Table 'Donati' 6-max Seat #1 is the button
Seat 1: Hamaris ($5.22 in chips) 
Seat 2: Lacky_DNK ($4.88 in chips) 
Seat 3: HubertusB ($9.79 in chips) 
Seat 4: Antrax3067 ($5 in chips) 
Seat 5: Guzyaka ($11.69 in chips) 
Seat 6: anika.niki ($2.52 in chips) 
Lacky_DNK: posts small blind $0.02
HubertusB: posts big blind $0.05
*** HOLE CARDS ***
Dealt to HubertusB [2c 9h]
Antrax3067: folds 
Guzyaka: folds 
anika.niki: folds 
Hamaris: folds 
Lacky_DNK: raises $0.10 to $0.15
HubertusB: folds 
Uncalled bet ($0.10) returned to Lacky_DNK
Lacky_DNK collected $0.10 from pot
Lacky_DNK: doesn't show hand 
*** SUMMARY ***
Total pot $0.10 | Rake $0 
Seat 1: Hamaris (button) folded before Flop (didn't bet)
Seat 2: Lacky_DNK (small blind) collected ($0.10)
Seat 3: HubertusB (big blind) folded before Flop
Seat 4: Antrax3067 folded before Flop (didn't bet)
Seat 5: Guzyaka folded before Flop (didn't bet)
Seat 6: anika.niki folded before Flop (didn't bet)



PokerStars Zoom Hand #186688774641:  Hold'em No Limit ($0.02/$0.05) - 2018/05/21 21:47:20 CCT [2018/05/21 9:47:20 ET]
Table 'Donati' 6-max Seat #1 is the button
Seat 1: value_ftw ($5.11 in chips) 
Seat 2: HubertusB ($9.81 in chips) 
Seat 3: ILNAZ2307 ($4.87 in chips) 
Seat 4: kranovoy22 ($5.95 in chips) 
Seat 5: Alexandr63S ($5.96 in chips) 
Seat 6: whoisdurrrrr ($12.71 in chips) 
HubertusB: posts small blind $0.02
ILNAZ2307: posts big blind $0.05
*** HOLE CARDS ***
Dealt to HubertusB [7h Qh]
kranovoy22: folds 
Alexandr63S: calls $0.05
whoisdurrrrr: folds 
value_ftw: raises $0.17 to $0.22
HubertusB: folds 
ILNAZ2307: folds 
Alexandr63S: calls $0.17
*** FLOP *** [Ad 4h Jh]
Alexandr63S: bets $0.05
value_ftw: calls $0.05
*** TURN *** [Ad 4h Jh] [Ac]
Alexandr63S: bets $0.05
value_ftw: calls $0.05
*** RIVER *** [Ad 4h Jh Ac] [7d]
Alexandr63S: bets $0.05
value_ftw: calls $0.05
*** SHOW DOWN ***
Alexandr63S: shows [Kd 3h] (a pair of Aces)
value_ftw: shows [Qs Kc] (a pair of Aces - King+Queen kicker)
value_ftw collected $0.78 from pot
*** SUMMARY ***
Total pot $0.81 | Rake $0.03 
Board [Ad 4h Jh Ac 7d]
Seat 1: value_ftw (button) showed [Qs Kc] and won ($0.78) with a pair of Aces
Seat 2: HubertusB (small blind) folded before Flop
Seat 3: ILNAZ2307 (big blind) folded before Flop
Seat 4: kranovoy22 folded before Flop (didn't bet)
Seat 5: Alexandr63S showed [Kd 3h] and lost with a pair of Aces
Seat 6: whoisdurrrrr folded before Flop (didn't bet)



PokerStars Zoom Hand #186688767316:  Hold'em No Limit ($0.02/$0.05) - 2018/05/21 21:47:05 CCT [2018/05/21 9:47:05 ET]
Table 'Donati' 6-max Seat #1 is the button
Seat 1: $ly4ss ($6.65 in chips) 
Seat 2: csöri83 ($10.73 in chips) 
Seat 3: prm4life ($5.26 in chips) 
Seat 4: HubertusB ($9.81 in chips) 
Seat 5: 66luke ($5.36 in chips) 
Seat 6: pashqadk ($5 in chips) 
csöri83: posts small blind $0.02
prm4life: posts big blind $0.05
*** HOLE CARDS ***
Dealt to HubertusB [Jh 9c]
HubertusB: folds 
66luke: folds 
pashqadk: folds 
$ly4ss: folds 
csöri83: calls $0.03
prm4life: raises $0.20 to $0.25
csöri83: calls $0.20
*** FLOP *** [6s 2d Qd]
csöri83: checks 
prm4life: bets $0.26
csöri83: calls $0.26
*** TURN *** [6s 2d Qd] [Qs]
csöri83: checks 
prm4life: bets $0.54
csöri83: calls $0.54
*** RIVER *** [6s 2d Qd Qs] [Kh]
csöri83: checks 
prm4life: bets $0.45
csöri83: calls $0.45
*** SHOW DOWN ***
prm4life: shows [Jd Qc] (three of a kind, Queens)
csöri83: mucks hand 
prm4life collected $2.88 from pot
*** SUMMARY ***
Total pot $3 | Rake $0.12 
Board [6s 2d Qd Qs Kh]
Seat 1: $ly4ss (button) folded before Flop (didn't bet)
Seat 2: csöri83 (small blind) mucked [Kd 5d]
Seat 3: prm4life (big blind) showed [Jd Qc] and won ($2.88) with three of a kind, Queens
Seat 4: HubertusB folded before Flop (didn't bet)
Seat 5: 66luke folded before Flop (didn't bet)
Seat 6: pashqadk folded before Flop (didn't bet)



PokerStars Zoom Hand #186688760990:  Hold'em No Limit ($0.02/$0.05) - 2018/05/21 21:46:52 CCT [2018/05/21 9:46:52 ET]
Table 'Donati' 6-max Seat #1 is the button
Seat 1: cRaZyEiGhT85 ($7.10 in chips) 
Seat 2: mr_black434 ($5.09 in chips) 
Seat 3: ILNAZ2307 ($4.70 in chips) 
Seat 4: ilynskiy ($3.31 in chips) 
Seat 5: barada89 ($1.40 in chips) 
Seat 6: HubertusB ($9.86 in chips) 
mr_black434: posts small blind $0.02
ILNAZ2307: posts big blind $0.05
*** HOLE CARDS ***
Dealt to HubertusB [2h 5s]
ilynskiy: folds 
barada89: folds 
HubertusB: folds 
cRaZyEiGhT85: raises $0.07 to $0.12
mr_black434: folds 
ILNAZ2307: calls $0.07
*** FLOP *** [8c 5c 3s]
ILNAZ2307: checks 
cRaZyEiGhT85: bets $0.15
ILNAZ2307: raises $0.43 to $0.58
cRaZyEiGhT85: calls $0.43
*** TURN *** [8c 5c 3s] [Jc]
ILNAZ2307: checks 
cRaZyEiGhT85: checks 
*** RIVER *** [8c 5c 3s Jc] [9s]
ILNAZ2307: bets $1.07
cRaZyEiGhT85: folds 
Uncalled bet ($1.07) returned to ILNAZ2307
ILNAZ2307 collected $1.36 from pot
ILNAZ2307: doesn't show hand 
*** SUMMARY ***
Total pot $1.42 | Rake $0.06 
Board [8c 5c 3s Jc 9s]
Seat 1: cRaZyEiGhT85 (button) folded on the River
Seat 2: mr_black434 (small blind) folded before Flop
Seat 3: ILNAZ2307 (big blind) collected ($1.36)
Seat 4: ilynskiy folded before Flop (didn't bet)
Seat 5: barada89 folded before Flop (didn't bet)
Seat 6: HubertusB folded before Flop (didn't bet)



PokerStars Zoom Hand #186688791861:  Hold'em No Limit ($0.02/$0.05) - 2018/05/21 21:47:55 CCT [2018/05/21 9:47:55 ET]
Table 'Donati' 6-max Seat #1 is the button
Seat 1: AsterixBrn ($6.24 in chips) 
Seat 2: s0chi161090 ($2.74 in chips) 
Seat 3: Derter25 ($6.22 in chips) 
Seat 4: anuska22294 ($4.15 in chips) 
Seat 5: ilynskiy ($6.69 in chips) 
Seat 6: HubertusB ($9.74 in chips) 
s0chi161090: posts small blind $0.02
Derter25: posts big blind $0.05
*** HOLE CARDS ***
Dealt to HubertusB [Ts 8s]
anuska22294: folds 
ilynskiy: folds 
HubertusB: raises $0.07 to $0.12
AsterixBrn: folds 
s0chi161090: folds 
Derter25: folds 
Uncalled bet ($0.07) returned to HubertusB
HubertusB collected $0.12 from pot
HubertusB: doesn't show hand 
*** SUMMARY ***
Total pot $0.12 | Rake $0 
Seat 1: AsterixBrn (button) folded before Flop (didn't bet)
Seat 2: s0chi161090 (small blind) folded before Flop
Seat 3: Derter25 (big blind) folded before Flop
Seat 4: anuska22294 folded before Flop (didn't bet)
Seat 5: ilynskiy folded before Flop (didn't bet)
Seat 6: HubertusB collected ($0.12)



PokerStars Zoom Hand #186688785972:  Hold'em No Limit ($0.02/$0.05) - 2018/05/21 21:47:43 CCT [2018/05/21 9:47:43 ET]
Table 'Donati' 6-max Seat #1 is the button
Seat 1: JNeoh ($15.80 in chips) 
Seat 2: serge87100 ($6.34 in chips) 
Seat 3: LingPro ($5.17 in chips) 
Seat 4: Truth711 ($5.62 in chips) 
Seat 5: manuk333 ($5 in chips) 
Seat 6: HubertusB ($9.74 in chips) 
serge87100: posts small blind $0.02
LingPro: posts big blind $0.05
*** HOLE CARDS ***
Dealt to HubertusB [4c Kc]
Truth711: folds 
manuk333: folds 
HubertusB: folds 
JNeoh: raises $0.10 to $0.15
serge87100: folds 
LingPro: folds 
Uncalled bet ($0.10) returned to JNeoh
JNeoh collected $0.12 from pot
JNeoh: doesn't show hand 
*** SUMMARY ***
Total pot $0.12 | Rake $0 
Seat 1: JNeoh (button) collected ($0.12)
Seat 2: serge87100 (small blind) folded before Flop
Seat 3: LingPro (big blind) folded before Flop
Seat 4: Truth711 folded before Flop (didn't bet)
Seat 5: manuk333 folded before Flop (didn't bet)
Seat 6: HubertusB folded before Flop (didn't bet)



PokerStars Zoom Hand #186688789444:  Hold'em No Limit ($0.02/$0.05) - 2018/05/21 21:47:50 CCT [2018/05/21 9:47:50 ET]
Table 'Donati' 6-max Seat #1 is the button
Seat 1: BoSs00 ($8.70 in chips) 
Seat 2: VladTim ($5 in chips) 
Seat 3: LingPro ($6.22 in chips) 
Seat 4: Ornivas ($3.93 in chips) 
Seat 5: HubertusB ($9.74 in chips) 
Seat 6: Levison ($6.87 in chips) 
VladTim: posts small blind $0.02
LingPro: posts big blind $0.05
*** HOLE CARDS ***
Dealt to HubertusB [Ks 4d]
Ornivas: folds 
HubertusB: folds 
Levison: raises $0.05 to $0.10
BoSs00: calls $0.10
VladTim: folds 
LingPro: folds 
*** FLOP *** [Tc 9s Ts]
Levison: checks 
BoSs00: checks 
*** TURN *** [Tc 9s Ts] [Jh]
Levison: checks 
BoSs00: checks 
*** RIVER *** [Tc 9s Ts Jh] [Kc]
Levison: bets $0.30
BoSs00: folds 
Uncalled bet ($0.30) returned to Levison
Levison collected $0.26 from pot
Levison: doesn't show hand 
*** SUMMARY ***
Total pot $0.27 | Rake $0.01 
Board [Tc 9s Ts Jh Kc]
Seat 1: BoSs00 (button) folded on the River
Seat 2: VladTim (small blind) folded before Flop
Seat 3: LingPro (big blind) folded before Flop
Seat 4: Ornivas folded before Flop (didn't bet)
Seat 5: HubertusB folded before Flop (didn't bet)
Seat 6: Levison collected ($0.26)



PokerStars Zoom Hand #186688797777:  Hold'em No Limit ($0.02/$0.05) - 2018/05/21 21:48:07 CCT [2018/05/21 9:48:07 ET]
Table 'Donati' 6-max Seat #1 is the button
Seat 1: Raika_364 ($6.63 in chips) 
Seat 2: HubertusB ($9.81 in chips) 
Seat 3: Draugsvoll ($6.61 in chips) 
Seat 4: margo103 ($9.19 in chips) 
Seat 5: PiNe4ppLe ($5 in chips) 
Seat 6: oleg777886 ($5.05 in chips) 
HubertusB: posts small blind $0.02
Draugsvoll: posts big blind $0.05
*** HOLE CARDS ***
Dealt to HubertusB [4h Js]
margo103: folds 
PiNe4ppLe: folds 
oleg777886: folds 
Raika_364: folds 
HubertusB: folds 
Uncalled bet ($0.03) returned to Draugsvoll
Draugsvoll collected $0.04 from pot
Draugsvoll: doesn't show hand 
*** SUMMARY ***
Total pot $0.04 | Rake $0 
Seat 1: Raika_364 (button) folded before Flop (didn't bet)
Seat 2: HubertusB (small blind) folded before Flop
Seat 3: Draugsvoll (big blind) collected ($0.04)
Seat 4: margo103 folded before Flop (didn't bet)
Seat 5: PiNe4ppLe folded before Flop (didn't bet)
Seat 6: oleg777886 folded before Flop (didn't bet)



PokerStars Zoom Hand #186688800739:  Hold'em No Limit ($0.02/$0.05) - 2018/05/21 21:48:13 CCT [2018/05/21 9:48:13 ET]
Table 'Donati' 6-max Seat #1 is the button
Seat 1: Lacky_DNK ($4.93 in chips) 
Seat 2: RAIN_ACID ($14.84 in chips) 
Seat 3: HubertusB ($9.79 in chips) 
Seat 4: marcioadrs ($7.95 in chips) 
Seat 5: fbimerg86 ($5 in chips) 
Seat 6: mopsrenat ($3.90 in chips) 
RAIN_ACID: posts small blind $0.02
HubertusB: posts big blind $0.05
*** HOLE CARDS ***
Dealt to HubertusB [3h Ks]
marcioadrs: folds 
fbimerg86: folds 
mopsrenat: raises $0.10 to $0.15
Lacky_DNK: folds 
RAIN_ACID: folds 
HubertusB: folds 
Uncalled bet ($0.10) returned to mopsrenat
mopsrenat collected $0.12 from pot
mopsrenat: doesn't show hand 
*** SUMMARY ***
Total pot $0.12 | Rake $0 
Seat 1: Lacky_DNK (button) folded before Flop (didn't bet)
Seat 2: RAIN_ACID (small blind) folded before Flop
Seat 3: HubertusB (big blind) folded before Flop
Seat 4: marcioadrs folded before Flop (didn't bet)
Seat 5: fbimerg86 folded before Flop (didn't bet)
Seat 6: mopsrenat collected ($0.12)



PokerStars Zoom Hand #186688817505:  Hold'em No Limit ($0.02/$0.05) - 2018/05/21 21:48:47 CCT [2018/05/21 9:48:47 ET]
Table 'Donati' 6-max Seat #1 is the button
Seat 1: bolseiroo ($5 in chips) 
Seat 2: NERMIN_PEKI ($6.53 in chips) 
Seat 3: Hamaris ($3.67 in chips) 
Seat 4: etd.poker ($5 in chips) 
Seat 5: HubertusB ($9.74 in chips) 
Seat 6: Rataj89 ($4.85 in chips) 
NERMIN_PEKI: posts small blind $0.02
Hamaris: posts big blind $0.05
*** HOLE CARDS ***
Dealt to HubertusB [7d 3s]
etd.poker: folds 
HubertusB: folds 
Rataj89: folds 
bolseiroo: folds 
NERMIN_PEKI: raises $0.10 to $0.15
Hamaris: folds 
Uncalled bet ($0.10) returned to NERMIN_PEKI
NERMIN_PEKI collected $0.10 from pot
NERMIN_PEKI: doesn't show hand 
*** SUMMARY ***
Total pot $0.10 | Rake $0 
Seat 1: bolseiroo (button) folded before Flop (didn't bet)
Seat 2: NERMIN_PEKI (small blind) collected ($0.10)
Seat 3: Hamaris (big blind) folded before Flop
Seat 4: etd.poker folded before Flop (didn't bet)
Seat 5: HubertusB folded before Flop (didn't bet)
Seat 6: Rataj89 folded before Flop (didn't bet)



PokerStars Zoom Hand #186688812612:  Hold'em No Limit ($0.02/$0.05) - 2018/05/21 21:48:37 CCT [2018/05/21 9:48:37 ET]
Table 'Donati' 6-max Seat #1 is the button
Seat 1: HubertusB ($9.74 in chips) 
Seat 2: Bot1729 ($5.61 in chips) 
Seat 3: chriscall491 ($7.43 in chips) 
Seat 4: wessel2908 ($7.16 in chips) 
Seat 5: Chaca273 ($8.37 in chips) 
Seat 6: Ornivas ($4.25 in chips) 
Bot1729: posts small blind $0.02
chriscall491: posts big blind $0.05
*** HOLE CARDS ***
Dealt to HubertusB [5s 8s]
wessel2908: folds 
Chaca273: raises $0.10 to $0.15
Ornivas: calls $0.15
HubertusB: folds 
Bot1729: folds 
chriscall491: calls $0.10
*** FLOP *** [Ac 7d Qd]
chriscall491: checks 
Chaca273: bets $0.23
Ornivas: folds 
chriscall491: folds 
Uncalled bet ($0.23) returned to Chaca273
Chaca273 collected $0.45 from pot
Chaca273: doesn't show hand 
*** SUMMARY ***
Total pot $0.47 | Rake $0.02 
Board [Ac 7d Qd]
Seat 1: HubertusB (button) folded before Flop (didn't bet)
Seat 2: Bot1729 (small blind) folded before Flop
Seat 3: chriscall491 (big blind) folded on the Flop
Seat 4: wessel2908 folded before Flop (didn't bet)
Seat 5: Chaca273 collected ($0.45)
Seat 6: Ornivas folded on the Flop



PokerStars Zoom Hand #186688824870:  Hold'em No Limit ($0.02/$0.05) - 2018/05/21 21:49:02 CCT [2018/05/21 9:49:02 ET]
Table 'Donati' 6-max Seat #1 is the button
Seat 1: HubertusB ($9.74 in chips) 
Seat 2: Hyena777210 ($6.02 in chips) 
Seat 3: smasaken ($5.02 in chips) 
Seat 4: NERMIN_PEKI ($6.58 in chips) 
Seat 5: Vilzivul ($5.50 in chips) 
Seat 6: zopyrik88 ($2.36 in chips) 
Hyena777210: posts small blind $0.02
smasaken: posts big blind $0.05
*** HOLE CARDS ***
Dealt to HubertusB [2h 6s]
NERMIN_PEKI: folds 
Vilzivul: folds 
zopyrik88: raises $0.10 to $0.15
HubertusB: folds 
Hyena777210: folds 
smasaken: folds 
Uncalled bet ($0.10) returned to zopyrik88
zopyrik88 collected $0.12 from pot
zopyrik88: doesn't show hand 
*** SUMMARY ***
Total pot $0.12 | Rake $0 
Seat 1: HubertusB (button) folded before Flop (didn't bet)
Seat 2: Hyena777210 (small blind) folded before Flop
Seat 3: smasaken (big blind) folded before Flop
Seat 4: NERMIN_PEKI folded before Flop (didn't bet)
Seat 5: Vilzivul folded before Flop (didn't bet)
Seat 6: zopyrik88 collected ($0.12)



PokerStars Zoom Hand #186688819944:  Hold'em No Limit ($0.02/$0.05) - 2018/05/21 21:48:52 CCT [2018/05/21 9:48:52 ET]
Table 'Donati' 6-max Seat #1 is the button
Seat 1: danielluizdl ($7.54 in chips) 
Seat 2: bolseiroo ($5 in chips) 
Seat 3: mariusghet12 ($9 in chips) 
Seat 4: HubertusB ($9.74 in chips) 
Seat 5: Zatoch ($7.97 in chips) 
Seat 6: progre$$or ($5 in chips) 
bolseiroo: posts small blind $0.02
mariusghet12: posts big blind $0.05
*** HOLE CARDS ***
Dealt to HubertusB [9c 4h]
HubertusB: folds 
Zatoch: folds 
progre$$or: folds 
danielluizdl: raises $0.10 to $0.15
bolseiroo: folds 
mariusghet12: folds 
Uncalled bet ($0.10) returned to danielluizdl
danielluizdl collected $0.12 from pot
danielluizdl: doesn't show hand 
*** SUMMARY ***
Total pot $0.12 | Rake $0 
Seat 1: danielluizdl (button) collected ($0.12)
Seat 2: bolseiroo (small blind) folded before Flop
Seat 3: mariusghet12 (big blind) folded before Flop
Seat 4: HubertusB folded before Flop (didn't bet)
Seat 5: Zatoch folded before Flop (didn't bet)
Seat 6: progre$$or folded before Flop (didn't bet)



PokerStars Zoom Hand #186688822381:  Hold'em No Limit ($0.02/$0.05) - 2018/05/21 21:48:57 CCT [2018/05/21 9:48:57 ET]
Table 'Donati' 6-max Seat #1 is the button
Seat 1: komar665 ($5 in chips) 
Seat 2: prm4life ($8.98 in chips) 
Seat 3: krzys19697 ($5.09 in chips) 
Seat 4: naoyuki10 ($7.40 in chips) 
Seat 5: HubertusB ($9.74 in chips) 
Seat 6: XXXiao ($11.46 in chips) 
prm4life: posts small blind $0.02
krzys19697: posts big blind $0.05
*** HOLE CARDS ***
Dealt to HubertusB [4h Ks]
naoyuki10: folds 
HubertusB: folds 
XXXiao: raises $0.12 to $0.17
komar665 has timed out while disconnected
komar665: folds 
prm4life: folds 
krzys19697: folds 
Uncalled bet ($0.12) returned to XXXiao
XXXiao collected $0.12 from pot
XXXiao: doesn't show hand 
*** SUMMARY ***
Total pot $0.12 | Rake $0 
Seat 1: komar665 (button) folded before Flop (didn't bet)
Seat 2: prm4life (small blind) folded before Flop
Seat 3: krzys19697 (big blind) folded before Flop
Seat 4: naoyuki10 folded before Flop (didn't bet)
Seat 5: HubertusB folded before Flop (didn't bet)
Seat 6: XXXiao collected ($0.12)



PokerStars Zoom Hand #186688831189:  Hold'em No Limit ($0.02/$0.05) - 2018/05/21 21:49:15 CCT [2018/05/21 9:49:15 ET]
Table 'Donati' 6-max Seat #1 is the button
Seat 1: Zagrebaiu ($5.54 in chips) 
Seat 2: smudge120681 ($7.61 in chips) 
Seat 3: BoSs00 ($8.50 in chips) 
Seat 4: HubertusB ($9.72 in chips) 
Seat 5: eliasfleitas ($11.74 in chips) 
Seat 6: Tqlkkk-_- ($5 in chips) 
smudge120681: posts small blind $0.02
BoSs00: posts big blind $0.05
*** HOLE CARDS ***
Dealt to HubertusB [4s Th]
HubertusB: folds 
eliasfleitas: folds 
Tqlkkk-_-: folds 
Zagrebaiu: raises $0.07 to $0.12
smudge120681: folds 
BoSs00: folds 
Uncalled bet ($0.07) returned to Zagrebaiu
Zagrebaiu collected $0.12 from pot
Zagrebaiu: doesn't show hand 
*** SUMMARY ***
Total pot $0.12 | Rake $0 
Seat 1: Zagrebaiu (button) collected ($0.12)
Seat 2: smudge120681 (small blind) folded before Flop
Seat 3: BoSs00 (big blind) folded before Flop
Seat 4: HubertusB folded before Flop (didn't bet)
Seat 5: eliasfleitas folded before Flop (didn't bet)
Seat 6: Tqlkkk-_- folded before Flop (didn't bet)



PokerStars Zoom Hand #186688828240:  Hold'em No Limit ($0.02/$0.05) - 2018/05/21 21:49:09 CCT [2018/05/21 9:49:09 ET]
Table 'Donati' 6-max Seat #1 is the button
Seat 1: pk_yo_bro ($9.66 in chips) 
Seat 2: HubertusB ($9.74 in chips) 
Seat 3: Chaca273 ($8.67 in chips) 
Seat 4: take29 ($6.14 in chips) 
Seat 5: Xibaze ($5.57 in chips) 
Seat 6: pointout91 ($6.56 in chips) 
HubertusB: posts small blind $0.02
Chaca273: posts big blind $0.05
*** HOLE CARDS ***
Dealt to HubertusB [Qc 6h]
take29: raises $0.10 to $0.15
Xibaze: folds 
pointout91: folds 
pk_yo_bro: folds 
HubertusB: folds 
Chaca273: folds 
Uncalled bet ($0.10) returned to take29
take29 collected $0.12 from pot
take29: doesn't show hand 
*** SUMMARY ***
Total pot $0.12 | Rake $0 
Seat 1: pk_yo_bro (button) folded before Flop (didn't bet)
Seat 2: HubertusB (small blind) folded before Flop
Seat 3: Chaca273 (big blind) folded before Flop
Seat 4: take29 collected ($0.12)
Seat 5: Xibaze folded before Flop (didn't bet)
Seat 6: pointout91 folded before Flop (didn't bet)



PokerStars Zoom Hand #186688833649:  Hold'em No Limit ($0.02/$0.05) - 2018/05/21 21:49:20 CCT [2018/05/21 9:49:20 ET]
Table 'Donati' 6-max Seat #1 is the button
Seat 1: Korrigana ($3.13 in chips) 
Seat 2: DirtyDeedz1 ($9.01 in chips) 
Seat 3: HubertusB ($9.72 in chips) 
Seat 4: TheFibonachi ($5.74 in chips) 
Seat 5: Moskvich951 ($11.70 in chips) 
Seat 6: Truth711 ($5.77 in chips) 
DirtyDeedz1: posts small blind $0.02
HubertusB: posts big blind $0.05
*** HOLE CARDS ***
Dealt to HubertusB [8d 2h]
TheFibonachi: folds 
Moskvich951: raises $0.10 to $0.15
Truth711: folds 
Korrigana: folds 
DirtyDeedz1: folds 
HubertusB: folds 
Uncalled bet ($0.10) returned to Moskvich951
Moskvich951 collected $0.12 from pot
Moskvich951: doesn't show hand 
*** SUMMARY ***
Total pot $0.12 | Rake $0 
Seat 1: Korrigana (button) folded before Flop (didn't bet)
Seat 2: DirtyDeedz1 (small blind) folded before Flop
Seat 3: HubertusB (big blind) folded before Flop
Seat 4: TheFibonachi folded before Flop (didn't bet)
Seat 5: Moskvich951 collected ($0.12)
Seat 6: Truth711 folded before Flop (didn't bet)



PokerStars Zoom Hand #186688837109:  Hold'em No Limit ($0.02/$0.05) - 2018/05/21 21:49:27 CCT [2018/05/21 9:49:27 ET]
Table 'Donati' 6-max Seat #1 is the button
Seat 1: jeffpig16 ($5.11 in chips) 
Seat 2: pashqadk ($5.02 in chips) 
Seat 3: Zagrebaiu ($5.61 in chips) 
Seat 4: take29 ($6.37 in chips) 
Seat 5: Reesor01 ($5.22 in chips) 
Seat 6: HubertusB ($9.67 in chips) 
pashqadk: posts small blind $0.02
Zagrebaiu: posts big blind $0.05
*** HOLE CARDS ***
Dealt to HubertusB [5h 5s]
take29: folds 
Reesor01: folds 
HubertusB: raises $0.07 to $0.12
jeffpig16: raises $0.30 to $0.42
pashqadk: raises $0.68 to $1.10
Zagrebaiu: folds 
HubertusB: folds 
jeffpig16: folds 
Uncalled bet ($0.68) returned to pashqadk
pashqadk collected $1.01 from pot
pashqadk: doesn't show hand 
*** SUMMARY ***
Total pot $1.01 | Rake $0 
Seat 1: jeffpig16 (button) folded before Flop
Seat 2: pashqadk (small blind) collected ($1.01)
Seat 3: Zagrebaiu (big blind) folded before Flop
Seat 4: take29 folded before Flop (didn't bet)
Seat 5: Reesor01 folded before Flop (didn't bet)
Seat 6: HubertusB folded before Flop



PokerStars Zoom Hand #186688858150:  Hold'em No Limit ($0.02/$0.05) - 2018/05/21 21:50:10 CCT [2018/05/21 9:50:10 ET]
Table 'Donati' 6-max Seat #1 is the button
Seat 1: pashqadk ($5 in chips) 
Seat 2: HubertusB ($9.55 in chips) 
Seat 3: PiNe4ppLe ($7.83 in chips) 
Seat 4: Dyadya17 ($2.70 in chips) 
Seat 5: cRaZyEiGhT85 ($6.46 in chips) 
Seat 6: Dmigri ($6.80 in chips) 
HubertusB: posts small blind $0.02
PiNe4ppLe: posts big blind $0.05
*** HOLE CARDS ***
Dealt to HubertusB [7h 8h]
Dyadya17: raises $0.10 to $0.15
cRaZyEiGhT85: folds 
Dmigri: folds 
pashqadk: folds 
HubertusB: folds 
PiNe4ppLe: folds 
Uncalled bet ($0.10) returned to Dyadya17
Dyadya17 collected $0.12 from pot
Dyadya17: doesn't show hand 
*** SUMMARY ***
Total pot $0.12 | Rake $0 
Seat 1: pashqadk (button) folded before Flop (didn't bet)
Seat 2: HubertusB (small blind) folded before Flop
Seat 3: PiNe4ppLe (big blind) folded before Flop
Seat 4: Dyadya17 collected ($0.12)
Seat 5: cRaZyEiGhT85 folded before Flop (didn't bet)
Seat 6: Dmigri folded before Flop (didn't bet)



PokerStars Zoom Hand #186688863004:  Hold'em No Limit ($0.02/$0.05) - 2018/05/21 21:50:20 CCT [2018/05/21 9:50:20 ET]
Table 'Donati' 6-max Seat #1 is the button
Seat 1: Raika_364 ($7.92 in chips) 
Seat 2: bbaty123 ($5.06 in chips) 
Seat 3: smudge120681 ($7.68 in chips) 
Seat 4: jeffpig16 ($5 in chips) 
Seat 5: PiNe4ppLe ($5 in chips) 
Seat 6: HubertusB ($9.53 in chips) 
bbaty123: posts small blind $0.02
smudge120681: posts big blind $0.05
*** HOLE CARDS ***
Dealt to HubertusB [Qd 8h]
jeffpig16: folds 
PiNe4ppLe: folds 
HubertusB: folds 
Raika_364: folds 
bbaty123: folds 
Uncalled bet ($0.03) returned to smudge120681
smudge120681 collected $0.04 from pot
smudge120681: doesn't show hand 
*** SUMMARY ***
Total pot $0.04 | Rake $0 
Seat 1: Raika_364 (button) folded before Flop (didn't bet)
Seat 2: bbaty123 (small blind) folded before Flop
Seat 3: smudge120681 (big blind) collected ($0.04)
Seat 4: jeffpig16 folded before Flop (didn't bet)
Seat 5: PiNe4ppLe folded before Flop (didn't bet)
Seat 6: HubertusB folded before Flop (didn't bet)



PokerStars Zoom Hand #186688865438:  Hold'em No Limit ($0.02/$0.05) - 2018/05/21 21:50:25 CCT [2018/05/21 9:50:25 ET]
Table 'Donati' 6-max Seat #1 is the button
Seat 1: HubertusB ($9.53 in chips) 
Seat 2: Fighter485 ($5.37 in chips) 
Seat 3: Tqlkkk-_- ($5 in chips) 
Seat 4: Reesor01 ($16.86 in chips) 
Seat 5: Reece1985 ($4.35 in chips) 
Seat 6: Ornivas ($5.67 in chips) 
Fighter485: posts small blind $0.02
Tqlkkk-_-: posts big blind $0.05
*** HOLE CARDS ***
Dealt to HubertusB [7d Tc]
Reesor01: folds 
Reece1985: raises $0.10 to $0.15
Ornivas: folds 
HubertusB: folds 
Fighter485: folds 
Tqlkkk-_-: folds 
Uncalled bet ($0.10) returned to Reece1985
Reece1985 collected $0.12 from pot
Reece1985: doesn't show hand 
*** SUMMARY ***
Total pot $0.12 | Rake $0 
Seat 1: HubertusB (button) folded before Flop (didn't bet)
Seat 2: Fighter485 (small blind) folded before Flop
Seat 3: Tqlkkk-_- (big blind) folded before Flop
Seat 4: Reesor01 folded before Flop (didn't bet)
Seat 5: Reece1985 collected ($0.12)
Seat 6: Ornivas folded before Flop (didn't bet)



PokerStars Zoom Hand #186688867897:  Hold'em No Limit ($0.02/$0.05) - 2018/05/21 21:50:30 CCT [2018/05/21 9:50:30 ET]
Table 'Donati' 6-max Seat #1 is the button
Seat 1: prm4life ($4.93 in chips) 
Seat 2: tarogame ($6.48 in chips) 
Seat 3: xkrycha81 ($2.50 in chips) 
Seat 4: Vakaris22 ($4.01 in chips) 
Seat 5: HubertusB ($9.53 in chips) 
Seat 6: poshla_nazuy ($5.85 in chips) 
tarogame: posts small blind $0.02
xkrycha81: posts big blind $0.05
*** HOLE CARDS ***
Dealt to HubertusB [Ac Ks]
Vakaris22: folds 
HubertusB: raises $0.07 to $0.12
poshla_nazuy: folds 
prm4life: folds 
tarogame: folds 
xkrycha81: calls $0.07
*** FLOP *** [Jc 3h 6c]
xkrycha81: checks 
HubertusB: checks 
*** TURN *** [Jc 3h 6c] [Qh]
xkrycha81: checks 
HubertusB: bets $0.13
xkrycha81: folds 
Uncalled bet ($0.13) returned to HubertusB
HubertusB collected $0.25 from pot
HubertusB: doesn't show hand 
*** SUMMARY ***
Total pot $0.26 | Rake $0.01 
Board [Jc 3h 6c Qh]
Seat 1: prm4life (button) folded before Flop (didn't bet)
Seat 2: tarogame (small blind) folded before Flop
Seat 3: xkrycha81 (big blind) folded on the Turn
Seat 4: Vakaris22 folded before Flop (didn't bet)
Seat 5: HubertusB collected ($0.25)
Seat 6: poshla_nazuy folded before Flop (didn't bet)



PokerStars Zoom Hand #186688886910:  Hold'em No Limit ($0.02/$0.05) - 2018/05/21 21:51:09 CCT [2018/05/21 9:51:09 ET]
Table 'Donati' 6-max Seat #1 is the button
Seat 1: JNeoh ($5 in chips) 
Seat 2: KenTanimura ($5 in chips) 
Seat 3: VladTim ($5.07 in chips) 
Seat 4: HubertusB ($9.66 in chips) 
Seat 5: osho6 ($6.66 in chips) 
Seat 6: svererii ($7.43 in chips) 
KenTanimura: posts small blind $0.02
VladTim: posts big blind $0.05
*** HOLE CARDS ***
Dealt to HubertusB [4s 9h]
HubertusB: folds 
osho6: folds 
svererii: folds 
JNeoh: raises $0.07 to $0.12
KenTanimura: folds 
VladTim: folds 
Uncalled bet ($0.07) returned to JNeoh
JNeoh collected $0.12 from pot
JNeoh: doesn't show hand 
*** SUMMARY ***
Total pot $0.12 | Rake $0 
Seat 1: JNeoh (button) collected ($0.12)
Seat 2: KenTanimura (small blind) folded before Flop
Seat 3: VladTim (big blind) folded before Flop
Seat 4: HubertusB folded before Flop (didn't bet)
Seat 5: osho6 folded before Flop (didn't bet)
Seat 6: svererii folded before Flop (didn't bet)



