PokerStars Zoom Hand #186690702442:  Hold'em No Limit ($0.02/$0.05) - 2018/05/21 22:50:27 CCT [2018/05/21 10:50:27 ET]
Table 'Donati' 6-max Seat #1 is the button
Seat 1: superdugong ($5.96 in chips) 
Seat 2: JhonnyShu ($6.89 in chips) 
Seat 3: HubertusB ($5 in chips) 
Seat 4: nonrev78 ($13.41 in chips) 
Seat 5: SauBär_o.O. ($5.12 in chips) 
Seat 6: LAZO30 ($6.08 in chips) 
JhonnyShu: posts small blind $0.02
HubertusB: posts big blind $0.05
*** HOLE CARDS ***
Dealt to HubertusB [9d 3d]
nonrev78: folds 
SauBär_o.O.: folds 
LAZO30: folds 
superdugong: raises $0.05 to $0.10
JhonnyShu: raises $0.42 to $0.52
HubertusB: folds 
superdugong: folds 
Uncalled bet ($0.42) returned to JhonnyShu
JhonnyShu collected $0.25 from pot
JhonnyShu: doesn't show hand 
*** SUMMARY ***
Total pot $0.25 | Rake $0 
Seat 1: superdugong (button) folded before Flop
Seat 2: JhonnyShu (small blind) collected ($0.25)
Seat 3: HubertusB (big blind) folded before Flop
Seat 4: nonrev78 folded before Flop (didn't bet)
Seat 5: SauBär_o.O. folded before Flop (didn't bet)
Seat 6: LAZO30 folded before Flop (didn't bet)



PokerStars Zoom Hand #186690713558:  Hold'em No Limit ($0.02/$0.05) - 2018/05/21 22:50:48 CCT [2018/05/21 10:50:48 ET]
Table 'Donati' 6-max Seat #1 is the button
Seat 1: Jinxers ($7.44 in chips) 
Seat 2: HubertusB ($4.95 in chips) 
Seat 3: morionigiri ($5 in chips) 
Seat 4: wanawaiser ($5.33 in chips) 
Seat 5: visioncook ($3.85 in chips) 
Seat 6: Mr.Coachm@n ($7.74 in chips) 
HubertusB: posts small blind $0.02
morionigiri: posts big blind $0.05
*** HOLE CARDS ***
Dealt to HubertusB [As Qs]
wanawaiser: folds 
visioncook: folds 
Mr.Coachm@n: raises $0.07 to $0.12
Jinxers: folds 
HubertusB: raises $0.29 to $0.41
morionigiri: folds 
Mr.Coachm@n: folds 
Uncalled bet ($0.29) returned to HubertusB
HubertusB collected $0.29 from pot
HubertusB: doesn't show hand 
*** SUMMARY ***
Total pot $0.29 | Rake $0 
Seat 1: Jinxers (button) folded before Flop (didn't bet)
Seat 2: HubertusB (small blind) collected ($0.29)
Seat 3: morionigiri (big blind) folded before Flop
Seat 4: wanawaiser folded before Flop (didn't bet)
Seat 5: visioncook folded before Flop (didn't bet)
Seat 6: Mr.Coachm@n folded before Flop



PokerStars Zoom Hand #186690729598:  Hold'em No Limit ($0.02/$0.05) - 2018/05/21 22:51:18 CCT [2018/05/21 10:51:18 ET]
Table 'Donati' 6-max Seat #1 is the button
Seat 1: HubertusB ($5.12 in chips) 
Seat 2: pashqadk ($5.08 in chips) 
Seat 3: U_RULIA ($6 in chips) 
Seat 4: Pipsen75 ($5.32 in chips) 
Seat 5: drk55 ($7.31 in chips) 
Seat 6: Altbayern ($7.28 in chips) 
pashqadk: posts small blind $0.02
U_RULIA: posts big blind $0.05
*** HOLE CARDS ***
Dealt to HubertusB [3s Td]
Pipsen75: raises $0.09 to $0.14
drk55: folds 
Altbayern: folds 
HubertusB: folds 
pashqadk: folds 
U_RULIA: folds 
Uncalled bet ($0.09) returned to Pipsen75
Pipsen75 collected $0.12 from pot
Pipsen75: doesn't show hand 
*** SUMMARY ***
Total pot $0.12 | Rake $0 
Seat 1: HubertusB (button) folded before Flop (didn't bet)
Seat 2: pashqadk (small blind) folded before Flop
Seat 3: U_RULIA (big blind) folded before Flop
Seat 4: Pipsen75 collected ($0.12)
Seat 5: drk55 folded before Flop (didn't bet)
Seat 6: Altbayern folded before Flop (didn't bet)



PokerStars Zoom Hand #186690736535:  Hold'em No Limit ($0.02/$0.05) - 2018/05/21 22:51:31 CCT [2018/05/21 10:51:31 ET]
Table 'Donati' 6-max Seat #1 is the button
Seat 1: HubertusB ($5.12 in chips) 
Seat 2: M4il4o ($16.76 in chips) 
Seat 3: JhonnyShu ($7.11 in chips) 
Seat 4: PusyManiak ($3.95 in chips) 
Seat 5: Kammav1 ($5 in chips) 
Seat 6: ThePainter63 ($11.30 in chips) 
M4il4o: posts small blind $0.02
JhonnyShu: posts big blind $0.05
*** HOLE CARDS ***
Dealt to HubertusB [Ks 3c]
PusyManiak: folds 
Kammav1: folds 
ThePainter63: folds 
HubertusB: folds 
M4il4o: folds 
Uncalled bet ($0.03) returned to JhonnyShu
JhonnyShu collected $0.04 from pot
JhonnyShu: doesn't show hand 
*** SUMMARY ***
Total pot $0.04 | Rake $0 
Seat 1: HubertusB (button) folded before Flop (didn't bet)
Seat 2: M4il4o (small blind) folded before Flop
Seat 3: JhonnyShu (big blind) collected ($0.04)
Seat 4: PusyManiak folded before Flop (didn't bet)
Seat 5: Kammav1 folded before Flop (didn't bet)
Seat 6: ThePainter63 folded before Flop (didn't bet)



PokerStars Zoom Hand #186690740212:  Hold'em No Limit ($0.02/$0.05) - 2018/05/21 22:51:38 CCT [2018/05/21 10:51:38 ET]
Table 'Donati' 6-max Seat #1 is the button
Seat 1: barbos2009 ($11.95 in chips) 
Seat 2: COPOKA-1985 ($4.28 in chips) 
Seat 3: deltanueve ($5 in chips) 
Seat 4: superdugong ($15.64 in chips) 
Seat 5: fool_rabbit ($5.51 in chips) 
Seat 6: HubertusB ($5.12 in chips) 
COPOKA-1985: posts small blind $0.02
deltanueve: posts big blind $0.05
*** HOLE CARDS ***
Dealt to HubertusB [9d 5d]
superdugong: folds 
fool_rabbit: folds 
HubertusB: folds 
barbos2009: folds 
COPOKA-1985: folds 
Uncalled bet ($0.03) returned to deltanueve
deltanueve collected $0.04 from pot
deltanueve: doesn't show hand 
*** SUMMARY ***
Total pot $0.04 | Rake $0 
Seat 1: barbos2009 (button) folded before Flop (didn't bet)
Seat 2: COPOKA-1985 (small blind) folded before Flop
Seat 3: deltanueve (big blind) collected ($0.04)
Seat 4: superdugong folded before Flop (didn't bet)
Seat 5: fool_rabbit folded before Flop (didn't bet)
Seat 6: HubertusB folded before Flop (didn't bet)



PokerStars Zoom Hand #186690745989:  Hold'em No Limit ($0.02/$0.05) - 2018/05/21 22:51:49 CCT [2018/05/21 10:51:49 ET]
Table 'Donati' 6-max Seat #1 is the button
Seat 1: someep1ck ($5 in chips) 
Seat 2: FACCHETADE$ ($7.05 in chips) 
Seat 3: HubertusB ($5.12 in chips) 
Seat 4: spamec ($5.11 in chips) 
Seat 5: Burkinator99 ($7.28 in chips) 
Seat 6: Moskvich951 ($21.60 in chips) 
FACCHETADE$: posts small blind $0.02
HubertusB: posts big blind $0.05
*** HOLE CARDS ***
Dealt to HubertusB [2d Qd]
spamec: folds 
Burkinator99: folds 
Moskvich951: raises $0.10 to $0.15
someep1ck: folds 
FACCHETADE$: calls $0.13
HubertusB: folds 
*** FLOP *** [Qh 2h Kd]
FACCHETADE$: checks 
Moskvich951: bets $0.15
FACCHETADE$: folds 
Uncalled bet ($0.15) returned to Moskvich951
Moskvich951 collected $0.34 from pot
Moskvich951: doesn't show hand 
*** SUMMARY ***
Total pot $0.35 | Rake $0.01 
Board [Qh 2h Kd]
Seat 1: someep1ck (button) folded before Flop (didn't bet)
Seat 2: FACCHETADE$ (small blind) folded on the Flop
Seat 3: HubertusB (big blind) folded before Flop
Seat 4: spamec folded before Flop (didn't bet)
Seat 5: Burkinator99 folded before Flop (didn't bet)
Seat 6: Moskvich951 collected ($0.34)



PokerStars Zoom Hand #186690732243:  Hold'em No Limit ($0.02/$0.05) - 2018/05/21 22:51:23 CCT [2018/05/21 10:51:23 ET]
Table 'Donati' 6-max Seat #1 is the button
Seat 1: MJJJJJJJJJJJ ($17.72 in chips) 
Seat 2: nonrev78 ($13.98 in chips) 
Seat 3: smyrf911 ($2.50 in chips) 
Seat 4: HubertusB ($5.12 in chips) 
Seat 5: demiun ($6.40 in chips) 
Seat 6: WEIPEI1 ($6.39 in chips) 
nonrev78: posts small blind $0.02
smyrf911: posts big blind $0.05
*** HOLE CARDS ***
Dealt to HubertusB [3h 2c]
HubertusB: folds 
demiun: folds 
WEIPEI1: raises $0.10 to $0.15
MJJJJJJJJJJJ: folds 
nonrev78: folds 
smyrf911: calls $0.10
*** FLOP *** [Ac 4d Jd]
smyrf911: checks 
WEIPEI1: bets $0.12
smyrf911: calls $0.12
*** TURN *** [Ac 4d Jd] [7s]
smyrf911: checks 
WEIPEI1: bets $0.35
smyrf911: calls $0.35
*** RIVER *** [Ac 4d Jd 7s] [8c]
smyrf911: checks 
WEIPEI1: bets $1
smyrf911: folds 
Uncalled bet ($1) returned to WEIPEI1
WEIPEI1 collected $1.21 from pot
WEIPEI1: doesn't show hand 
*** SUMMARY ***
Total pot $1.26 | Rake $0.05 
Board [Ac 4d Jd 7s 8c]
Seat 1: MJJJJJJJJJJJ (button) folded before Flop (didn't bet)
Seat 2: nonrev78 (small blind) folded before Flop
Seat 3: smyrf911 (big blind) folded on the River
Seat 4: HubertusB folded before Flop (didn't bet)
Seat 5: demiun folded before Flop (didn't bet)
Seat 6: WEIPEI1 collected ($1.21)



PokerStars Zoom Hand #186690755136:  Hold'em No Limit ($0.02/$0.05) - 2018/05/21 22:52:06 CCT [2018/05/21 10:52:06 ET]
Table 'Donati' 6-max Seat #1 is the button
Seat 1: trol_panda ($4.84 in chips) 
Seat 2: HubertusB ($5.07 in chips) 
Seat 3: Po1arising ($5.06 in chips) 
Seat 4: jambos22 ($5.79 in chips) 
Seat 5: adam601 ($2.24 in chips) 
Seat 6: sashok16bim ($4.93 in chips) 
HubertusB: posts small blind $0.02
Po1arising: posts big blind $0.05
*** HOLE CARDS ***
Dealt to HubertusB [Qd Kh]
jambos22: calls $0.05
adam601: folds 
sashok16bim: folds 
trol_panda: folds 
HubertusB: raises $0.15 to $0.20
Po1arising: folds 
jambos22: calls $0.15
*** FLOP *** [Qc 5c 8d]
HubertusB: bets $0.22
jambos22: folds 
Uncalled bet ($0.22) returned to HubertusB
HubertusB collected $0.43 from pot
HubertusB: doesn't show hand 
*** SUMMARY ***
Total pot $0.45 | Rake $0.02 
Board [Qc 5c 8d]
Seat 1: trol_panda (button) folded before Flop (didn't bet)
Seat 2: HubertusB (small blind) collected ($0.43)
Seat 3: Po1arising (big blind) folded before Flop
Seat 4: jambos22 folded on the Flop
Seat 5: adam601 folded before Flop (didn't bet)
Seat 6: sashok16bim folded before Flop (didn't bet)



PokerStars Zoom Hand #186690767370:  Hold'em No Limit ($0.02/$0.05) - 2018/05/21 22:52:29 CCT [2018/05/21 10:52:29 ET]
Table 'Donati' 6-max Seat #1 is the button
Seat 1: ssak07 ($5.76 in chips) 
Seat 2: Jinxers ($15.70 in chips) 
Seat 3: Pelorojo1 ($17.29 in chips) 
Seat 4: 0xC0DEBEEF ($5.05 in chips) 
Seat 5: HubertusB ($5.30 in chips) 
Seat 6: WEIPEI1 ($5 in chips) 
Jinxers: posts small blind $0.02
Pelorojo1: posts big blind $0.05
*** HOLE CARDS ***
Dealt to HubertusB [2h 9c]
0xC0DEBEEF: raises $0.10 to $0.15
HubertusB: folds 
WEIPEI1: folds 
ssak07: folds 
Jinxers: folds 
Pelorojo1: folds 
Uncalled bet ($0.10) returned to 0xC0DEBEEF
0xC0DEBEEF collected $0.12 from pot
0xC0DEBEEF: doesn't show hand 
*** SUMMARY ***
Total pot $0.12 | Rake $0 
Seat 1: ssak07 (button) folded before Flop (didn't bet)
Seat 2: Jinxers (small blind) folded before Flop
Seat 3: Pelorojo1 (big blind) folded before Flop
Seat 4: 0xC0DEBEEF collected ($0.12)
Seat 5: HubertusB folded before Flop (didn't bet)
Seat 6: WEIPEI1 folded before Flop (didn't bet)



PokerStars Zoom Hand #186690772305:  Hold'em No Limit ($0.02/$0.05) - 2018/05/21 22:52:38 CCT [2018/05/21 10:52:38 ET]
Table 'Donati' 6-max Seat #1 is the button
Seat 1: ganbate91 ($5.40 in chips) 
Seat 2: TheFibonachi ($5.96 in chips) 
Seat 3: MolodoyVanya ($5.06 in chips) 
Seat 4: valetok ($5 in chips) 
Seat 5: ALover113 ($13.38 in chips) 
Seat 6: HubertusB ($5.30 in chips) 
TheFibonachi: posts small blind $0.02
MolodoyVanya: posts big blind $0.05
*** HOLE CARDS ***
Dealt to HubertusB [Ah 4s]
valetok: folds 
ALover113: folds 
HubertusB: folds 
ganbate91: raises $0.07 to $0.12
TheFibonachi: folds 
MolodoyVanya: calls $0.07
*** FLOP *** [6d 7c 3h]
MolodoyVanya: checks 
ganbate91: bets $0.15
MolodoyVanya: calls $0.15
*** TURN *** [6d 7c 3h] [4h]
MolodoyVanya: checks 
ganbate91: bets $0.30
MolodoyVanya: folds 
Uncalled bet ($0.30) returned to ganbate91
ganbate91 collected $0.54 from pot
ganbate91: doesn't show hand 
*** SUMMARY ***
Total pot $0.56 | Rake $0.02 
Board [6d 7c 3h 4h]
Seat 1: ganbate91 (button) collected ($0.54)
Seat 2: TheFibonachi (small blind) folded before Flop
Seat 3: MolodoyVanya (big blind) folded on the Turn
Seat 4: valetok folded before Flop (didn't bet)
Seat 5: ALover113 folded before Flop (didn't bet)
Seat 6: HubertusB folded before Flop (didn't bet)



PokerStars Zoom Hand #186690776019:  Hold'em No Limit ($0.02/$0.05) - 2018/05/21 22:52:45 CCT [2018/05/21 10:52:45 ET]
Table 'Donati' 6-max Seat #1 is the button
Seat 1: joker1515503 ($2.21 in chips) 
Seat 2: whipwhipcn ($17.34 in chips) 
Seat 3: morionigiri ($5 in chips) 
Seat 4: Demyosaur ($6.08 in chips) 
Seat 5: HubertusB ($5.30 in chips) 
Seat 6: FACCHETADE$ ($7.70 in chips) 
whipwhipcn: posts small blind $0.02
morionigiri: posts big blind $0.05
*** HOLE CARDS ***
Dealt to HubertusB [Qs 5c]
Demyosaur: folds 
HubertusB: folds 
FACCHETADE$ has timed out
FACCHETADE$: folds 
joker1515503: folds 
whipwhipcn: raises $0.07 to $0.12
morionigiri: calls $0.07
*** FLOP *** [As Jh Js]
whipwhipcn: bets $0.12
morionigiri: folds 
Uncalled bet ($0.12) returned to whipwhipcn
whipwhipcn collected $0.23 from pot
whipwhipcn: doesn't show hand 
*** SUMMARY ***
Total pot $0.24 | Rake $0.01 
Board [As Jh Js]
Seat 1: joker1515503 (button) folded before Flop (didn't bet)
Seat 2: whipwhipcn (small blind) collected ($0.23)
Seat 3: morionigiri (big blind) folded on the Flop
Seat 4: Demyosaur folded before Flop (didn't bet)
Seat 5: HubertusB folded before Flop (didn't bet)
Seat 6: FACCHETADE$ folded before Flop (didn't bet)



PokerStars Zoom Hand #186690780722:  Hold'em No Limit ($0.02/$0.05) - 2018/05/21 22:52:54 CCT [2018/05/21 10:52:54 ET]
Table 'Donati' 6-max Seat #1 is the button
Seat 1: HubertusB ($5.30 in chips) 
Seat 2: Mr.Coachm@n ($9.10 in chips) 
Seat 3: eSSayL65 ($4.96 in chips) 
Seat 4: ALover113 ($23.42 in chips) 
Seat 5: SauBär_o.O. ($5 in chips) 
Seat 6: Dokerokk23 ($10.16 in chips) 
Mr.Coachm@n: posts small blind $0.02
eSSayL65: posts big blind $0.05
*** HOLE CARDS ***
Dealt to HubertusB [8c 5h]
ALover113: folds 
SauBär_o.O.: folds 
Dokerokk23: folds 
HubertusB: folds 
Mr.Coachm@n: raises $0.07 to $0.12
eSSayL65: calls $0.07
*** FLOP *** [Qs 8s 3s]
Mr.Coachm@n: checks 
eSSayL65: bets $0.14
Mr.Coachm@n: folds 
Uncalled bet ($0.14) returned to eSSayL65
eSSayL65 collected $0.23 from pot
eSSayL65: doesn't show hand 
*** SUMMARY ***
Total pot $0.24 | Rake $0.01 
Board [Qs 8s 3s]
Seat 1: HubertusB (button) folded before Flop (didn't bet)
Seat 2: Mr.Coachm@n (small blind) folded on the Flop
Seat 3: eSSayL65 (big blind) collected ($0.23)
Seat 4: ALover113 folded before Flop (didn't bet)
Seat 5: SauBär_o.O. folded before Flop (didn't bet)
Seat 6: Dokerokk23 folded before Flop (didn't bet)



PokerStars Zoom Hand #186690778667:  Hold'em No Limit ($0.02/$0.05) - 2018/05/21 22:52:50 CCT [2018/05/21 10:52:50 ET]
Table 'Donati' 6-max Seat #1 is the button
Seat 1: U_RULIA ($6.05 in chips) 
Seat 2: Zheka-Alaei ($5.02 in chips) 
Seat 3: crawerman ($13.68 in chips) 
Seat 4: HubertusB ($5.30 in chips) 
Seat 5: warwickguy20 ($3.88 in chips) 
Seat 6: Estevancvel ($8.46 in chips) 
Zheka-Alaei: posts small blind $0.02
crawerman: posts big blind $0.05
*** HOLE CARDS ***
Dealt to HubertusB [2s Ad]
HubertusB: folds 
warwickguy20: folds 
Estevancvel: folds 
U_RULIA: raises $0.05 to $0.10
Zheka-Alaei: folds 
crawerman: calls $0.05
*** FLOP *** [Jc Ah As]
crawerman: checks 
U_RULIA: bets $0.07
crawerman: calls $0.07
*** TURN *** [Jc Ah As] [6h]
crawerman: checks 
U_RULIA: checks 
*** RIVER *** [Jc Ah As 6h] [Qd]
crawerman: bets $0.15
U_RULIA: folds 
Uncalled bet ($0.15) returned to crawerman
crawerman collected $0.35 from pot
crawerman: doesn't show hand 
*** SUMMARY ***
Total pot $0.36 | Rake $0.01 
Board [Jc Ah As 6h Qd]
Seat 1: U_RULIA (button) folded on the River
Seat 2: Zheka-Alaei (small blind) folded before Flop
Seat 3: crawerman (big blind) collected ($0.35)
Seat 4: HubertusB folded before Flop (didn't bet)
Seat 5: warwickguy20 folded before Flop (didn't bet)
Seat 6: Estevancvel folded before Flop (didn't bet)



PokerStars Zoom Hand #186690783927:  Hold'em No Limit ($0.02/$0.05) - 2018/05/21 22:53:00 CCT [2018/05/21 10:53:00 ET]
Table 'Donati' 6-max Seat #1 is the button
Seat 1: 1Sania1 ($7.75 in chips) 
Seat 2: CVBA85 ($8.60 in chips) 
Seat 3: HubertusB ($5.30 in chips) 
Seat 4: joker1515503 ($2.21 in chips) 
Seat 5: korkySVK ($5 in chips) 
Seat 6: arti192837 ($8.06 in chips) 
CVBA85: posts small blind $0.02
HubertusB: posts big blind $0.05
*** HOLE CARDS ***
Dealt to HubertusB [Jh 9s]
joker1515503: calls $0.05
korkySVK: folds 
arti192837: calls $0.05
1Sania1: calls $0.05
CVBA85: folds 
HubertusB: checks 
*** FLOP *** [7c 6s Js]
HubertusB: bets $0.17
joker1515503: raises $1.94 to $2.11
arti192837: folds 
1Sania1: folds 
HubertusB: raises $3.14 to $5.25 and is all-in
joker1515503: calls $0.05 and is all-in
Uncalled bet ($3.09) returned to HubertusB
*** TURN *** [7c 6s Js] [Td]
*** RIVER *** [7c 6s Js Td] [4s]
*** SHOW DOWN ***
HubertusB: shows [Jh 9s] (a pair of Jacks)
joker1515503: shows [Jd Ks] (a pair of Jacks - King kicker)
joker1515503 collected $4.35 from pot
*** SUMMARY ***
Total pot $4.54 | Rake $0.19 
Board [7c 6s Js Td 4s]
Seat 1: 1Sania1 (button) folded on the Flop
Seat 2: CVBA85 (small blind) folded before Flop
Seat 3: HubertusB (big blind) showed [Jh 9s] and lost with a pair of Jacks
Seat 4: joker1515503 showed [Jd Ks] and won ($4.35) with a pair of Jacks
Seat 5: korkySVK folded before Flop (didn't bet)
Seat 6: arti192837 folded on the Flop



PokerStars Zoom Hand #186690812193:  Hold'em No Limit ($0.02/$0.05) - 2018/05/21 22:53:53 CCT [2018/05/21 10:53:53 ET]
Table 'Donati' 6-max Seat #1 is the button
Seat 1: Marian V. 31 ($5.53 in chips) 
Seat 2: HubertusB ($3.09 in chips) 
Seat 3: Leime11 ($5.29 in chips) 
Seat 4: qk rodriguez ($6.87 in chips) 
Seat 5: offuca ($10.28 in chips) 
Seat 6: crawerman ($5 in chips) 
HubertusB: posts small blind $0.02
Leime11: posts big blind $0.05
*** HOLE CARDS ***
Dealt to HubertusB [2c Kc]
qk rodriguez: folds 
offuca: folds 
crawerman: folds 
Marian V. 31: raises $0.05 to $0.10
HubertusB: folds 
Leime11: folds 
Uncalled bet ($0.05) returned to Marian V. 31
Marian V. 31 collected $0.12 from pot
Marian V. 31: doesn't show hand 
*** SUMMARY ***
Total pot $0.12 | Rake $0 
Seat 1: Marian V. 31 (button) collected ($0.12)
Seat 2: HubertusB (small blind) folded before Flop
Seat 3: Leime11 (big blind) folded before Flop
Seat 4: qk rodriguez folded before Flop (didn't bet)
Seat 5: offuca folded before Flop (didn't bet)
Seat 6: crawerman folded before Flop (didn't bet)



PokerStars Zoom Hand #186690815299:  Hold'em No Limit ($0.02/$0.05) - 2018/05/21 22:53:59 CCT [2018/05/21 10:53:59 ET]
Table 'Donati' 6-max Seat #1 is the button
Seat 1: MJJJJJJJJJJJ ($7.46 in chips) 
Seat 2: superdugong ($6.11 in chips) 
Seat 3: Zagrebaiu ($5.75 in chips) 
Seat 4: arti192837 ($8.03 in chips) 
Seat 5: Mr.Coachm@n ($9 in chips) 
Seat 6: HubertusB ($3.07 in chips) 
superdugong: posts small blind $0.02
Zagrebaiu: posts big blind $0.05
*** HOLE CARDS ***
Dealt to HubertusB [9s As]
arti192837: raises $0.07 to $0.12
Mr.Coachm@n: folds 
HubertusB: folds 
MJJJJJJJJJJJ: folds 
superdugong: folds 
Zagrebaiu: folds 
Uncalled bet ($0.07) returned to arti192837
arti192837 collected $0.12 from pot
arti192837: doesn't show hand 
*** SUMMARY ***
Total pot $0.12 | Rake $0 
Seat 1: MJJJJJJJJJJJ (button) folded before Flop (didn't bet)
Seat 2: superdugong (small blind) folded before Flop
Seat 3: Zagrebaiu (big blind) folded before Flop
Seat 4: arti192837 collected ($0.12)
Seat 5: Mr.Coachm@n folded before Flop (didn't bet)
Seat 6: HubertusB folded before Flop (didn't bet)



PokerStars Zoom Hand #186690820699:  Hold'em No Limit ($0.02/$0.05) - 2018/05/21 22:54:09 CCT [2018/05/21 10:54:09 ET]
Table 'Donati' 6-max Seat #1 is the button
Seat 1: MolodoyVanya ($5 in chips) 
Seat 2: Michel Mata ($5 in chips) 
Seat 3: TheBlakTerr ($5 in chips) 
Seat 4: zwetok ($5.70 in chips) 
Seat 5: HubertusB ($3.07 in chips) 
Seat 6: Glolight ($8.50 in chips) 
Michel Mata: posts small blind $0.02
TheBlakTerr: posts big blind $0.05
*** HOLE CARDS ***
Dealt to HubertusB [5h Ts]
zwetok: folds 
HubertusB: folds 
Glolight: folds 
MolodoyVanya: raises $0.07 to $0.12
Michel Mata: folds 
TheBlakTerr: folds 
Uncalled bet ($0.07) returned to MolodoyVanya
MolodoyVanya collected $0.12 from pot
MolodoyVanya: doesn't show hand 
*** SUMMARY ***
Total pot $0.12 | Rake $0 
Seat 1: MolodoyVanya (button) collected ($0.12)
Seat 2: Michel Mata (small blind) folded before Flop
Seat 3: TheBlakTerr (big blind) folded before Flop
Seat 4: zwetok folded before Flop (didn't bet)
Seat 5: HubertusB folded before Flop (didn't bet)
Seat 6: Glolight folded before Flop (didn't bet)



PokerStars Zoom Hand #186690823354:  Hold'em No Limit ($0.02/$0.05) - 2018/05/21 22:54:14 CCT [2018/05/21 10:54:14 ET]
Table 'Donati' 6-max Seat #1 is the button
Seat 1: HubertusB ($3.07 in chips) 
Seat 2: deltanueve ($6.12 in chips) 
Seat 3: Pelorojo1 ($13.08 in chips) 
Seat 4: MrTabara ($4.84 in chips) 
Seat 5: iununapoker ($5.74 in chips) 
Seat 6: kukkertje ($5.91 in chips) 
deltanueve: posts small blind $0.02
Pelorojo1: posts big blind $0.05
*** HOLE CARDS ***
Dealt to HubertusB [3s Qd]
MrTabara: folds 
iununapoker: folds 
kukkertje: raises $0.07 to $0.12
HubertusB: folds 
deltanueve: folds 
Pelorojo1: folds 
Uncalled bet ($0.07) returned to kukkertje
kukkertje collected $0.12 from pot
kukkertje: doesn't show hand 
*** SUMMARY ***
Total pot $0.12 | Rake $0 
Seat 1: HubertusB (button) folded before Flop (didn't bet)
Seat 2: deltanueve (small blind) folded before Flop
Seat 3: Pelorojo1 (big blind) folded before Flop
Seat 4: MrTabara folded before Flop (didn't bet)
Seat 5: iununapoker folded before Flop (didn't bet)
Seat 6: kukkertje collected ($0.12)



PokerStars Zoom Hand #186690827101:  Hold'em No Limit ($0.02/$0.05) - 2018/05/21 22:54:21 CCT [2018/05/21 10:54:21 ET]
Table 'Donati' 6-max Seat #1 is the button
Seat 1: bur_poker88 ($15.27 in chips) 
Seat 2: MSKLucky007 ($5 in chips) 
Seat 3: pashqadk ($6.71 in chips) 
Seat 4: HubertusB ($3.07 in chips) 
Seat 5: Snegul ($2.02 in chips) 
Seat 6: M4il4o ($6.77 in chips) 
MSKLucky007: posts small blind $0.02
pashqadk: posts big blind $0.05
*** HOLE CARDS ***
Dealt to HubertusB [4h Ad]
HubertusB: folds 
Snegul: folds 
M4il4o: raises $0.07 to $0.12
bur_poker88: folds 
MSKLucky007: folds 
pashqadk: folds 
Uncalled bet ($0.07) returned to M4il4o
M4il4o collected $0.12 from pot
M4il4o: doesn't show hand 
*** SUMMARY ***
Total pot $0.12 | Rake $0 
Seat 1: bur_poker88 (button) folded before Flop (didn't bet)
Seat 2: MSKLucky007 (small blind) folded before Flop
Seat 3: pashqadk (big blind) folded before Flop
Seat 4: HubertusB folded before Flop (didn't bet)
Seat 5: Snegul folded before Flop (didn't bet)
Seat 6: M4il4o collected ($0.12)



PokerStars Zoom Hand #186690832863:  Hold'em No Limit ($0.02/$0.05) - 2018/05/21 22:54:32 CCT [2018/05/21 10:54:32 ET]
Table 'Donati' 6-max Seat #1 is the button
Seat 1: Demon9090 ($4.81 in chips) 
Seat 2: korkySVK ($5 in chips) 
Seat 3: HubertusB ($3.07 in chips) 
Seat 4: EveryOutCounts ($5 in chips) 
Seat 5: zwetok ($5.29 in chips) 
Seat 6: TiagoShow23 ($4.91 in chips) 
korkySVK: posts small blind $0.02
HubertusB: posts big blind $0.05
*** HOLE CARDS ***
Dealt to HubertusB [7s Qh]
EveryOutCounts: folds 
zwetok: folds 
TiagoShow23: folds 
Demon9090: raises $0.12 to $0.17
korkySVK: folds 
HubertusB: folds 
Uncalled bet ($0.12) returned to Demon9090
Demon9090 collected $0.12 from pot
Demon9090: doesn't show hand 
*** SUMMARY ***
Total pot $0.12 | Rake $0 
Seat 1: Demon9090 (button) collected ($0.12)
Seat 2: korkySVK (small blind) folded before Flop
Seat 3: HubertusB (big blind) folded before Flop
Seat 4: EveryOutCounts folded before Flop (didn't bet)
Seat 5: zwetok folded before Flop (didn't bet)
Seat 6: TiagoShow23 folded before Flop (didn't bet)



PokerStars Zoom Hand #186690838852:  Hold'em No Limit ($0.02/$0.05) - 2018/05/21 22:54:43 CCT [2018/05/21 10:54:43 ET]
Table 'Donati' 6-max Seat #1 is the button
Seat 1: kukkertje ($6.96 in chips) 
Seat 2: HubertusB ($3.02 in chips) 
Seat 3: maxplanken ($19.01 in chips) 
Seat 4: korkySVK ($5.40 in chips) 
Seat 5: anarxist29 ($5.05 in chips) 
Seat 6: flyingwoodz ($3.22 in chips) 
HubertusB: posts small blind $0.02
maxplanken: posts big blind $0.05
*** HOLE CARDS ***
Dealt to HubertusB [2d 3d]
korkySVK: folds 
anarxist29: folds 
flyingwoodz: folds 
kukkertje: folds 
HubertusB: folds 
Uncalled bet ($0.03) returned to maxplanken
maxplanken collected $0.04 from pot
maxplanken: doesn't show hand 
*** SUMMARY ***
Total pot $0.04 | Rake $0 
Seat 1: kukkertje (button) folded before Flop (didn't bet)
Seat 2: HubertusB (small blind) folded before Flop
Seat 3: maxplanken (big blind) collected ($0.04)
Seat 4: korkySVK folded before Flop (didn't bet)
Seat 5: anarxist29 folded before Flop (didn't bet)
Seat 6: flyingwoodz folded before Flop (didn't bet)



PokerStars Zoom Hand #186690829717:  Hold'em No Limit ($0.02/$0.05) - 2018/05/21 22:54:26 CCT [2018/05/21 10:54:26 ET]
Table 'Donati' 6-max Seat #1 is the button
Seat 1: joop119 ($7.56 in chips) 
Seat 2: EduKing10 ($5 in chips) 
Seat 3: 1Sania1 ($3.92 in chips) 
Seat 4: pashqadk ($5.18 in chips) 
Seat 5: demiun ($5.80 in chips) 
Seat 6: HubertusB ($3.07 in chips) 
EduKing10: posts small blind $0.02
1Sania1: posts big blind $0.05
*** HOLE CARDS ***
Dealt to HubertusB [9s 3s]
pashqadk: folds 
demiun: raises $0.25 to $0.30
HubertusB: folds 
joop119: folds 
EduKing10: folds 
1Sania1: folds 
Uncalled bet ($0.25) returned to demiun
demiun collected $0.12 from pot
demiun: doesn't show hand 
*** SUMMARY ***
Total pot $0.12 | Rake $0 
Seat 1: joop119 (button) folded before Flop (didn't bet)
Seat 2: EduKing10 (small blind) folded before Flop
Seat 3: 1Sania1 (big blind) folded before Flop
Seat 4: pashqadk folded before Flop (didn't bet)
Seat 5: demiun collected ($0.12)
Seat 6: HubertusB folded before Flop (didn't bet)



PokerStars Zoom Hand #186690842129:  Hold'em No Limit ($0.02/$0.05) - 2018/05/21 22:54:49 CCT [2018/05/21 10:54:49 ET]
Table 'Donati' 6-max Seat #1 is the button
Seat 1: android087 ($2.79 in chips) 
Seat 2: MSKLucky007 ($5 in chips) 
Seat 3: Dokerokk23 ($21.14 in chips) 
Seat 4: ilynskiy ($2.50 in chips) 
Seat 5: HubertusB ($3 in chips) 
Seat 6: mggL89 ($4.54 in chips) 
MSKLucky007: posts small blind $0.02
Dokerokk23: posts big blind $0.05
*** HOLE CARDS ***
Dealt to HubertusB [2d 2c]
ilynskiy: folds 
HubertusB: folds 
mggL89: folds 
android087: folds 
MSKLucky007: raises $0.05 to $0.10
Dokerokk23: calls $0.05
*** FLOP *** [Jd 3h 3c]
MSKLucky007: bets $0.10
Dokerokk23: calls $0.10
*** TURN *** [Jd 3h 3c] [4s]
MSKLucky007: bets $0.29
Dokerokk23: calls $0.29
*** RIVER *** [Jd 3h 3c 4s] [7s]
MSKLucky007: checks 
Dokerokk23: checks 
*** SHOW DOWN ***
MSKLucky007: shows [As Ks] (a pair of Threes)
Dokerokk23: mucks hand 
MSKLucky007 collected $0.94 from pot
*** SUMMARY ***
Total pot $0.98 | Rake $0.04 
Board [Jd 3h 3c 4s 7s]
Seat 1: android087 (button) folded before Flop (didn't bet)
Seat 2: MSKLucky007 (small blind) showed [As Ks] and won ($0.94) with a pair of Threes
Seat 3: Dokerokk23 (big blind) mucked [8c Ac]
Seat 4: ilynskiy folded before Flop (didn't bet)
Seat 5: HubertusB folded before Flop (didn't bet)
Seat 6: mggL89 folded before Flop (didn't bet)



PokerStars Zoom Hand #186690849069:  Hold'em No Limit ($0.02/$0.05) - 2018/05/21 22:55:02 CCT [2018/05/21 10:55:02 ET]
Table 'Donati' 6-max Seat #1 is the button
Seat 1: HubertusB ($3 in chips) 
Seat 2: DutchSpace ($9.74 in chips) 
Seat 3: Leime11 ($5.89 in chips) 
Seat 4: CVBA85 ($8.31 in chips) 
Seat 5: deltanueve ($5.15 in chips) 
Seat 6: adyrnicc ($14.33 in chips) 
DutchSpace: posts small blind $0.02
Leime11: posts big blind $0.05
*** HOLE CARDS ***
Dealt to HubertusB [4c Ac]
CVBA85: folds 
deltanueve: folds 
adyrnicc: raises $0.07 to $0.12
HubertusB: raises $0.31 to $0.43
DutchSpace: folds 
Leime11: folds 
adyrnicc: raises $0.87 to $1.30
HubertusB: raises $1.70 to $3 and is all-in
adyrnicc: calls $1.70
*** FLOP *** [Ts 8c 7s]
*** TURN *** [Ts 8c 7s] [3h]
*** RIVER *** [Ts 8c 7s 3h] [9c]
*** SHOW DOWN ***
adyrnicc: shows [Ah Kd] (high card Ace)
HubertusB: shows [4c Ac] (high card Ace - lower kicker)
adyrnicc collected $5.82 from pot
*** SUMMARY ***
Total pot $6.07 | Rake $0.25 
Board [Ts 8c 7s 3h 9c]
Seat 1: HubertusB (button) showed [4c Ac] and lost with high card Ace
Seat 2: DutchSpace (small blind) folded before Flop
Seat 3: Leime11 (big blind) folded before Flop
Seat 4: CVBA85 folded before Flop (didn't bet)
Seat 5: deltanueve folded before Flop (didn't bet)
Seat 6: adyrnicc showed [Ah Kd] and won ($5.82) with high card Ace



PokerStars Zoom Hand #186690845322:  Hold'em No Limit ($0.02/$0.05) - 2018/05/21 22:54:55 CCT [2018/05/21 10:54:55 ET]
Table 'Donati' 6-max Seat #1 is the button
Seat 1: smoot21 ($10.31 in chips) 
Seat 2: kot2772 ($5.55 in chips) 
Seat 3: titop_Vector ($5 in chips) 
Seat 4: HubertusB ($3 in chips) 
Seat 5: Rainmy ($5.25 in chips) 
Seat 6: Anikin44 ($6.90 in chips) 
kot2772: posts small blind $0.02
titop_Vector: posts big blind $0.05
*** HOLE CARDS ***
Dealt to HubertusB [Ad 6h]
HubertusB: folds 
Rainmy: raises $0.10 to $0.15
Anikin44: raises $0.25 to $0.40
smoot21: folds 
kot2772: folds 
titop_Vector: folds 
Rainmy: calls $0.25
*** FLOP *** [7h 2h Ks]
Rainmy: checks 
Anikin44: bets $0.27
Rainmy: folds 
Uncalled bet ($0.27) returned to Anikin44
Anikin44 collected $0.83 from pot
Anikin44: doesn't show hand 
*** SUMMARY ***
Total pot $0.87 | Rake $0.04 
Board [7h 2h Ks]
Seat 1: smoot21 (button) folded before Flop (didn't bet)
Seat 2: kot2772 (small blind) folded before Flop
Seat 3: titop_Vector (big blind) folded before Flop
Seat 4: HubertusB folded before Flop (didn't bet)
Seat 5: Rainmy folded on the Flop
Seat 6: Anikin44 collected ($0.83)



PokerStars Zoom Hand #186690881823:  Hold'em No Limit ($0.02/$0.05) - 2018/05/21 22:56:14 CCT [2018/05/21 10:56:14 ET]
Table 'Donati' 6-max Seat #1 is the button
Seat 1: Zagrebaiu ($6.58 in chips) 
Seat 2: JhonnyShu ($5.48 in chips) 
Seat 3: LuckyBBastar ($5 in chips) 
Seat 4: mkbftw ($5.93 in chips) 
Seat 5: higebon ($3.53 in chips) 
Seat 6: HubertusB ($5 in chips) 
JhonnyShu: posts small blind $0.02
LuckyBBastar: posts big blind $0.05
*** HOLE CARDS ***
Dealt to HubertusB [7s 6s]
mkbftw: folds 
higebon: raises $0.10 to $0.15
HubertusB: folds 
Zagrebaiu: folds 
JhonnyShu: folds 
LuckyBBastar: folds 
Uncalled bet ($0.10) returned to higebon
higebon collected $0.12 from pot
higebon: doesn't show hand 
*** SUMMARY ***
Total pot $0.12 | Rake $0 
Seat 1: Zagrebaiu (button) folded before Flop (didn't bet)
Seat 2: JhonnyShu (small blind) folded before Flop
Seat 3: LuckyBBastar (big blind) folded before Flop
Seat 4: mkbftw folded before Flop (didn't bet)
Seat 5: higebon collected ($0.12)
Seat 6: HubertusB folded before Flop (didn't bet)



PokerStars Zoom Hand #186690885864:  Hold'em No Limit ($0.02/$0.05) - 2018/05/21 22:56:23 CCT [2018/05/21 10:56:23 ET]
Table 'Donati' 6-max Seat #1 is the button
Seat 1: wanawaiser ($7.31 in chips) 
Seat 2: slob43.ru ($5.92 in chips) 
Seat 3: HubertusB ($5 in chips) 
Seat 4: Zagrebaiu ($7.04 in chips) 
Seat 5: PiNe4ppLe ($10.38 in chips) 
Seat 6: JadesWrath ($5 in chips) 
slob43.ru: posts small blind $0.02
HubertusB: posts big blind $0.05
*** HOLE CARDS ***
Dealt to HubertusB [Qc 7s]
Zagrebaiu: folds 
PiNe4ppLe: folds 
JadesWrath: folds 
wanawaiser: raises $0.07 to $0.12
slob43.ru: folds 
HubertusB: folds 
Uncalled bet ($0.07) returned to wanawaiser
wanawaiser collected $0.12 from pot
wanawaiser: doesn't show hand 
*** SUMMARY ***
Total pot $0.12 | Rake $0 
Seat 1: wanawaiser (button) collected ($0.12)
Seat 2: slob43.ru (small blind) folded before Flop
Seat 3: HubertusB (big blind) folded before Flop
Seat 4: Zagrebaiu folded before Flop (didn't bet)
Seat 5: PiNe4ppLe folded before Flop (didn't bet)
Seat 6: JadesWrath folded before Flop (didn't bet)



PokerStars Zoom Hand #186690870977:  Hold'em No Limit ($0.02/$0.05) - 2018/05/21 22:55:50 CCT [2018/05/21 10:55:50 ET]
Table 'Donati' 6-max Seat #1 is the button
Seat 1: drk55 ($9.73 in chips) 
Seat 2: HubertusB ($2 in chips) 
Seat 3: elviesa ($5.54 in chips) 
Seat 4: Gangster4747 ($1.51 in chips) 
Seat 5: MrTabara ($6.31 in chips) 
Seat 6: legat1502 ($5.29 in chips) 
HubertusB: posts small blind $0.02
elviesa: posts big blind $0.05
*** HOLE CARDS ***
Dealt to HubertusB [Ac Jh]
Gangster4747: folds 
MrTabara: calls $0.05
legat1502: folds 
drk55: raises $0.17 to $0.22
HubertusB: folds 
elviesa: folds 
MrTabara: calls $0.17
*** FLOP *** [8d 7s 4c]
MrTabara: checks 
drk55: checks 
*** TURN *** [8d 7s 4c] [8h]
MrTabara: checks 
drk55: checks 
*** RIVER *** [8d 7s 4c 8h] [Kd]
MrTabara: checks 
drk55: bets $0.26
MrTabara: folds 
Uncalled bet ($0.26) returned to drk55
drk55 collected $0.49 from pot
drk55: doesn't show hand 
*** SUMMARY ***
Total pot $0.51 | Rake $0.02 
Board [8d 7s 4c 8h Kd]
Seat 1: drk55 (button) collected ($0.49)
Seat 2: HubertusB (small blind) folded before Flop
Seat 3: elviesa (big blind) folded before Flop
Seat 4: Gangster4747 folded before Flop (didn't bet)
Seat 5: MrTabara folded on the River
Seat 6: legat1502 folded before Flop (didn't bet)



PokerStars Zoom Hand #186690899052:  Hold'em No Limit ($0.02/$0.05) - 2018/05/21 22:56:52 CCT [2018/05/21 10:56:52 ET]
Table 'Donati' 6-max Seat #1 is the button
Seat 1: VladTim ($6.55 in chips) 
Seat 2: Truth711 ($6.60 in chips) 
Seat 3: HubertusB ($4.93 in chips) 
Seat 4: anubis2008 ($11.05 in chips) 
Seat 5: BL4CK11 ($16.88 in chips) 
Seat 6: maauurija ($4.90 in chips) 
Truth711: posts small blind $0.02
HubertusB: posts big blind $0.05
*** HOLE CARDS ***
Dealt to HubertusB [3h 8h]
anubis2008: folds 
BL4CK11: folds 
maauurija: folds 
VladTim: raises $0.15 to $0.20
Truth711: folds 
HubertusB: folds 
Uncalled bet ($0.15) returned to VladTim
VladTim collected $0.12 from pot
VladTim: doesn't show hand 
*** SUMMARY ***
Total pot $0.12 | Rake $0 
Seat 1: VladTim (button) collected ($0.12)
Seat 2: Truth711 (small blind) folded before Flop
Seat 3: HubertusB (big blind) folded before Flop
Seat 4: anubis2008 folded before Flop (didn't bet)
Seat 5: BL4CK11 folded before Flop (didn't bet)
Seat 6: maauurija folded before Flop (didn't bet)



PokerStars Zoom Hand #186690895419:  Hold'em No Limit ($0.02/$0.05) - 2018/05/21 22:56:44 CCT [2018/05/21 10:56:44 ET]
Table 'Donati' 6-max Seat #1 is the button
Seat 1: HubertusB ($4.93 in chips) 
Seat 2: Killer0127 ($3.86 in chips) 
Seat 3: kitikari ($11.61 in chips) 
Seat 4: Dokerokk23 ($19.17 in chips) 
Seat 5: kokocc ($6.07 in chips) 
Seat 6: Bluecrust ($23.42 in chips) 
Killer0127: posts small blind $0.02
kitikari: posts big blind $0.05
*** HOLE CARDS ***
Dealt to HubertusB [3h Qh]
Dokerokk23: raises $0.10 to $0.15
kokocc: calls $0.15
Bluecrust: folds 
HubertusB: folds 
Killer0127: folds 
kitikari: folds 
*** FLOP *** [Th Jd 9h]
Dokerokk23: bets $0.15
kokocc: calls $0.15
*** TURN *** [Th Jd 9h] [3c]
Dokerokk23: bets $0.45
kokocc: calls $0.45
*** RIVER *** [Th Jd 9h 3c] [8d]
Dokerokk23: bets $0.60
kokocc: calls $0.60
*** SHOW DOWN ***
Dokerokk23: shows [Ah 7h] (a straight, Seven to Jack)
kokocc: shows [Qs Ts] (a straight, Eight to Queen)
kokocc collected $2.66 from pot
*** SUMMARY ***
Total pot $2.77 | Rake $0.11 
Board [Th Jd 9h 3c 8d]
Seat 1: HubertusB (button) folded before Flop (didn't bet)
Seat 2: Killer0127 (small blind) folded before Flop
Seat 3: kitikari (big blind) folded before Flop
Seat 4: Dokerokk23 showed [Ah 7h] and lost with a straight, Seven to Jack
Seat 5: kokocc showed [Qs Ts] and won ($2.66) with a straight, Eight to Queen
Seat 6: Bluecrust folded before Flop (didn't bet)



PokerStars Zoom Hand #186690908067:  Hold'em No Limit ($0.02/$0.05) - 2018/05/21 22:57:12 CCT [2018/05/21 10:57:12 ET]
Table 'Donati' 6-max Seat #1 is the button
Seat 1: Hox4 ($2.56 in chips) 
Seat 2: AntonCom3113 ($2.79 in chips) 
Seat 3: U_RULIA ($11.08 in chips) 
Seat 4: Gnom532 ($8.18 in chips) 
Seat 5: anarxist29 ($7.84 in chips) 
Seat 6: HubertusB ($4.88 in chips) 
AntonCom3113: posts small blind $0.02
U_RULIA: posts big blind $0.05
*** HOLE CARDS ***
Dealt to HubertusB [9s Td]
Gnom532: raises $0.10 to $0.15
anarxist29: folds 
HubertusB: folds 
Hox4: folds 
AntonCom3113: folds 
U_RULIA: folds 
Uncalled bet ($0.10) returned to Gnom532
Gnom532 collected $0.12 from pot
Gnom532: doesn't show hand 
*** SUMMARY ***
Total pot $0.12 | Rake $0 
Seat 1: Hox4 (button) folded before Flop (didn't bet)
Seat 2: AntonCom3113 (small blind) folded before Flop
Seat 3: U_RULIA (big blind) folded before Flop
Seat 4: Gnom532 collected ($0.12)
Seat 5: anarxist29 folded before Flop (didn't bet)
Seat 6: HubertusB folded before Flop (didn't bet)



PokerStars Zoom Hand #186690905827:  Hold'em No Limit ($0.02/$0.05) - 2018/05/21 22:57:07 CCT [2018/05/21 10:57:07 ET]
Table 'Donati' 6-max Seat #1 is the button
Seat 1: Matumbamain ($13.84 in chips) 
Seat 2: JadesWrath ($6.04 in chips) 
Seat 3: Spudzoe ($3.83 in chips) 
Seat 4: HubertusB ($4.88 in chips) 
Seat 5: Pelorojo1 ($7.83 in chips) 
Seat 6: Marian V. 31 ($5 in chips) 
JadesWrath: posts small blind $0.02
Spudzoe: posts big blind $0.05
*** HOLE CARDS ***
Dealt to HubertusB [8s 7d]
HubertusB: folds 
Pelorojo1: folds 
Marian V. 31: folds 
Matumbamain: folds 
JadesWrath: raises $0.07 to $0.12
Spudzoe: folds 
Uncalled bet ($0.07) returned to JadesWrath
JadesWrath collected $0.10 from pot
JadesWrath: doesn't show hand 
*** SUMMARY ***
Total pot $0.10 | Rake $0 
Seat 1: Matumbamain (button) folded before Flop (didn't bet)
Seat 2: JadesWrath (small blind) collected ($0.10)
Seat 3: Spudzoe (big blind) folded before Flop
Seat 4: HubertusB folded before Flop (didn't bet)
Seat 5: Pelorojo1 folded before Flop (didn't bet)
Seat 6: Marian V. 31 folded before Flop (didn't bet)



PokerStars Zoom Hand #186690910374:  Hold'em No Limit ($0.02/$0.05) - 2018/05/21 22:57:18 CCT [2018/05/21 10:57:18 ET]
Table 'Donati' 6-max Seat #1 is the button
Seat 1: CVBA85 ($8.63 in chips) 
Seat 2: vitaha00007 ($6.51 in chips) 
Seat 3: GypsyBaronX ($2.50 in chips) 
Seat 4: Igor86554 ($7.40 in chips) 
Seat 5: HubertusB ($4.88 in chips) 
Seat 6: yuu0914 ($5.07 in chips) 
vitaha00007: posts small blind $0.02
GypsyBaronX: posts big blind $0.05
*** HOLE CARDS ***
Dealt to HubertusB [3c 7d]
Igor86554: folds 
HubertusB: folds 
yuu0914: folds 
CVBA85: folds 
vitaha00007: raises $0.10 to $0.15
GypsyBaronX: folds 
Uncalled bet ($0.10) returned to vitaha00007
vitaha00007 collected $0.10 from pot
vitaha00007: doesn't show hand 
*** SUMMARY ***
Total pot $0.10 | Rake $0 
Seat 1: CVBA85 (button) folded before Flop (didn't bet)
Seat 2: vitaha00007 (small blind) collected ($0.10)
Seat 3: GypsyBaronX (big blind) folded before Flop
Seat 4: Igor86554 folded before Flop (didn't bet)
Seat 5: HubertusB folded before Flop (didn't bet)
Seat 6: yuu0914 folded before Flop (didn't bet)



PokerStars Zoom Hand #186690912622:  Hold'em No Limit ($0.02/$0.05) - 2018/05/21 22:57:22 CCT [2018/05/21 10:57:22 ET]
Table 'Donati' 6-max Seat #1 is the button
Seat 1: mkbftw ($5 in chips) 
Seat 2: MSKLucky007 ($5 in chips) 
Seat 3: fool_rabbit ($7.83 in chips) 
Seat 4: HubertusB ($4.88 in chips) 
Seat 5: LAZO30 ($3.09 in chips) 
Seat 6: Derter25 ($7.05 in chips) 
MSKLucky007: posts small blind $0.02
fool_rabbit: posts big blind $0.05
*** HOLE CARDS ***
Dealt to HubertusB [As Qs]
HubertusB: raises $0.10 to $0.15
LAZO30: folds 
Derter25: folds 
mkbftw: folds 
MSKLucky007: folds 
fool_rabbit: folds 
Uncalled bet ($0.10) returned to HubertusB
HubertusB collected $0.12 from pot
HubertusB: doesn't show hand 
*** SUMMARY ***
Total pot $0.12 | Rake $0 
Seat 1: mkbftw (button) folded before Flop (didn't bet)
Seat 2: MSKLucky007 (small blind) folded before Flop
Seat 3: fool_rabbit (big blind) folded before Flop
Seat 4: HubertusB collected ($0.12)
Seat 5: LAZO30 folded before Flop (didn't bet)
Seat 6: Derter25 folded before Flop (didn't bet)



PokerStars Zoom Hand #186690893139:  Hold'em No Limit ($0.02/$0.05) - 2018/05/21 22:56:39 CCT [2018/05/21 10:56:39 ET]
Table 'Donati' 6-max Seat #1 is the button
Seat 1: tokigori ($2.65 in chips) 
Seat 2: HubertusB ($4.95 in chips) 
Seat 3: MD'forik' ($2.69 in chips) 
Seat 4: mr_black434 ($10.81 in chips) 
Seat 5: korkySVK ($5 in chips) 
Seat 6: TheFibonachi ($5.94 in chips) 
HubertusB: posts small blind $0.02
MD'forik': posts big blind $0.05
*** HOLE CARDS ***
Dealt to HubertusB [2c Jd]
mr_black434: folds 
korkySVK: raises $0.10 to $0.15
TheFibonachi: folds 
tokigori: folds 
HubertusB: folds 
MD'forik': calls $0.10
*** FLOP *** [Ks 5d 4c]
MD'forik': checks 
korkySVK: bets $0.22
MD'forik': raises $0.48 to $0.70
korkySVK: calls $0.48
*** TURN *** [Ks 5d 4c] [3c]
MD'forik': bets $1
korkySVK: calls $1
*** RIVER *** [Ks 5d 4c 3c] [Ac]
MD'forik': bets $0.84 and is all-in
korkySVK: calls $0.84
*** SHOW DOWN ***
MD'forik': shows [4s 4d] (three of a kind, Fours)
korkySVK: shows [Jc Kc] (a flush, Ace high)
korkySVK collected $5.18 from pot
*** SUMMARY ***
Total pot $5.40 | Rake $0.22 
Board [Ks 5d 4c 3c Ac]
Seat 1: tokigori (button) folded before Flop (didn't bet)
Seat 2: HubertusB (small blind) folded before Flop
Seat 3: MD'forik' (big blind) showed [4s 4d] and lost with three of a kind, Fours
Seat 4: mr_black434 folded before Flop (didn't bet)
Seat 5: korkySVK showed [Jc Kc] and won ($5.18) with a flush, Ace high
Seat 6: TheFibonachi folded before Flop (didn't bet)



PokerStars Zoom Hand #186690919355:  Hold'em No Limit ($0.02/$0.05) - 2018/05/21 22:57:37 CCT [2018/05/21 10:57:37 ET]
Table 'Donati' 6-max Seat #1 is the button
Seat 1: mkbftw ($5 in chips) 
Seat 2: HubertusB ($4.95 in chips) 
Seat 3: Pipsen75 ($7.47 in chips) 
Seat 4: lois br ($5.15 in chips) 
Seat 5: Leime11 ($5.13 in chips) 
Seat 6: whitewhisper ($19.03 in chips) 
HubertusB: posts small blind $0.02
Pipsen75: posts big blind $0.05
*** HOLE CARDS ***
Dealt to HubertusB [4c 9h]
lois br: folds 
Leime11: folds 
whitewhisper: raises $0.10 to $0.15
mkbftw: folds 
HubertusB: folds 
Pipsen75: folds 
Uncalled bet ($0.10) returned to whitewhisper
whitewhisper collected $0.12 from pot
whitewhisper: doesn't show hand 
*** SUMMARY ***
Total pot $0.12 | Rake $0 
Seat 1: mkbftw (button) folded before Flop (didn't bet)
Seat 2: HubertusB (small blind) folded before Flop
Seat 3: Pipsen75 (big blind) folded before Flop
Seat 4: lois br folded before Flop (didn't bet)
Seat 5: Leime11 folded before Flop (didn't bet)
Seat 6: whitewhisper collected ($0.12)



PokerStars Zoom Hand #186690921676:  Hold'em No Limit ($0.02/$0.05) - 2018/05/21 22:57:42 CCT [2018/05/21 10:57:42 ET]
Table 'Donati' 6-max Seat #1 is the button
Seat 1: HubertusB ($4.93 in chips) 
Seat 2: Faroom ($4.95 in chips) 
Seat 3: EveryOutCounts ($5.07 in chips) 
Seat 4: MrTabara ($6.09 in chips) 
Seat 5: Rubilacza ($7.55 in chips) 
Seat 6: xerocross ($9.62 in chips) 
Faroom: posts small blind $0.02
EveryOutCounts: posts big blind $0.05
*** HOLE CARDS ***
Dealt to HubertusB [8h Qs]
MrTabara: folds 
Rubilacza: folds 
xerocross: folds 
HubertusB: folds 
Faroom: folds 
Uncalled bet ($0.03) returned to EveryOutCounts
EveryOutCounts collected $0.04 from pot
EveryOutCounts: doesn't show hand 
*** SUMMARY ***
Total pot $0.04 | Rake $0 
Seat 1: HubertusB (button) folded before Flop (didn't bet)
Seat 2: Faroom (small blind) folded before Flop
Seat 3: EveryOutCounts (big blind) collected ($0.04)
Seat 4: MrTabara folded before Flop (didn't bet)
Seat 5: Rubilacza folded before Flop (didn't bet)
Seat 6: xerocross folded before Flop (didn't bet)



PokerStars Zoom Hand #186690926698:  Hold'em No Limit ($0.02/$0.05) - 2018/05/21 22:57:53 CCT [2018/05/21 10:57:53 ET]
Table 'Donati' 6-max Seat #1 is the button
Seat 1: ProjetRed ($8.17 in chips) 
Seat 2: kukkertje ($5.98 in chips) 
Seat 3: HubertusB ($4.93 in chips) 
Seat 4: Tub1610 ($6.31 in chips) 
Seat 5: fool_rabbit ($7.76 in chips) 
Seat 6: Truth711 ($5.07 in chips) 
kukkertje: posts small blind $0.02
HubertusB: posts big blind $0.05
*** HOLE CARDS ***
Dealt to HubertusB [Td 8s]
Tub1610: folds 
fool_rabbit: folds 
Truth711: folds 
ProjetRed: raises $0.07 to $0.12
kukkertje: folds 
HubertusB: folds 
Uncalled bet ($0.07) returned to ProjetRed
ProjetRed collected $0.12 from pot
ProjetRed: doesn't show hand 
*** SUMMARY ***
Total pot $0.12 | Rake $0 
Seat 1: ProjetRed (button) collected ($0.12)
Seat 2: kukkertje (small blind) folded before Flop
Seat 3: HubertusB (big blind) folded before Flop
Seat 4: Tub1610 folded before Flop (didn't bet)
Seat 5: fool_rabbit folded before Flop (didn't bet)
Seat 6: Truth711 folded before Flop (didn't bet)



PokerStars Zoom Hand #186690935058:  Hold'em No Limit ($0.02/$0.05) - 2018/05/21 22:58:11 CCT [2018/05/21 10:58:11 ET]
Table 'Donati' 6-max Seat #1 is the button
Seat 1: JhonnyShu ($5.17 in chips) 
Seat 2: RebleStripe ($10.23 in chips) 
Seat 3: superRODRI ($5.13 in chips) 
Seat 4: HubertusB ($4.88 in chips) 
Seat 5: begze ($4.93 in chips) 
Seat 6: costa0902 ($0.93 in chips) 
RebleStripe: posts small blind $0.02
superRODRI: posts big blind $0.05
*** HOLE CARDS ***
Dealt to HubertusB [5d 5c]
HubertusB: folds 
begze: folds 
costa0902: folds 
JhonnyShu: folds 
RebleStripe: folds 
Uncalled bet ($0.03) returned to superRODRI
superRODRI collected $0.04 from pot
superRODRI: doesn't show hand 
*** SUMMARY ***
Total pot $0.04 | Rake $0 
Seat 1: JhonnyShu (button) folded before Flop (didn't bet)
Seat 2: RebleStripe (small blind) folded before Flop
Seat 3: superRODRI (big blind) collected ($0.04)
Seat 4: HubertusB folded before Flop (didn't bet)
Seat 5: begze folded before Flop (didn't bet)
Seat 6: costa0902 folded before Flop (didn't bet)



PokerStars Zoom Hand #186690924411:  Hold'em No Limit ($0.02/$0.05) - 2018/05/21 22:57:48 CCT [2018/05/21 10:57:48 ET]
Table 'Donati' 6-max Seat #1 is the button
Seat 1: agro dedek ($2.40 in chips) 
Seat 2: Marian V. 31 ($5.07 in chips) 
Seat 3: JadesWrath ($5.28 in chips) 
Seat 4: xerocross ($9.62 in chips) 
Seat 5: smasaken ($13.58 in chips) 
Seat 6: HubertusB ($4.93 in chips) 
Marian V. 31: posts small blind $0.02
JadesWrath: posts big blind $0.05
*** HOLE CARDS ***
Dealt to HubertusB [Jd 3c]
xerocross: folds 
smasaken: folds 
HubertusB: folds 
agro dedek: folds 
Marian V. 31: raises $0.10 to $0.15
JadesWrath: calls $0.10
*** FLOP *** [9h Qc 9c]
Marian V. 31: checks 
JadesWrath: bets $0.10
Marian V. 31: folds 
Uncalled bet ($0.10) returned to JadesWrath
JadesWrath collected $0.29 from pot
JadesWrath: doesn't show hand 
*** SUMMARY ***
Total pot $0.30 | Rake $0.01 
Board [9h Qc 9c]
Seat 1: agro dedek (button) folded before Flop (didn't bet)
Seat 2: Marian V. 31 (small blind) folded on the Flop
Seat 3: JadesWrath (big blind) collected ($0.29)
Seat 4: xerocross folded before Flop (didn't bet)
Seat 5: smasaken folded before Flop (didn't bet)
Seat 6: HubertusB folded before Flop (didn't bet)



PokerStars Zoom Hand #186690890824:  Hold'em No Limit ($0.02/$0.05) - 2018/05/21 22:56:34 CCT [2018/05/21 10:56:34 ET]
Table 'Donati' 6-max Seat #1 is the button
Seat 1: Burrrty ($5 in chips) 
Seat 2: Demyosaur ($12.45 in chips) 
Seat 3: Truth711 ($5.07 in chips) 
Seat 4: Lepredateur ($6.68 in chips) 
Seat 5: HubertusB ($4.95 in chips) 
Seat 6: trol_panda ($4.17 in chips) 
Demyosaur: posts small blind $0.02
Truth711: posts big blind $0.05
*** HOLE CARDS ***
Dealt to HubertusB [2c 3c]
Lepredateur: folds 
HubertusB: folds 
trol_panda: folds 
Burrrty: folds 
Demyosaur: raises $0.10 to $0.15
Truth711: calls $0.10
*** FLOP *** [As 5c Tc]
Demyosaur: checks 
Truth711: bets $0.15
Demyosaur: calls $0.15
*** TURN *** [As 5c Tc] [Ah]
Demyosaur: checks 
Truth711: bets $0.35
Demyosaur: calls $0.35
*** RIVER *** [As 5c Tc Ah] [Jd]
Demyosaur: checks 
Truth711: bets $0.41
Demyosaur: raises $0.81 to $1.22
Truth711: calls $0.81
*** SHOW DOWN ***
Demyosaur: shows [Qs Ts] (two pair, Aces and Tens)
Truth711: shows [7h Ad] (three of a kind, Aces)
Truth711 collected $3.58 from pot
*** SUMMARY ***
Total pot $3.74 | Rake $0.16 
Board [As 5c Tc Ah Jd]
Seat 1: Burrrty (button) folded before Flop (didn't bet)
Seat 2: Demyosaur (small blind) showed [Qs Ts] and lost with two pair, Aces and Tens
Seat 3: Truth711 (big blind) showed [7h Ad] and won ($3.58) with three of a kind, Aces
Seat 4: Lepredateur folded before Flop (didn't bet)
Seat 5: HubertusB folded before Flop (didn't bet)
Seat 6: trol_panda folded before Flop (didn't bet)



PokerStars Zoom Hand #186690939437:  Hold'em No Limit ($0.02/$0.05) - 2018/05/21 22:58:22 CCT [2018/05/21 10:58:22 ET]
Table 'Donati' 6-max Seat #1 is the button
Seat 1: mopsrenat ($4.11 in chips) 
Seat 2: mrDustBoy ($4.85 in chips) 
Seat 3: JhowtraOrd ($5 in chips) 
Seat 4: killer2016ev ($11.78 in chips) 
Seat 5: HubertusB ($4.88 in chips) 
Seat 6: begze ($4.98 in chips) 
mrDustBoy: posts small blind $0.02
JhowtraOrd: posts big blind $0.05
*** HOLE CARDS ***
Dealt to HubertusB [Ac Ts]
killer2016ev: folds 
HubertusB: raises $0.07 to $0.12
begze: folds 
mopsrenat: folds 
mrDustBoy: folds 
JhowtraOrd: raises $0.43 to $0.55
HubertusB: folds 
Uncalled bet ($0.43) returned to JhowtraOrd
JhowtraOrd collected $0.26 from pot
JhowtraOrd: doesn't show hand 
*** SUMMARY ***
Total pot $0.26 | Rake $0 
Seat 1: mopsrenat (button) folded before Flop (didn't bet)
Seat 2: mrDustBoy (small blind) folded before Flop
Seat 3: JhowtraOrd (big blind) collected ($0.26)
Seat 4: killer2016ev folded before Flop (didn't bet)
Seat 5: HubertusB folded before Flop
Seat 6: begze folded before Flop (didn't bet)



PokerStars Zoom Hand #186690950930:  Hold'em No Limit ($0.02/$0.05) - 2018/05/21 22:58:48 CCT [2018/05/21 10:58:48 ET]
Table 'Donati' 6-max Seat #1 is the button
Seat 1: HubertusB ($4.76 in chips) 
Seat 2: vitaha00007 ($6.66 in chips) 
Seat 3: JhonnyShu ($5.15 in chips) 
Seat 4: zwetok ($10.07 in chips) 
Seat 5: derak488 ($5 in chips) 
Seat 6: maxgild85 ($5 in chips) 
vitaha00007: posts small blind $0.02
JhonnyShu: posts big blind $0.05
*** HOLE CARDS ***
Dealt to HubertusB [Ad 4s]
zwetok: folds 
derak488: folds 
maxgild85: folds 
HubertusB: raises $0.05 to $0.10
vitaha00007: folds 
JhonnyShu: folds 
Uncalled bet ($0.05) returned to HubertusB
HubertusB collected $0.12 from pot
HubertusB: doesn't show hand 
*** SUMMARY ***
Total pot $0.12 | Rake $0 
Seat 1: HubertusB (button) collected ($0.12)
Seat 2: vitaha00007 (small blind) folded before Flop
Seat 3: JhonnyShu (big blind) folded before Flop
Seat 4: zwetok folded before Flop (didn't bet)
Seat 5: derak488 folded before Flop (didn't bet)
Seat 6: maxgild85 folded before Flop (didn't bet)



PokerStars Zoom Hand #186690962727:  Hold'em No Limit ($0.02/$0.05) - 2018/05/21 22:59:14 CCT [2018/05/21 10:59:14 ET]
Table 'Donati' 6-max Seat #1 is the button
Seat 1: MaN1SiK ($1.87 in chips) 
Seat 2: oktai99 ($5.11 in chips) 
Seat 3: HubertusB ($4.81 in chips) 
Seat 4: Bobo-Pits ($4.53 in chips) 
Seat 5: maxgild85 ($5.02 in chips) 
Seat 6: Burkinator99 ($5 in chips) 
oktai99: posts small blind $0.02
HubertusB: posts big blind $0.05
*** HOLE CARDS ***
Dealt to HubertusB [Js 6c]
Bobo-Pits: raises $0.05 to $0.10
maxgild85: folds 
Burkinator99: folds 
MaN1SiK: folds 
oktai99: folds 
HubertusB: folds 
Uncalled bet ($0.05) returned to Bobo-Pits
Bobo-Pits collected $0.12 from pot
Bobo-Pits: doesn't show hand 
*** SUMMARY ***
Total pot $0.12 | Rake $0 
Seat 1: MaN1SiK (button) folded before Flop (didn't bet)
Seat 2: oktai99 (small blind) folded before Flop
Seat 3: HubertusB (big blind) folded before Flop
Seat 4: Bobo-Pits collected ($0.12)
Seat 5: maxgild85 folded before Flop (didn't bet)
Seat 6: Burkinator99 folded before Flop (didn't bet)



PokerStars Zoom Hand #186690959076:  Hold'em No Limit ($0.02/$0.05) - 2018/05/21 22:59:06 CCT [2018/05/21 10:59:06 ET]
Table 'Donati' 6-max Seat #1 is the button
Seat 1: maxkepa ($5.18 in chips) 
Seat 2: HubertusB ($4.83 in chips) 
Seat 3: morionigiri ($5 in chips) 
Seat 4: Grussbote ($4.93 in chips) 
Seat 5: ALover113 ($23.28 in chips) 
Seat 6: Pegan P. ($2.95 in chips) 
HubertusB: posts small blind $0.02
morionigiri: posts big blind $0.05
*** HOLE CARDS ***
Dealt to HubertusB [6s Qs]
Grussbote: folds 
ALover113: folds 
Pegan P.: folds 
maxkepa: folds 
HubertusB: folds 
Uncalled bet ($0.03) returned to morionigiri
morionigiri collected $0.04 from pot
morionigiri: doesn't show hand 
*** SUMMARY ***
Total pot $0.04 | Rake $0 
Seat 1: maxkepa (button) folded before Flop (didn't bet)
Seat 2: HubertusB (small blind) folded before Flop
Seat 3: morionigiri (big blind) collected ($0.04)
Seat 4: Grussbote folded before Flop (didn't bet)
Seat 5: ALover113 folded before Flop (didn't bet)
Seat 6: Pegan P. folded before Flop (didn't bet)



PokerStars Zoom Hand #186690966214:  Hold'em No Limit ($0.02/$0.05) - 2018/05/21 22:59:22 CCT [2018/05/21 10:59:22 ET]
Table 'Donati' 6-max Seat #1 is the button
Seat 1: manuk333 ($6.99 in chips) 
Seat 2: Leime11 ($6.07 in chips) 
Seat 3: deltanueve ($4.69 in chips) 
Seat 4: Lady.Lyck ($6.20 in chips) 
Seat 5: Girigal ($5.02 in chips) 
Seat 6: HubertusB ($4.76 in chips) 
Leime11: posts small blind $0.02
deltanueve: posts big blind $0.05
*** HOLE CARDS ***
Dealt to HubertusB [Jd 4s]
Lady.Lyck: folds 
Girigal: folds 
HubertusB: folds 
manuk333: raises $0.07 to $0.12
Leime11: folds 
deltanueve: folds 
Uncalled bet ($0.07) returned to manuk333
manuk333 collected $0.12 from pot
manuk333: doesn't show hand 
*** SUMMARY ***
Total pot $0.12 | Rake $0 
Seat 1: manuk333 (button) collected ($0.12)
Seat 2: Leime11 (small blind) folded before Flop
Seat 3: deltanueve (big blind) folded before Flop
Seat 4: Lady.Lyck folded before Flop (didn't bet)
Seat 5: Girigal folded before Flop (didn't bet)
Seat 6: HubertusB folded before Flop (didn't bet)



PokerStars Zoom Hand #186690973001:  Hold'em No Limit ($0.02/$0.05) - 2018/05/21 22:59:37 CCT [2018/05/21 10:59:37 ET]
Table 'Donati' 6-max Seat #1 is the button
Seat 1: maxgild85 ($5 in chips) 
Seat 2: Caphalor85 ($2.64 in chips) 
Seat 3: Toxa 565300 ($6.05 in chips) 
Seat 4: 3k.stimmt ($6.19 in chips) 
Seat 5: HubertusB ($4.76 in chips) 
Seat 6: korkySVK ($5 in chips) 
Caphalor85: posts small blind $0.02
Toxa 565300: posts big blind $0.05
*** HOLE CARDS ***
Dealt to HubertusB [4s Ts]
3k.stimmt: folds 
HubertusB: folds 
korkySVK: folds 
maxgild85: raises $0.07 to $0.12
Caphalor85: folds 
Toxa 565300: raises $0.18 to $0.30
maxgild85: folds 
Uncalled bet ($0.18) returned to Toxa 565300
Toxa 565300 collected $0.26 from pot
Toxa 565300: doesn't show hand 
*** SUMMARY ***
Total pot $0.26 | Rake $0 
Seat 1: maxgild85 (button) folded before Flop
Seat 2: Caphalor85 (small blind) folded before Flop
Seat 3: Toxa 565300 (big blind) collected ($0.26)
Seat 4: 3k.stimmt folded before Flop (didn't bet)
Seat 5: HubertusB folded before Flop (didn't bet)
Seat 6: korkySVK folded before Flop (didn't bet)



PokerStars Zoom Hand #186690970684:  Hold'em No Limit ($0.02/$0.05) - 2018/05/21 22:59:32 CCT [2018/05/21 10:59:32 ET]
Table 'Donati' 6-max Seat #1 is the button
Seat 1: HubertusB ($4.76 in chips) 
Seat 2: MrTabara ($6.91 in chips) 
Seat 3: whipwhipcn ($16.23 in chips) 
Seat 4: MSKLucky007 ($5.16 in chips) 
Seat 5: anubis2008 ($4.50 in chips) 
Seat 6: s0chi161090 ($4.92 in chips) 
MrTabara: posts small blind $0.02
whipwhipcn: posts big blind $0.05
*** HOLE CARDS ***
Dealt to HubertusB [6d 4h]
MSKLucky007: folds 
anubis2008: raises $0.15 to $0.20
s0chi161090: folds 
HubertusB: folds 
MrTabara: folds 
whipwhipcn: calls $0.15
*** FLOP *** [Th 7s Jh]
whipwhipcn: checks 
anubis2008: bets $0.25
whipwhipcn: folds 
Uncalled bet ($0.25) returned to anubis2008
anubis2008 collected $0.40 from pot
anubis2008: doesn't show hand 
*** SUMMARY ***
Total pot $0.42 | Rake $0.02 
Board [Th 7s Jh]
Seat 1: HubertusB (button) folded before Flop (didn't bet)
Seat 2: MrTabara (small blind) folded before Flop
Seat 3: whipwhipcn (big blind) folded on the Flop
Seat 4: MSKLucky007 folded before Flop (didn't bet)
Seat 5: anubis2008 collected ($0.40)
Seat 6: s0chi161090 folded before Flop (didn't bet)



PokerStars Zoom Hand #186690980647:  Hold'em No Limit ($0.02/$0.05) - 2018/05/21 22:59:54 CCT [2018/05/21 10:59:54 ET]
Table 'Donati' 6-max Seat #1 is the button
Seat 1: Jenekkz ($7.50 in chips) 
Seat 2: 1blanqueanu1 ($5.29 in chips) 
Seat 3: begze ($5.14 in chips) 
Seat 4: crawerman ($6.69 in chips) 
Seat 5: someep1ck ($5.12 in chips) 
Seat 6: HubertusB ($4.71 in chips) 
1blanqueanu1: posts small blind $0.02
begze: posts big blind $0.05
*** HOLE CARDS ***
Dealt to HubertusB [Qh 2s]
crawerman: folds 
someep1ck: folds 
HubertusB: folds 
Jenekkz: folds 
1blanqueanu1: folds 
Uncalled bet ($0.03) returned to begze
begze collected $0.04 from pot
begze: doesn't show hand 
*** SUMMARY ***
Total pot $0.04 | Rake $0 
Seat 1: Jenekkz (button) folded before Flop (didn't bet)
Seat 2: 1blanqueanu1 (small blind) folded before Flop
Seat 3: begze (big blind) collected ($0.04)
Seat 4: crawerman folded before Flop (didn't bet)
Seat 5: someep1ck folded before Flop (didn't bet)
Seat 6: HubertusB folded before Flop (didn't bet)



PokerStars Zoom Hand #186690968483:  Hold'em No Limit ($0.02/$0.05) - 2018/05/21 22:59:27 CCT [2018/05/21 10:59:27 ET]
Table 'Donati' 6-max Seat #1 is the button
Seat 1: JhonnyShu ($5.43 in chips) 
Seat 2: neselov ($19.30 in chips) 
Seat 3: JoelHunt007 ($7.72 in chips) 
Seat 4: HubertusB ($4.76 in chips) 
Seat 5: 3k.stimmt ($6.19 in chips) 
Seat 6: Lady.Lyck ($6.20 in chips) 
neselov: posts small blind $0.02
JoelHunt007: posts big blind $0.05
*** HOLE CARDS ***
Dealt to HubertusB [3h Tc]
HubertusB: folds 
3k.stimmt: folds 
Lady.Lyck: folds 
JhonnyShu: folds 
neselov: raises $0.07 to $0.12
JoelHunt007: calls $0.07
*** FLOP *** [Js 7h 7c]
neselov: checks 
JoelHunt007: bets $0.12
neselov: folds 
Uncalled bet ($0.12) returned to JoelHunt007
JoelHunt007 collected $0.23 from pot
JoelHunt007: doesn't show hand 
*** SUMMARY ***
Total pot $0.24 | Rake $0.01 
Board [Js 7h 7c]
Seat 1: JhonnyShu (button) folded before Flop (didn't bet)
Seat 2: neselov (small blind) folded on the Flop
Seat 3: JoelHunt007 (big blind) collected ($0.23)
Seat 4: HubertusB folded before Flop (didn't bet)
Seat 5: 3k.stimmt folded before Flop (didn't bet)
Seat 6: Lady.Lyck folded before Flop (didn't bet)



PokerStars Zoom Hand #186690983263:  Hold'em No Limit ($0.02/$0.05) - 2018/05/21 23:00:00 CCT [2018/05/21 11:00:00 ET]
Table 'Donati' 6-max Seat #1 is the button
Seat 1: Rataj89 ($6.79 in chips) 
Seat 2: HubertusB ($4.71 in chips) 
Seat 3: jamez_rjcv ($12.42 in chips) 
Seat 4: JhonnyShu ($5.45 in chips) 
Seat 5: DutchSpace ($9.46 in chips) 
Seat 6: derak488 ($5.11 in chips) 
HubertusB: posts small blind $0.02
jamez_rjcv: posts big blind $0.05
*** HOLE CARDS ***
Dealt to HubertusB [Kh 3d]
JhonnyShu: raises $0.10 to $0.15
DutchSpace: folds 
derak488: folds 
Rataj89: folds 
HubertusB: folds 
jamez_rjcv: folds 
Uncalled bet ($0.10) returned to JhonnyShu
JhonnyShu collected $0.12 from pot
JhonnyShu: doesn't show hand 
*** SUMMARY ***
Total pot $0.12 | Rake $0 
Seat 1: Rataj89 (button) folded before Flop (didn't bet)
Seat 2: HubertusB (small blind) folded before Flop
Seat 3: jamez_rjcv (big blind) folded before Flop
Seat 4: JhonnyShu collected ($0.12)
Seat 5: DutchSpace folded before Flop (didn't bet)
Seat 6: derak488 folded before Flop (didn't bet)



PokerStars Zoom Hand #186690975245:  Hold'em No Limit ($0.02/$0.05) - 2018/05/21 22:59:42 CCT [2018/05/21 10:59:42 ET]
Table 'Donati' 6-max Seat #1 is the button
Seat 1: Dokerokk23 ($19.15 in chips) 
Seat 2: WiseYorsh ($5.26 in chips) 
Seat 3: HubertusB ($4.76 in chips) 
Seat 4: kax1385 ($3.68 in chips) 
Seat 5: TheFibonachi ($5.79 in chips) 
Seat 6: Foxtrot89 ($7.20 in chips) 
WiseYorsh: posts small blind $0.02
HubertusB: posts big blind $0.05
*** HOLE CARDS ***
Dealt to HubertusB [Th 7d]
kax1385: raises $0.10 to $0.15
TheFibonachi: folds 
Foxtrot89: folds 
Dokerokk23: folds 
WiseYorsh: calls $0.13
HubertusB: folds 
*** FLOP *** [5s Js 5c]
WiseYorsh: checks 
kax1385: bets $0.20
WiseYorsh: calls $0.20
*** TURN *** [5s Js 5c] [3c]
WiseYorsh: checks 
kax1385: checks 
*** RIVER *** [5s Js 5c 3c] [4c]
WiseYorsh: checks 
kax1385: checks 
*** SHOW DOWN ***
WiseYorsh: shows [Jd Qd] (two pair, Jacks and Fives)
kax1385: mucks hand 
WiseYorsh collected $0.72 from pot
*** SUMMARY ***
Total pot $0.75 | Rake $0.03 
Board [5s Js 5c 3c 4c]
Seat 1: Dokerokk23 (button) folded before Flop (didn't bet)
Seat 2: WiseYorsh (small blind) showed [Jd Qd] and won ($0.72) with two pair, Jacks and Fives
Seat 3: HubertusB (big blind) folded before Flop
Seat 4: kax1385 mucked [8h 7h]
Seat 5: TheFibonachi folded before Flop (didn't bet)
Seat 6: Foxtrot89 folded before Flop (didn't bet)



PokerStars Zoom Hand #186690988377:  Hold'em No Limit ($0.02/$0.05) - 2018/05/21 23:00:11 CCT [2018/05/21 11:00:11 ET]
Table 'Donati' 6-max Seat #1 is the button
Seat 1: HubertusB ($4.69 in chips) 
Seat 2: PiNe4ppLe ($8.17 in chips) 
Seat 3: titop_Vector ($5 in chips) 
Seat 4: novyan87 ($7.73 in chips) 
Seat 5: ramonzum ($4.38 in chips) 
Seat 6: Timwros53 ($2.57 in chips) 
PiNe4ppLe: posts small blind $0.02
titop_Vector: posts big blind $0.05
*** HOLE CARDS ***
Dealt to HubertusB [4h 9h]
novyan87: folds 
ramonzum: folds 
Timwros53: folds 
HubertusB: folds 
PiNe4ppLe: folds 
Uncalled bet ($0.03) returned to titop_Vector
titop_Vector collected $0.04 from pot
titop_Vector: doesn't show hand 
*** SUMMARY ***
Total pot $0.04 | Rake $0 
Seat 1: HubertusB (button) folded before Flop (didn't bet)
Seat 2: PiNe4ppLe (small blind) folded before Flop
Seat 3: titop_Vector (big blind) collected ($0.04)
Seat 4: novyan87 folded before Flop (didn't bet)
Seat 5: ramonzum folded before Flop (didn't bet)
Seat 6: Timwros53 folded before Flop (didn't bet)



PokerStars Zoom Hand #186690985588:  Hold'em No Limit ($0.02/$0.05) - 2018/05/21 23:00:05 CCT [2018/05/21 11:00:05 ET]
Table 'Donati' 6-max Seat #1 is the button
Seat 1: Snowy1984C ($5 in chips) 
Seat 2: begze ($4.66 in chips) 
Seat 3: whitewhisper ($10.82 in chips) 
Seat 4: smoot21 ($12.78 in chips) 
Seat 5: HubertusB ($4.69 in chips) 
Seat 6: ful hau$$100 ($2.81 in chips) 
begze: posts small blind $0.02
whitewhisper: posts big blind $0.05
*** HOLE CARDS ***
Dealt to HubertusB [4h 3h]
smoot21: folds 
HubertusB: folds 
ful hau$$100: folds 
Snowy1984C: raises $0.07 to $0.12
begze: folds 
whitewhisper: folds 
Uncalled bet ($0.07) returned to Snowy1984C
Snowy1984C collected $0.12 from pot
Snowy1984C: doesn't show hand 
*** SUMMARY ***
Total pot $0.12 | Rake $0 
Seat 1: Snowy1984C (button) collected ($0.12)
Seat 2: begze (small blind) folded before Flop
Seat 3: whitewhisper (big blind) folded before Flop
Seat 4: smoot21 folded before Flop (didn't bet)
Seat 5: HubertusB folded before Flop (didn't bet)
Seat 6: ful hau$$100 folded before Flop (didn't bet)



PokerStars Zoom Hand #186690996329:  Hold'em No Limit ($0.02/$0.05) - 2018/05/21 23:00:28 CCT [2018/05/21 11:00:28 ET]
Table 'Donati' 6-max Seat #1 is the button
Seat 1: CVBA85 ($6.20 in chips) 
Seat 2: fetisjan ($5.71 in chips) 
Seat 3: Hox4 ($2.63 in chips) 
Seat 4: HubertusB ($4.69 in chips) 
Seat 5: rizotto ($5.14 in chips) 
Seat 6: Zatoch ($7.43 in chips) 
fetisjan: posts small blind $0.02
Hox4: posts big blind $0.05
*** HOLE CARDS ***
Dealt to HubertusB [5s Th]
HubertusB: folds 
rizotto: raises $0.12 to $0.17
Zatoch: folds 
CVBA85: folds 
fetisjan: folds 
Hox4: folds 
Uncalled bet ($0.12) returned to rizotto
rizotto collected $0.12 from pot
rizotto: doesn't show hand 
*** SUMMARY ***
Total pot $0.12 | Rake $0 
Seat 1: CVBA85 (button) folded before Flop (didn't bet)
Seat 2: fetisjan (small blind) folded before Flop
Seat 3: Hox4 (big blind) folded before Flop
Seat 4: HubertusB folded before Flop (didn't bet)
Seat 5: rizotto collected ($0.12)
Seat 6: Zatoch folded before Flop (didn't bet)



PokerStars Zoom Hand #186690992594:  Hold'em No Limit ($0.02/$0.05) - 2018/05/21 23:00:20 CCT [2018/05/21 11:00:20 ET]
Table 'Donati' 6-max Seat #1 is the button
Seat 1: U_RULIA ($11.04 in chips) 
Seat 2: 1NikDan1 ($9.19 in chips) 
Seat 3: disvl ($4.66 in chips) 
Seat 4: BL4CK11 ($7.44 in chips) 
Seat 5: HubertusB ($4.69 in chips) 
Seat 6: ssak07 ($5.13 in chips) 
1NikDan1: posts small blind $0.02
disvl: posts big blind $0.05
*** HOLE CARDS ***
Dealt to HubertusB [Ks 2d]
BL4CK11: folds 
HubertusB: folds 
ssak07: folds 
U_RULIA: folds 
1NikDan1: calls $0.03
disvl: checks 
*** FLOP *** [5c Jd 9d]
1NikDan1: checks 
disvl: bets $0.05
1NikDan1: folds 
Uncalled bet ($0.05) returned to disvl
disvl collected $0.10 from pot
disvl: doesn't show hand 
*** SUMMARY ***
Total pot $0.10 | Rake $0 
Board [5c Jd 9d]
Seat 1: U_RULIA (button) folded before Flop (didn't bet)
Seat 2: 1NikDan1 (small blind) folded on the Flop
Seat 3: disvl (big blind) collected ($0.10)
Seat 4: BL4CK11 folded before Flop (didn't bet)
Seat 5: HubertusB folded before Flop (didn't bet)
Seat 6: ssak07 folded before Flop (didn't bet)



PokerStars Zoom Hand #186691004903:  Hold'em No Limit ($0.02/$0.05) - 2018/05/21 23:00:46 CCT [2018/05/21 11:00:46 ET]
Table 'Donati' 6-max Seat #1 is the button
Seat 1: KostyRuc ($9.76 in chips) 
Seat 2: maxgild85 ($5.20 in chips) 
Seat 3: HubertusB ($4.67 in chips) 
Seat 4: Snowy1984C ($5 in chips) 
Seat 5: reuscaelum ($5.14 in chips) 
Seat 6: CVBA85 ($10.52 in chips) 
maxgild85: posts small blind $0.02
HubertusB: posts big blind $0.05
*** HOLE CARDS ***
Dealt to HubertusB [2c Th]
Snowy1984C: folds 
reuscaelum: raises $0.10 to $0.15
CVBA85: folds 
KostyRuc: folds 
maxgild85: folds 
HubertusB: folds 
Uncalled bet ($0.10) returned to reuscaelum
reuscaelum collected $0.12 from pot
reuscaelum: doesn't show hand 
*** SUMMARY ***
Total pot $0.12 | Rake $0 
Seat 1: KostyRuc (button) folded before Flop (didn't bet)
Seat 2: maxgild85 (small blind) folded before Flop
Seat 3: HubertusB (big blind) folded before Flop
Seat 4: Snowy1984C folded before Flop (didn't bet)
Seat 5: reuscaelum collected ($0.12)
Seat 6: CVBA85 folded before Flop (didn't bet)



PokerStars Zoom Hand #186690998671:  Hold'em No Limit ($0.02/$0.05) - 2018/05/21 23:00:33 CCT [2018/05/21 11:00:33 ET]
Table 'Donati' 6-max Seat #1 is the button
Seat 1: titop_Vector ($5 in chips) 
Seat 2: HubertusB ($4.69 in chips) 
Seat 3: eltorinio ($5 in chips) 
Seat 4: OoShooked ($5 in chips) 
Seat 5: Caphalor85 ($2.73 in chips) 
Seat 6: flyingwoodz ($13.06 in chips) 
HubertusB: posts small blind $0.02
eltorinio: posts big blind $0.05
*** HOLE CARDS ***
Dealt to HubertusB [Th 4h]
OoShooked: folds 
Caphalor85: raises $0.05 to $0.10
flyingwoodz: folds 
titop_Vector: raises $0.26 to $0.36
HubertusB: folds 
eltorinio: folds 
Caphalor85: calls $0.26
*** FLOP *** [3c 6d Qc]
Caphalor85: bets $0.20
titop_Vector: calls $0.20
*** TURN *** [3c 6d Qc] [2d]
Caphalor85: bets $0.20
titop_Vector: raises $0.30 to $0.50
Caphalor85: folds 
Uncalled bet ($0.30) returned to titop_Vector
titop_Vector collected $1.52 from pot
titop_Vector: doesn't show hand 
*** SUMMARY ***
Total pot $1.59 | Rake $0.07 
Board [3c 6d Qc 2d]
Seat 1: titop_Vector (button) collected ($1.52)
Seat 2: HubertusB (small blind) folded before Flop
Seat 3: eltorinio (big blind) folded before Flop
Seat 4: OoShooked folded before Flop (didn't bet)
Seat 5: Caphalor85 folded on the Turn
Seat 6: flyingwoodz folded before Flop (didn't bet)



PokerStars Zoom Hand #186691014874:  Hold'em No Limit ($0.02/$0.05) - 2018/05/21 23:01:06 CCT [2018/05/21 11:01:06 ET]
Table 'Donati' 6-max Seat #1 is the button
Seat 1: HubertusB ($4.62 in chips) 
Seat 2: Shi Jack ($6.62 in chips) 
Seat 3: krombacher21 ($0.68 in chips) 
Seat 4: svererii ($9.93 in chips) 
Seat 5: deltanueve ($4.69 in chips) 
Seat 6: Zheka-Alaei ($5.44 in chips) 
Shi Jack: posts small blind $0.02
krombacher21: posts big blind $0.05
*** HOLE CARDS ***
Dealt to HubertusB [4s Qc]
svererii: folds 
deltanueve: raises $0.12 to $0.17
Zheka-Alaei: raises $0.58 to $0.75
HubertusB: folds 
Shi Jack: folds 
krombacher21: folds 
deltanueve: folds 
Uncalled bet ($0.58) returned to Zheka-Alaei
Zheka-Alaei collected $0.41 from pot
Zheka-Alaei: doesn't show hand 
*** SUMMARY ***
Total pot $0.41 | Rake $0 
Seat 1: HubertusB (button) folded before Flop (didn't bet)
Seat 2: Shi Jack (small blind) folded before Flop
Seat 3: krombacher21 (big blind) folded before Flop
Seat 4: svererii folded before Flop (didn't bet)
Seat 5: deltanueve folded before Flop
Seat 6: Zheka-Alaei collected ($0.41)



PokerStars Zoom Hand #186691019959:  Hold'em No Limit ($0.02/$0.05) - 2018/05/21 23:01:16 CCT [2018/05/21 11:01:16 ET]
Table 'Donati' 6-max Seat #1 is the button
Seat 1: Chaca273 ($9.01 in chips) 
Seat 2: concor2010 ($4.72 in chips) 
Seat 3: hanny800 ($3.30 in chips) 
Seat 4: Tub1610 ($6.07 in chips) 
Seat 5: Snowy1984C ($5 in chips) 
Seat 6: HubertusB ($4.62 in chips) 
concor2010: posts small blind $0.02
hanny800: posts big blind $0.05
*** HOLE CARDS ***
Dealt to HubertusB [Kc 3h]
Tub1610: folds 
Snowy1984C: folds 
HubertusB: folds 
Chaca273: folds 
concor2010: calls $0.03
hanny800: checks 
*** FLOP *** [6s 4h Ts]
concor2010: checks 
hanny800: bets $0.05
concor2010: folds 
Uncalled bet ($0.05) returned to hanny800
hanny800 collected $0.10 from pot
hanny800: doesn't show hand 
*** SUMMARY ***
Total pot $0.10 | Rake $0 
Board [6s 4h Ts]
Seat 1: Chaca273 (button) folded before Flop (didn't bet)
Seat 2: concor2010 (small blind) folded on the Flop
Seat 3: hanny800 (big blind) collected ($0.10)
Seat 4: Tub1610 folded before Flop (didn't bet)
Seat 5: Snowy1984C folded before Flop (didn't bet)
Seat 6: HubertusB folded before Flop (didn't bet)



PokerStars Zoom Hand #186691028103:  Hold'em No Limit ($0.02/$0.05) - 2018/05/21 23:01:32 CCT [2018/05/21 11:01:32 ET]
Table 'Donati' 6-max Seat #1 is the button
Seat 1: Aleble285 ($4.03 in chips) 
Seat 2: HubertusB ($4.62 in chips) 
Seat 3: novyan87 ($7.93 in chips) 
Seat 4: poshla_nazuy ($6.33 in chips) 
Seat 5: svererii ($7.15 in chips) 
Seat 6: Lady.Lyck ($5 in chips) 
HubertusB: posts small blind $0.02
novyan87: posts big blind $0.05
*** HOLE CARDS ***
Dealt to HubertusB [Kh Qd]
poshla_nazuy: folds 
svererii: folds 
Lady.Lyck: folds 
Aleble285: raises $0.10 to $0.15
HubertusB: raises $0.35 to $0.50
novyan87: folds 
Aleble285: calls $0.35
*** FLOP *** [Js 8h 6c]
HubertusB: bets $0.51
Aleble285: calls $0.51
*** TURN *** [Js 8h 6c] [Jd]
HubertusB: checks 
Aleble285: checks 
*** RIVER *** [Js 8h 6c Jd] [Ah]
HubertusB: bets $1.58
Aleble285: folds 
Uncalled bet ($1.58) returned to HubertusB
HubertusB collected $1.98 from pot
HubertusB: doesn't show hand 
*** SUMMARY ***
Total pot $2.07 | Rake $0.09 
Board [Js 8h 6c Jd Ah]
Seat 1: Aleble285 (button) folded on the River
Seat 2: HubertusB (small blind) collected ($1.98)
Seat 3: novyan87 (big blind) folded before Flop
Seat 4: poshla_nazuy folded before Flop (didn't bet)
Seat 5: svererii folded before Flop (didn't bet)
Seat 6: Lady.Lyck folded before Flop (didn't bet)



PokerStars Zoom Hand #186691059128:  Hold'em No Limit ($0.02/$0.05) - 2018/05/21 23:02:30 CCT [2018/05/21 11:02:30 ET]
Table 'Donati' 6-max Seat #1 is the button
Seat 1: Burrrty ($6.36 in chips) 
Seat 2: TheFibonachi ($6.05 in chips) 
Seat 3: M4il4o ($11.93 in chips) 
Seat 4: Titan1255 ($3.28 in chips) 
Seat 5: HubertusB ($5.59 in chips) 
Seat 6: soulmate173 ($6.67 in chips) 
TheFibonachi: posts small blind $0.02
M4il4o: posts big blind $0.05
*** HOLE CARDS ***
Dealt to HubertusB [6d 3h]
Titan1255: raises $0.05 to $0.10
HubertusB: folds 
soulmate173: folds 
Burrrty: folds 
TheFibonachi: folds 
M4il4o: calls $0.05
*** FLOP *** [Jd 2d 5c]
M4il4o: checks 
Titan1255: bets $0.10
M4il4o: calls $0.10
*** TURN *** [Jd 2d 5c] [2h]
M4il4o: checks 
Titan1255: bets $0.15
M4il4o: calls $0.15
*** RIVER *** [Jd 2d 5c 2h] [Qc]
M4il4o: checks 
Titan1255: bets $0.35
M4il4o: folds 
Uncalled bet ($0.35) returned to Titan1255
Titan1255 collected $0.69 from pot
Titan1255: doesn't show hand 
*** SUMMARY ***
Total pot $0.72 | Rake $0.03 
Board [Jd 2d 5c 2h Qc]
Seat 1: Burrrty (button) folded before Flop (didn't bet)
Seat 2: TheFibonachi (small blind) folded before Flop
Seat 3: M4il4o (big blind) folded on the River
Seat 4: Titan1255 collected ($0.69)
Seat 5: HubertusB folded before Flop (didn't bet)
Seat 6: soulmate173 folded before Flop (didn't bet)



PokerStars Zoom Hand #186691063814:  Hold'em No Limit ($0.02/$0.05) - 2018/05/21 23:02:39 CCT [2018/05/21 11:02:39 ET]
Table 'Donati' 6-max Seat #1 is the button
Seat 1: archor1399 ($2.43 in chips) 
Seat 2: Slavarik00 ($6.43 in chips) 
Seat 3: HubertusB ($5.59 in chips) 
Seat 4: Schwabe02 ($5.35 in chips) 
Seat 5: someep1ck ($5.60 in chips) 
Seat 6: mvsz06 ($9.64 in chips) 
Slavarik00: posts small blind $0.02
HubertusB: posts big blind $0.05
*** HOLE CARDS ***
Dealt to HubertusB [Qc 5s]
Schwabe02: folds 
someep1ck: folds 
mvsz06: folds 
archor1399: calls $0.05
Slavarik00: raises $0.07 to $0.12
HubertusB: folds 
archor1399: calls $0.07
*** FLOP *** [Js Jc Ks]
Slavarik00: bets $0.10
archor1399: folds 
Uncalled bet ($0.10) returned to Slavarik00
Slavarik00 collected $0.28 from pot
Slavarik00: doesn't show hand 
*** SUMMARY ***
Total pot $0.29 | Rake $0.01 
Board [Js Jc Ks]
Seat 1: archor1399 (button) folded on the Flop
Seat 2: Slavarik00 (small blind) collected ($0.28)
Seat 3: HubertusB (big blind) folded before Flop
Seat 4: Schwabe02 folded before Flop (didn't bet)
Seat 5: someep1ck folded before Flop (didn't bet)
Seat 6: mvsz06 folded before Flop (didn't bet)



PokerStars Zoom Hand #186691070212:  Hold'em No Limit ($0.02/$0.05) - 2018/05/21 23:02:51 CCT [2018/05/21 11:02:51 ET]
Table 'Donati' 6-max Seat #1 is the button
Seat 1: What's tha! ($7.61 in chips) 
Seat 2: Watotoron ($6.25 in chips) 
Seat 3: Marian V. 31 ($9.95 in chips) 
Seat 4: HubertusB ($5.54 in chips) 
Seat 5: LAZO30 ($2.47 in chips) 
Seat 6: fetisjan ($5.54 in chips) 
Watotoron: posts small blind $0.02
Marian V. 31: posts big blind $0.05
*** HOLE CARDS ***
Dealt to HubertusB [Qc Qs]
HubertusB: raises $0.10 to $0.15
LAZO30: folds 
fetisjan: folds 
What's tha!: folds 
Watotoron: calls $0.13
Marian V. 31: folds 
*** FLOP *** [9s 4c 9c]
Watotoron: checks 
HubertusB: bets $0.17
Watotoron: folds 
Uncalled bet ($0.17) returned to HubertusB
HubertusB collected $0.34 from pot
HubertusB: doesn't show hand 
*** SUMMARY ***
Total pot $0.35 | Rake $0.01 
Board [9s 4c 9c]
Seat 1: What's tha! (button) folded before Flop (didn't bet)
Seat 2: Watotoron (small blind) folded on the Flop
Seat 3: Marian V. 31 (big blind) folded before Flop
Seat 4: HubertusB collected ($0.34)
Seat 5: LAZO30 folded before Flop (didn't bet)
Seat 6: fetisjan folded before Flop (didn't bet)



PokerStars Zoom Hand #186691086287:  Hold'em No Limit ($0.02/$0.05) - 2018/05/21 23:03:21 CCT [2018/05/21 11:03:21 ET]
Table 'Donati' 6-max Seat #1 is the button
Seat 1: crawerman ($5.51 in chips) 
Seat 2: 3k.stimmt ($5 in chips) 
Seat 3: android087 ($1.58 in chips) 
Seat 4: LuckyBBastar ($5 in chips) 
Seat 5: Pipsen75 ($4.73 in chips) 
Seat 6: HubertusB ($5.73 in chips) 
3k.stimmt: posts small blind $0.02
android087: posts big blind $0.05
*** HOLE CARDS ***
Dealt to HubertusB [Kc 8h]
LuckyBBastar: folds 
Pipsen75: folds 
HubertusB: folds 
crawerman: folds 
3k.stimmt: folds 
Uncalled bet ($0.03) returned to android087
android087 collected $0.04 from pot
android087: doesn't show hand 
*** SUMMARY ***
Total pot $0.04 | Rake $0 
Seat 1: crawerman (button) folded before Flop (didn't bet)
Seat 2: 3k.stimmt (small blind) folded before Flop
Seat 3: android087 (big blind) collected ($0.04)
Seat 4: LuckyBBastar folded before Flop (didn't bet)
Seat 5: Pipsen75 folded before Flop (didn't bet)
Seat 6: HubertusB folded before Flop (didn't bet)



PokerStars Zoom Hand #186691091120:  Hold'em No Limit ($0.02/$0.05) - 2018/05/21 23:03:30 CCT [2018/05/21 11:03:30 ET]
Table 'Donati' 6-max Seat #1 is the button
Seat 1: HubertusB ($5.73 in chips) 
Seat 2: QuadsOff ($13.02 in chips) 
Seat 3: Demyosaur ($8.47 in chips) 
Seat 4: Girigal ($5.95 in chips) 
Seat 5: jmaika mos ($4.67 in chips) 
Seat 6: ssak07 ($7.27 in chips) 
QuadsOff: posts small blind $0.02
Demyosaur: posts big blind $0.05
*** HOLE CARDS ***
Dealt to HubertusB [8h 8d]
Girigal: raises $0.10 to $0.15
jmaika mos: folds 
ssak07: folds 
HubertusB: calls $0.15
QuadsOff: folds 
Demyosaur: folds 
*** FLOP *** [Ks 3d 7h]
Girigal: bets $0.23
HubertusB: calls $0.23
*** TURN *** [Ks 3d 7h] [Js]
Girigal: checks 
HubertusB: bets $0.40
Girigal: calls $0.40
*** RIVER *** [Ks 3d 7h Js] [9s]
Girigal: checks 
HubertusB: checks 
*** SHOW DOWN ***
Girigal: shows [Tc Kc] (a pair of Kings)
HubertusB: mucks hand 
Girigal collected $1.56 from pot
*** SUMMARY ***
Total pot $1.63 | Rake $0.07 
Board [Ks 3d 7h Js 9s]
Seat 1: HubertusB (button) mucked [8h 8d]
Seat 2: QuadsOff (small blind) folded before Flop
Seat 3: Demyosaur (big blind) folded before Flop
Seat 4: Girigal showed [Tc Kc] and won ($1.56) with a pair of Kings
Seat 5: jmaika mos folded before Flop (didn't bet)
Seat 6: ssak07 folded before Flop (didn't bet)



PokerStars Zoom Hand #186691125571:  Hold'em No Limit ($0.02/$0.05) - 2018/05/21 23:04:33 CCT [2018/05/21 11:04:33 ET]
Table 'Donati' 6-max Seat #1 is the button
Seat 1: 0xC0DEBEEF ($13.87 in chips) 
Seat 2: TheFibonachi ($6.74 in chips) 
Seat 3: HubertusB ($4.95 in chips) 
Seat 4: Lady.Lyck ($5.53 in chips) 
Seat 5: whipwhipcn ($5.63 in chips) 
Seat 6: Volkoff_V_A ($5.46 in chips) 
TheFibonachi: posts small blind $0.02
HubertusB: posts big blind $0.05
*** HOLE CARDS ***
Dealt to HubertusB [5h Th]
Lady.Lyck: folds 
whipwhipcn: folds 
Volkoff_V_A: raises $0.09 to $0.14
0xC0DEBEEF: folds 
TheFibonachi: folds 
HubertusB: folds 
Uncalled bet ($0.09) returned to Volkoff_V_A
Volkoff_V_A collected $0.12 from pot
Volkoff_V_A: doesn't show hand 
*** SUMMARY ***
Total pot $0.12 | Rake $0 
Seat 1: 0xC0DEBEEF (button) folded before Flop (didn't bet)
Seat 2: TheFibonachi (small blind) folded before Flop
Seat 3: HubertusB (big blind) folded before Flop
Seat 4: Lady.Lyck folded before Flop (didn't bet)
Seat 5: whipwhipcn folded before Flop (didn't bet)
Seat 6: Volkoff_V_A collected ($0.12)



PokerStars Zoom Hand #186691122773:  Hold'em No Limit ($0.02/$0.05) - 2018/05/21 23:04:28 CCT [2018/05/21 11:04:28 ET]
Table 'Donati' 6-max Seat #1 is the button
Seat 1: eltorinio ($5.93 in chips) 
Seat 2: NIKITA GOL ($4.98 in chips) 
Seat 3: siky1994 ($6.60 in chips) 
Seat 4: HubertusB ($4.95 in chips) 
Seat 5: HajluM ($14.94 in chips) 
Seat 6: CallMeBunny ($4.46 in chips) 
NIKITA GOL: posts small blind $0.02
siky1994: posts big blind $0.05
*** HOLE CARDS ***
Dealt to HubertusB [4s 2s]
HubertusB: folds 
HajluM: folds 
CallMeBunny: folds 
eltorinio: raises $0.05 to $0.10
NIKITA GOL: folds 
siky1994: raises $0.22 to $0.32
eltorinio: calls $0.22
*** FLOP *** [Jd 5d 8d]
siky1994: bets $0.32
eltorinio: raises $0.64 to $0.96
siky1994: folds 
Uncalled bet ($0.64) returned to eltorinio
eltorinio collected $1.25 from pot
eltorinio: doesn't show hand 
*** SUMMARY ***
Total pot $1.30 | Rake $0.05 
Board [Jd 5d 8d]
Seat 1: eltorinio (button) collected ($1.25)
Seat 2: NIKITA GOL (small blind) folded before Flop
Seat 3: siky1994 (big blind) folded on the Flop
Seat 4: HubertusB folded before Flop (didn't bet)
Seat 5: HajluM folded before Flop (didn't bet)
Seat 6: CallMeBunny folded before Flop (didn't bet)



PokerStars Zoom Hand #186691130991:  Hold'em No Limit ($0.02/$0.05) - 2018/05/21 23:04:43 CCT [2018/05/21 11:04:43 ET]
Table 'Donati' 6-max Seat #1 is the button
Seat 1: RH-DK126 ($4.30 in chips) 
Seat 2: HubertusB ($4.90 in chips) 
Seat 3: DrDr Linse ($5.75 in chips) 
Seat 4: Pipsen75 ($5.03 in chips) 
Seat 5: antonull ($4.63 in chips) 
Seat 6: baybye ($2.49 in chips) 
HubertusB: posts small blind $0.02
DrDr Linse: posts big blind $0.05
*** HOLE CARDS ***
Dealt to HubertusB [Kd Js]
Pipsen75: folds 
antonull: folds 
baybye: calls $0.05
RH-DK126: folds 
HubertusB: raises $0.15 to $0.20
DrDr Linse: folds 
baybye: calls $0.15
*** FLOP *** [Qh 2c Jh]
HubertusB: checks 
baybye: bets $0.15
HubertusB: calls $0.15
*** TURN *** [Qh 2c Jh] [5d]
HubertusB: checks 
baybye: bets $0.15
HubertusB: calls $0.15
*** RIVER *** [Qh 2c Jh 5d] [8c]
HubertusB: checks 
baybye: bets $1.01
baybye said, "call or fold"
HubertusB: folds 
Uncalled bet ($1.01) returned to baybye
baybye collected $1.01 from pot
baybye: doesn't show hand 
*** SUMMARY ***
Total pot $1.05 | Rake $0.04 
Board [Qh 2c Jh 5d 8c]
Seat 1: RH-DK126 (button) folded before Flop (didn't bet)
Seat 2: HubertusB (small blind) folded on the River
Seat 3: DrDr Linse (big blind) folded before Flop
Seat 4: Pipsen75 folded before Flop (didn't bet)
Seat 5: antonull folded before Flop (didn't bet)
Seat 6: baybye collected ($1.01)



PokerStars Zoom Hand #186691197597:  Hold'em No Limit ($0.02/$0.05) - 2018/05/21 23:06:44 CCT [2018/05/21 11:06:44 ET]
Table 'Donati' 6-max Seat #1 is the button
Seat 1: mggL89 ($2.37 in chips) 
Seat 2: barbos2009 ($4.84 in chips) 
Seat 3: KalloyanDim ($2.53 in chips) 
Seat 4: warwickguy20 ($4.01 in chips) 
Seat 5: HubertusB ($4.40 in chips) 
Seat 6: MJJJJJJJJJJJ ($8.35 in chips) 
barbos2009: posts small blind $0.02
KalloyanDim: posts big blind $0.05
*** HOLE CARDS ***
Dealt to HubertusB [Ks 2d]
warwickguy20: folds 
HubertusB: folds 
MJJJJJJJJJJJ: folds 
mggL89: folds 
barbos2009: raises $0.10 to $0.15
KalloyanDim: calls $0.10
*** FLOP *** [Kh 3h 3c]
barbos2009: checks 
KalloyanDim: checks 
*** TURN *** [Kh 3h 3c] [Ah]
barbos2009: bets $0.21
KalloyanDim: folds 
Uncalled bet ($0.21) returned to barbos2009
barbos2009 collected $0.29 from pot
barbos2009: doesn't show hand 
*** SUMMARY ***
Total pot $0.30 | Rake $0.01 
Board [Kh 3h 3c Ah]
Seat 1: mggL89 (button) folded before Flop (didn't bet)
Seat 2: barbos2009 (small blind) collected ($0.29)
Seat 3: KalloyanDim (big blind) folded on the Turn
Seat 4: warwickguy20 folded before Flop (didn't bet)
Seat 5: HubertusB folded before Flop (didn't bet)
Seat 6: MJJJJJJJJJJJ folded before Flop (didn't bet)



PokerStars Zoom Hand #186691200308:  Hold'em No Limit ($0.02/$0.05) - 2018/05/21 23:06:49 CCT [2018/05/21 11:06:49 ET]
Table 'Donati' 6-max Seat #1 is the button
Seat 1: ProjetRed ($5.14 in chips) 
Seat 2: pashqadk ($5.02 in chips) 
Seat 3: Zagrebaiu ($6.36 in chips) 
Seat 4: HubertusB ($4.40 in chips) 
Seat 5: Gena Voln ($6.47 in chips) 
Seat 6: space_white ($5.43 in chips) 
pashqadk: posts small blind $0.02
Zagrebaiu: posts big blind $0.05
*** HOLE CARDS ***
Dealt to HubertusB [As Qs]
HubertusB: raises $0.10 to $0.15
Gena Voln: folds 
space_white: calls $0.15
ProjetRed: folds 
pashqadk: folds 
Zagrebaiu: folds 
*** FLOP *** [5h 7s 7h]
HubertusB: bets $0.28
space_white: folds 
Uncalled bet ($0.28) returned to HubertusB
HubertusB collected $0.35 from pot
HubertusB: doesn't show hand 
*** SUMMARY ***
Total pot $0.37 | Rake $0.02 
Board [5h 7s 7h]
Seat 1: ProjetRed (button) folded before Flop (didn't bet)
Seat 2: pashqadk (small blind) folded before Flop
Seat 3: Zagrebaiu (big blind) folded before Flop
Seat 4: HubertusB collected ($0.35)
Seat 5: Gena Voln folded before Flop (didn't bet)
Seat 6: space_white folded on the Flop



PokerStars Zoom Hand #186691227970:  Hold'em No Limit ($0.02/$0.05) - 2018/05/21 23:07:39 CCT [2018/05/21 11:07:39 ET]
Table 'Donati' 6-max Seat #1 is the button
Seat 1: Pecuniaz ($4.73 in chips) 
Seat 2: deltanueve ($8.02 in chips) 
Seat 3: slob43.ru ($8.63 in chips) 
Seat 4: qk rodriguez ($9.80 in chips) 
Seat 5: HubertusB ($4.60 in chips) 
Seat 6: barbos2009 ($4.45 in chips) 
deltanueve: posts small blind $0.02
slob43.ru: posts big blind $0.05
*** HOLE CARDS ***
Dealt to HubertusB [Qs 7c]
qk rodriguez: folds 
HubertusB: folds 
barbos2009: folds 
Pecuniaz: raises $0.10 to $0.15
deltanueve: folds 
slob43.ru: calls $0.10
*** FLOP *** [6c 4s Tc]
slob43.ru: checks 
Pecuniaz: bets $0.15
slob43.ru: folds 
Uncalled bet ($0.15) returned to Pecuniaz
Pecuniaz collected $0.31 from pot
Pecuniaz: doesn't show hand 
*** SUMMARY ***
Total pot $0.32 | Rake $0.01 
Board [6c 4s Tc]
Seat 1: Pecuniaz (button) collected ($0.31)
Seat 2: deltanueve (small blind) folded before Flop
Seat 3: slob43.ru (big blind) folded on the Flop
Seat 4: qk rodriguez folded before Flop (didn't bet)
Seat 5: HubertusB folded before Flop (didn't bet)
Seat 6: barbos2009 folded before Flop (didn't bet)



PokerStars Zoom Hand #186691222425:  Hold'em No Limit ($0.02/$0.05) - 2018/05/21 23:07:29 CCT [2018/05/21 11:07:29 ET]
Table 'Donati' 6-max Seat #1 is the button
Seat 1: concor2010 ($6.49 in chips) 
Seat 2: reuscaelum ($5.35 in chips) 
Seat 3: deltanueve ($8.07 in chips) 
Seat 4: Girigal ($5 in chips) 
Seat 5: zanderalek ($5 in chips) 
Seat 6: HubertusB ($4.60 in chips) 
reuscaelum: posts small blind $0.02
deltanueve: posts big blind $0.05
*** HOLE CARDS ***
Dealt to HubertusB [2d 2c]
Girigal: folds 
zanderalek: raises $0.10 to $0.15
HubertusB: folds 
concor2010: calls $0.15
reuscaelum: calls $0.13
deltanueve: folds 
*** FLOP *** [9s 6d 6s]
reuscaelum: checks 
zanderalek: checks 
concor2010: checks 
*** TURN *** [9s 6d 6s] [Jc]
reuscaelum: checks 
zanderalek: checks 
concor2010: bets $0.24
reuscaelum: folds 
zanderalek: folds 
Uncalled bet ($0.24) returned to concor2010
concor2010 collected $0.48 from pot
concor2010: doesn't show hand 
*** SUMMARY ***
Total pot $0.50 | Rake $0.02 
Board [9s 6d 6s Jc]
Seat 1: concor2010 (button) collected ($0.48)
Seat 2: reuscaelum (small blind) folded on the Turn
Seat 3: deltanueve (big blind) folded before Flop
Seat 4: Girigal folded before Flop (didn't bet)
Seat 5: zanderalek folded on the Turn
Seat 6: HubertusB folded before Flop (didn't bet)



PokerStars Zoom Hand #186691232454:  Hold'em No Limit ($0.02/$0.05) - 2018/05/21 23:07:47 CCT [2018/05/21 11:07:47 ET]
Table 'Donati' 6-max Seat #1 is the button
Seat 1: krombacher21 ($2.12 in chips) 
Seat 2: HubertusB ($4.60 in chips) 
Seat 3: sepik200 ($2.16 in chips) 
Seat 4: zanderalek ($5 in chips) 
Seat 5: Zatoch ($4.87 in chips) 
Seat 6: Rainmy ($5 in chips) 
HubertusB: posts small blind $0.02
sepik200: posts big blind $0.05
*** HOLE CARDS ***
Dealt to HubertusB [8s 9s]
zanderalek: folds 
Zatoch: folds 
Rainmy: folds 
krombacher21: folds 
HubertusB: raises $0.07 to $0.12
sepik200: calls $0.07
*** FLOP *** [Js 3s Ac]
HubertusB: bets $0.18
sepik200: calls $0.18
*** TURN *** [Js 3s Ac] [Ks]
HubertusB: bets $0.29
sepik200: folds 
Uncalled bet ($0.29) returned to HubertusB
HubertusB collected $0.58 from pot
HubertusB: doesn't show hand 
*** SUMMARY ***
Total pot $0.60 | Rake $0.02 
Board [Js 3s Ac Ks]
Seat 1: krombacher21 (button) folded before Flop (didn't bet)
Seat 2: HubertusB (small blind) collected ($0.58)
Seat 3: sepik200 (big blind) folded on the Turn
Seat 4: zanderalek folded before Flop (didn't bet)
Seat 5: Zatoch folded before Flop (didn't bet)
Seat 6: Rainmy folded before Flop (didn't bet)



PokerStars Zoom Hand #186691264362:  Hold'em No Limit ($0.02/$0.05) - 2018/05/21 23:08:44 CCT [2018/05/21 11:08:44 ET]
Table 'Donati' 6-max Seat #1 is the button
Seat 1: WhiteWolf459 ($5.32 in chips) 
Seat 2: noobatos ($9.62 in chips) 
Seat 3: HubertusB ($4.88 in chips) 
Seat 4: MolodoyVanya ($7.36 in chips) 
Seat 5: MoreRakePls1 ($5.08 in chips) 
Seat 6: tokigori ($2.24 in chips) 
noobatos: posts small blind $0.02
HubertusB: posts big blind $0.05
*** HOLE CARDS ***
Dealt to HubertusB [2c 9s]
MolodoyVanya: folds 
MoreRakePls1: raises $0.09 to $0.14
tokigori: folds 
WhiteWolf459: folds 
noobatos: folds 
HubertusB: folds 
Uncalled bet ($0.09) returned to MoreRakePls1
MoreRakePls1 collected $0.12 from pot
MoreRakePls1: doesn't show hand 
*** SUMMARY ***
Total pot $0.12 | Rake $0 
Seat 1: WhiteWolf459 (button) folded before Flop (didn't bet)
Seat 2: noobatos (small blind) folded before Flop
Seat 3: HubertusB (big blind) folded before Flop
Seat 4: MolodoyVanya folded before Flop (didn't bet)
Seat 5: MoreRakePls1 collected ($0.12)
Seat 6: tokigori folded before Flop (didn't bet)



PokerStars Zoom Hand #186691269894:  Hold'em No Limit ($0.02/$0.05) - 2018/05/21 23:08:54 CCT [2018/05/21 11:08:54 ET]
Table 'Donati' 6-max Seat #1 is the button
Seat 1: HubertusB ($4.83 in chips) 
Seat 2: kukkertje ($5.04 in chips) 
Seat 3: PiNe4ppLe ($6.28 in chips) 
Seat 4: Rubilacza ($5 in chips) 
Seat 5: SauBär_o.O. ($7.72 in chips) 
Seat 6: QuadsOff ($11.29 in chips) 
kukkertje: posts small blind $0.02
PiNe4ppLe: posts big blind $0.05
*** HOLE CARDS ***
Dealt to HubertusB [6c As]
Rubilacza: folds 
SauBär_o.O.: folds 
QuadsOff: folds 
HubertusB: folds 
kukkertje: folds 
Uncalled bet ($0.03) returned to PiNe4ppLe
PiNe4ppLe collected $0.04 from pot
PiNe4ppLe: doesn't show hand 
*** SUMMARY ***
Total pot $0.04 | Rake $0 
Seat 1: HubertusB (button) folded before Flop (didn't bet)
Seat 2: kukkertje (small blind) folded before Flop
Seat 3: PiNe4ppLe (big blind) collected ($0.04)
Seat 4: Rubilacza folded before Flop (didn't bet)
Seat 5: SauBär_o.O. folded before Flop (didn't bet)
Seat 6: QuadsOff folded before Flop (didn't bet)



PokerStars Zoom Hand #186691273870:  Hold'em No Limit ($0.02/$0.05) - 2018/05/21 23:09:01 CCT [2018/05/21 11:09:01 ET]
Table 'Donati' 6-max Seat #1 is the button
Seat 1: Troyan555 ($6.04 in chips) 
Seat 2: dvernik ($5 in chips) 
Seat 3: agro dedek ($3.18 in chips) 
Seat 4: 1910660892 ($6.31 in chips) 
Seat 5: Chaca273 ($5.96 in chips) 
Seat 6: HubertusB ($4.83 in chips) 
dvernik: posts small blind $0.02
agro dedek: posts big blind $0.05
*** HOLE CARDS ***
Dealt to HubertusB [Jd 8s]
1910660892: folds 
Chaca273: raises $0.10 to $0.15
HubertusB: folds 
Troyan555: folds 
dvernik: folds 
agro dedek: folds 
Uncalled bet ($0.10) returned to Chaca273
Chaca273 collected $0.12 from pot
Chaca273: doesn't show hand 
*** SUMMARY ***
Total pot $0.12 | Rake $0 
Seat 1: Troyan555 (button) folded before Flop (didn't bet)
Seat 2: dvernik (small blind) folded before Flop
Seat 3: agro dedek (big blind) folded before Flop
Seat 4: 1910660892 folded before Flop (didn't bet)
Seat 5: Chaca273 collected ($0.12)
Seat 6: HubertusB folded before Flop (didn't bet)



PokerStars Zoom Hand #186691277234:  Hold'em No Limit ($0.02/$0.05) - 2018/05/21 23:09:07 CCT [2018/05/21 11:09:07 ET]
Table 'Donati' 6-max Seat #1 is the button
Seat 1: belmain.by ($3.16 in chips) 
Seat 2: born8sleepy ($6.65 in chips) 
Seat 3: yuu0914 ($9.74 in chips) 
Seat 4: HubertusB ($4.83 in chips) 
Seat 5: Rubilacza ($5.50 in chips) 
Seat 6: ghost1que ($6.17 in chips) 
born8sleepy: posts small blind $0.02
yuu0914: posts big blind $0.05
*** HOLE CARDS ***
Dealt to HubertusB [Jh Tc]
HubertusB: folds 
Rubilacza: folds 
ghost1que: raises $0.07 to $0.12
belmain.by: folds 
born8sleepy: folds 
yuu0914: folds 
Uncalled bet ($0.07) returned to ghost1que
ghost1que collected $0.12 from pot
ghost1que: doesn't show hand 
*** SUMMARY ***
Total pot $0.12 | Rake $0 
Seat 1: belmain.by (button) folded before Flop (didn't bet)
Seat 2: born8sleepy (small blind) folded before Flop
Seat 3: yuu0914 (big blind) folded before Flop
Seat 4: HubertusB folded before Flop (didn't bet)
Seat 5: Rubilacza folded before Flop (didn't bet)
Seat 6: ghost1que collected ($0.12)



PokerStars Zoom Hand #186691280517:  Hold'em No Limit ($0.02/$0.05) - 2018/05/21 23:09:13 CCT [2018/05/21 11:09:13 ET]
Table 'Donati' 6-max Seat #1 is the button
Seat 1: fool_rabbit ($5.40 in chips) 
Seat 2: MJJJJJJJJJJJ ($6.56 in chips) 
Seat 3: mggL89 ($3.83 in chips) 
Seat 4: starscare ($2.49 in chips) 
Seat 5: HubertusB ($4.83 in chips) 
Seat 6: reuscaelum ($5.29 in chips) 
MJJJJJJJJJJJ: posts small blind $0.02
mggL89: posts big blind $0.05
*** HOLE CARDS ***
Dealt to HubertusB [2s 4h]
starscare: folds 
HubertusB: folds 
reuscaelum: raises $0.09 to $0.14
fool_rabbit: calls $0.14
MJJJJJJJJJJJ: folds 
mggL89: folds 
*** FLOP *** [4c 7h Qh]
reuscaelum: bets $0.11
fool_rabbit: calls $0.11
*** TURN *** [4c 7h Qh] [3c]
reuscaelum: checks 
fool_rabbit: checks 
*** RIVER *** [4c 7h Qh 3c] [Td]
reuscaelum: checks 
fool_rabbit: checks 
*** SHOW DOWN ***
reuscaelum: shows [Ad 7d] (a pair of Sevens)
fool_rabbit: shows [8d 8c] (a pair of Eights)
fool_rabbit collected $0.55 from pot
*** SUMMARY ***
Total pot $0.57 | Rake $0.02 
Board [4c 7h Qh 3c Td]
Seat 1: fool_rabbit (button) showed [8d 8c] and won ($0.55) with a pair of Eights
Seat 2: MJJJJJJJJJJJ (small blind) folded before Flop
Seat 3: mggL89 (big blind) folded before Flop
Seat 4: starscare folded before Flop (didn't bet)
Seat 5: HubertusB folded before Flop (didn't bet)
Seat 6: reuscaelum showed [Ad 7d] and lost with a pair of Sevens



PokerStars Zoom Hand #186691288934:  Hold'em No Limit ($0.02/$0.05) - 2018/05/21 23:09:28 CCT [2018/05/21 11:09:28 ET]
Table 'Donati' 6-max Seat #1 is the button
Seat 1: HubertusB ($4.83 in chips) 
Seat 2: Pipsen75 ($6.35 in chips) 
Seat 3: adyrnicc ($5.05 in chips) 
Seat 4: WiseYorsh ($5 in chips) 
Seat 5: Rainmy ($5.78 in chips) 
Seat 6: JhonnyShu ($5.02 in chips) 
Pipsen75: posts small blind $0.02
adyrnicc: posts big blind $0.05
*** HOLE CARDS ***
Dealt to HubertusB [Ts Jd]
WiseYorsh: folds 
Rainmy: folds 
JhonnyShu: folds 
HubertusB: raises $0.05 to $0.10
Pipsen75: folds 
adyrnicc: calls $0.05
*** FLOP *** [2h Js 8h]
adyrnicc: checks 
HubertusB: bets $0.17
adyrnicc: folds 
Uncalled bet ($0.17) returned to HubertusB
HubertusB collected $0.21 from pot
HubertusB: doesn't show hand 
*** SUMMARY ***
Total pot $0.22 | Rake $0.01 
Board [2h Js 8h]
Seat 1: HubertusB (button) collected ($0.21)
Seat 2: Pipsen75 (small blind) folded before Flop
Seat 3: adyrnicc (big blind) folded on the Flop
Seat 4: WiseYorsh folded before Flop (didn't bet)
Seat 5: Rainmy folded before Flop (didn't bet)
Seat 6: JhonnyShu folded before Flop (didn't bet)



PokerStars Zoom Hand #186691306413:  Hold'em No Limit ($0.02/$0.05) - 2018/05/21 23:09:59 CCT [2018/05/21 11:09:59 ET]
Table 'Donati' 6-max Seat #1 is the button
Seat 1: QuadsOff ($11.22 in chips) 
Seat 2: kukkertje ($5 in chips) 
Seat 3: HubertusB ($4.94 in chips) 
Seat 4: mopsrenat ($1.68 in chips) 
Seat 5: FooRawr ($10.53 in chips) 
Seat 6: MJJJJJJJJJJJ ($14.89 in chips) 
kukkertje: posts small blind $0.02
HubertusB: posts big blind $0.05
*** HOLE CARDS ***
Dealt to HubertusB [6c 4c]
mopsrenat: raises $0.10 to $0.15
FooRawr: folds 
MJJJJJJJJJJJ: folds 
QuadsOff: folds 
kukkertje: folds 
HubertusB: folds 
Uncalled bet ($0.10) returned to mopsrenat
mopsrenat collected $0.12 from pot
mopsrenat: doesn't show hand 
*** SUMMARY ***
Total pot $0.12 | Rake $0 
Seat 1: QuadsOff (button) folded before Flop (didn't bet)
Seat 2: kukkertje (small blind) folded before Flop
Seat 3: HubertusB (big blind) folded before Flop
Seat 4: mopsrenat collected ($0.12)
Seat 5: FooRawr folded before Flop (didn't bet)
Seat 6: MJJJJJJJJJJJ folded before Flop (didn't bet)



PokerStars Zoom Hand #186691313081:  Hold'em No Limit ($0.02/$0.05) - 2018/05/21 23:10:11 CCT [2018/05/21 11:10:11 ET]
Table 'Donati' 6-max Seat #1 is the button
Seat 1: PiNe4ppLe ($8.66 in chips) 
Seat 2: Kruzer20 ($5.16 in chips) 
Seat 3: visioncook ($5.14 in chips) 
Seat 4: android087 ($2.31 in chips) 
Seat 5: SecretMan69 ($3.80 in chips) 
Seat 6: HubertusB ($4.89 in chips) 
Kruzer20: posts small blind $0.02
visioncook: posts big blind $0.05
*** HOLE CARDS ***
Dealt to HubertusB [Tc 9c]
android087: folds 
SecretMan69: folds 
HubertusB: raises $0.07 to $0.12
PiNe4ppLe: folds 
Kruzer20: folds 
visioncook: calls $0.07
*** FLOP *** [Jh 8c 8h]
visioncook: checks 
HubertusB: bets $0.20
visioncook: folds 
Uncalled bet ($0.20) returned to HubertusB
HubertusB collected $0.25 from pot
HubertusB: doesn't show hand 
*** SUMMARY ***
Total pot $0.26 | Rake $0.01 
Board [Jh 8c 8h]
Seat 1: PiNe4ppLe (button) folded before Flop (didn't bet)
Seat 2: Kruzer20 (small blind) folded before Flop
Seat 3: visioncook (big blind) folded on the Flop
Seat 4: android087 folded before Flop (didn't bet)
Seat 5: SecretMan69 folded before Flop (didn't bet)
Seat 6: HubertusB collected ($0.25)



PokerStars Zoom Hand #186691344091:  Hold'em No Limit ($0.02/$0.05) - 2018/05/21 23:11:07 CCT [2018/05/21 11:11:07 ET]
Table 'Donati' 6-max Seat #1 is the button
Seat 1: barbos2009 ($4.77 in chips) 
Seat 2: dvernik ($5.25 in chips) 
Seat 3: pei0410 ($5.99 in chips) 
Seat 4: HubertusB ($5 in chips) 
Seat 5: Rainmy ($5.64 in chips) 
Seat 6: flyingwoodz ($7.37 in chips) 
dvernik: posts small blind $0.02
pei0410: posts big blind $0.05
*** HOLE CARDS ***
Dealt to HubertusB [6s Kc]
HubertusB: folds 
Rainmy: folds 
flyingwoodz: folds 
barbos2009: folds 
dvernik: folds 
Uncalled bet ($0.03) returned to pei0410
pei0410 collected $0.04 from pot
pei0410: doesn't show hand 
*** SUMMARY ***
Total pot $0.04 | Rake $0 
Seat 1: barbos2009 (button) folded before Flop (didn't bet)
Seat 2: dvernik (small blind) folded before Flop
Seat 3: pei0410 (big blind) collected ($0.04)
Seat 4: HubertusB folded before Flop (didn't bet)
Seat 5: Rainmy folded before Flop (didn't bet)
Seat 6: flyingwoodz folded before Flop (didn't bet)



PokerStars Zoom Hand #186691336395:  Hold'em No Limit ($0.02/$0.05) - 2018/05/21 23:10:53 CCT [2018/05/21 11:10:53 ET]
Table 'Donati' 6-max Seat #1 is the button
Seat 1: ABTOMAT ($4.37 in chips) 
Seat 2: HubertusB ($5.02 in chips) 
Seat 3: dan1rka ($5.91 in chips) 
Seat 4: reuscaelum ($6.66 in chips) 
Seat 5: spamec ($6.50 in chips) 
Seat 6: poshla_nazuy ($2.77 in chips) 
HubertusB: posts small blind $0.02
dan1rka: posts big blind $0.05
*** HOLE CARDS ***
Dealt to HubertusB [7s 4h]
reuscaelum: raises $0.09 to $0.14
spamec: folds 
poshla_nazuy: folds 
ABTOMAT: folds 
HubertusB: folds 
dan1rka: raises $0.30 to $0.44
reuscaelum: raises $1.06 to $1.50
dan1rka: calls $1.06
*** FLOP *** [Jd Qh 2c]
dan1rka: bets $2.90
reuscaelum: raises $2.26 to $5.16 and is all-in
dan1rka: calls $1.51 and is all-in
Uncalled bet ($0.75) returned to reuscaelum
*** TURN *** [Jd Qh 2c] [2h]
*** RIVER *** [Jd Qh 2c 2h] [Th]
*** SHOW DOWN ***
dan1rka: shows [Ac Qd] (two pair, Queens and Deuces)
reuscaelum: shows [Ks Kd] (two pair, Kings and Deuces)
reuscaelum collected $11.35 from pot
*** SUMMARY ***
Total pot $11.84 | Rake $0.49 
Board [Jd Qh 2c 2h Th]
Seat 1: ABTOMAT (button) folded before Flop (didn't bet)
Seat 2: HubertusB (small blind) folded before Flop
Seat 3: dan1rka (big blind) showed [Ac Qd] and lost with two pair, Queens and Deuces
Seat 4: reuscaelum showed [Ks Kd] and won ($11.35) with two pair, Kings and Deuces
Seat 5: spamec folded before Flop (didn't bet)
Seat 6: poshla_nazuy folded before Flop (didn't bet)



PokerStars Zoom Hand #186691341361:  Hold'em No Limit ($0.02/$0.05) - 2018/05/21 23:11:02 CCT [2018/05/21 11:11:02 ET]
Table 'Donati' 6-max Seat #1 is the button
Seat 1: MoreRakePls1 ($5.22 in chips) 
Seat 2: bober2702 ($3.69 in chips) 
Seat 3: Jinxers ($16.39 in chips) 
Seat 4: HubertusB ($5 in chips) 
Seat 5: Leoponom ($1.92 in chips) 
Seat 6: FlyingRudi ($4.93 in chips) 
bober2702: posts small blind $0.02
Jinxers: posts big blind $0.05
*** HOLE CARDS ***
Dealt to HubertusB [Th 3s]
HubertusB: folds 
Leoponom: raises $0.10 to $0.15
FlyingRudi: folds 
MoreRakePls1: calls $0.15
bober2702: raises $0.45 to $0.60
Jinxers: folds 
Leoponom: folds 
MoreRakePls1: folds 
Uncalled bet ($0.45) returned to bober2702
bober2702 collected $0.50 from pot
bober2702: doesn't show hand 
*** SUMMARY ***
Total pot $0.50 | Rake $0 
Seat 1: MoreRakePls1 (button) folded before Flop
Seat 2: bober2702 (small blind) collected ($0.50)
Seat 3: Jinxers (big blind) folded before Flop
Seat 4: HubertusB folded before Flop (didn't bet)
Seat 5: Leoponom folded before Flop
Seat 6: FlyingRudi folded before Flop (didn't bet)



PokerStars Zoom Hand #186691355081:  Hold'em No Limit ($0.02/$0.05) - 2018/05/21 23:11:27 CCT [2018/05/21 11:11:27 ET]
Table 'Donati' 6-max Seat #1 is the button
Seat 1: franchu300 ($5 in chips) 
Seat 2: narrator123 ($5 in chips) 
Seat 3: HubertusB ($4.98 in chips) 
Seat 4: novyan87 ($6.67 in chips) 
Seat 5: Hidden Hippo ($9.09 in chips) 
Seat 6: AleksandarMi ($5.05 in chips) 
narrator123: posts small blind $0.02
HubertusB: posts big blind $0.05
*** HOLE CARDS ***
Dealt to HubertusB [2h Ks]
novyan87: folds 
Hidden Hippo: folds 
AleksandarMi: folds 
franchu300: folds 
narrator123: raises $0.06 to $0.11
HubertusB: folds 
Uncalled bet ($0.06) returned to narrator123
narrator123 collected $0.10 from pot
narrator123: doesn't show hand 
*** SUMMARY ***
Total pot $0.10 | Rake $0 
Seat 1: franchu300 (button) folded before Flop (didn't bet)
Seat 2: narrator123 (small blind) collected ($0.10)
Seat 3: HubertusB (big blind) folded before Flop
Seat 4: novyan87 folded before Flop (didn't bet)
Seat 5: Hidden Hippo folded before Flop (didn't bet)
Seat 6: AleksandarMi folded before Flop (didn't bet)



PokerStars Zoom Hand #186691362779:  Hold'em No Limit ($0.02/$0.05) - 2018/05/21 23:11:41 CCT [2018/05/21 11:11:41 ET]
Table 'Donati' 6-max Seat #1 is the button
Seat 1: matanPS ($5.51 in chips) 
Seat 2: whitewhisper ($18.48 in chips) 
Seat 3: Mis-97 ($3.31 in chips) 
Seat 4: CVBA85 ($6.13 in chips) 
Seat 5: visioncook ($4.93 in chips) 
Seat 6: HubertusB ($4.93 in chips) 
whitewhisper: posts small blind $0.02
Mis-97: posts big blind $0.05
*** HOLE CARDS ***
Dealt to HubertusB [Kh 6d]
CVBA85: folds 
visioncook: folds 
HubertusB: folds 
matanPS: raises $0.06 to $0.11
whitewhisper: folds 
Mis-97: folds 
Uncalled bet ($0.06) returned to matanPS
matanPS collected $0.12 from pot
matanPS: doesn't show hand 
*** SUMMARY ***
Total pot $0.12 | Rake $0 
Seat 1: matanPS (button) collected ($0.12)
Seat 2: whitewhisper (small blind) folded before Flop
Seat 3: Mis-97 (big blind) folded before Flop
Seat 4: CVBA85 folded before Flop (didn't bet)
Seat 5: visioncook folded before Flop (didn't bet)
Seat 6: HubertusB folded before Flop (didn't bet)



PokerStars Zoom Hand #186691366108:  Hold'em No Limit ($0.02/$0.05) - 2018/05/21 23:11:47 CCT [2018/05/21 11:11:47 ET]
Table 'Donati' 6-max Seat #1 is the button
Seat 1: drk55 ($7.94 in chips) 
Seat 2: mearlog18 ($9.06 in chips) 
Seat 3: someep1ck ($5.46 in chips) 
Seat 4: deltanueve ($4.98 in chips) 
Seat 5: HubertusB ($4.93 in chips) 
Seat 6: Loto70 ($5.50 in chips) 
mearlog18: posts small blind $0.02
someep1ck: posts big blind $0.05
*** HOLE CARDS ***
Dealt to HubertusB [7d 2h]
deltanueve: folds 
HubertusB: folds 
Loto70: folds 
drk55: folds 
mearlog18: folds 
Uncalled bet ($0.03) returned to someep1ck
someep1ck collected $0.04 from pot
someep1ck: doesn't show hand 
*** SUMMARY ***
Total pot $0.04 | Rake $0 
Seat 1: drk55 (button) folded before Flop (didn't bet)
Seat 2: mearlog18 (small blind) folded before Flop
Seat 3: someep1ck (big blind) collected ($0.04)
Seat 4: deltanueve folded before Flop (didn't bet)
Seat 5: HubertusB folded before Flop (didn't bet)
Seat 6: Loto70 folded before Flop (didn't bet)



PokerStars Zoom Hand #186691347365:  Hold'em No Limit ($0.02/$0.05) - 2018/05/21 23:11:13 CCT [2018/05/21 11:11:13 ET]
Table 'Donati' 6-max Seat #1 is the button
Seat 1: GizaGliwic ($9.03 in chips) 
Seat 2: HubertusB ($5 in chips) 
Seat 3: MSKLucky007 ($5.24 in chips) 
Seat 4: olteancs ($7.17 in chips) 
Seat 5: suckanother1 ($12.07 in chips) 
Seat 6: JIucu4ka ($2.29 in chips) 
HubertusB: posts small blind $0.02
MSKLucky007: posts big blind $0.05
*** HOLE CARDS ***
Dealt to HubertusB [5c 7c]
olteancs: folds 
suckanother1: raises $0.07 to $0.12
JIucu4ka: folds 
GizaGliwic: raises $0.23 to $0.35
HubertusB: folds 
MSKLucky007: folds 
suckanother1: calls $0.23
*** FLOP *** [7h Jh Jc]
suckanother1: checks 
GizaGliwic: bets $0.45
suckanother1: folds 
Uncalled bet ($0.45) returned to GizaGliwic
GizaGliwic collected $0.74 from pot
GizaGliwic: doesn't show hand 
*** SUMMARY ***
Total pot $0.77 | Rake $0.03 
Board [7h Jh Jc]
Seat 1: GizaGliwic (button) collected ($0.74)
Seat 2: HubertusB (small blind) folded before Flop
Seat 3: MSKLucky007 (big blind) folded before Flop
Seat 4: olteancs folded before Flop (didn't bet)
Seat 5: suckanother1 folded on the Flop
Seat 6: JIucu4ka folded before Flop (didn't bet)



PokerStars Zoom Hand #186691369455:  Hold'em No Limit ($0.02/$0.05) - 2018/05/21 23:11:53 CCT [2018/05/21 11:11:53 ET]
Table 'Donati' 6-max Seat #1 is the button
Seat 1: U_RULIA ($5.93 in chips) 
Seat 2: Mis-97 ($3.26 in chips) 
Seat 3: catalin02111 ($7.22 in chips) 
Seat 4: HubertusB ($4.93 in chips) 
Seat 5: jdanystar ($12.12 in chips) 
Seat 6: VladTim ($7.22 in chips) 
Mis-97: posts small blind $0.02
catalin02111: posts big blind $0.05
*** HOLE CARDS ***
Dealt to HubertusB [Ah 3s]
HubertusB: folds 
jdanystar: folds 
VladTim: folds 
U_RULIA: folds 
Mis-97: raises $0.05 to $0.10
catalin02111: folds 
Uncalled bet ($0.05) returned to Mis-97
Mis-97 collected $0.10 from pot
Mis-97: doesn't show hand 
*** SUMMARY ***
Total pot $0.10 | Rake $0 
Seat 1: U_RULIA (button) folded before Flop (didn't bet)
Seat 2: Mis-97 (small blind) collected ($0.10)
Seat 3: catalin02111 (big blind) folded before Flop
Seat 4: HubertusB folded before Flop (didn't bet)
Seat 5: jdanystar folded before Flop (didn't bet)
Seat 6: VladTim folded before Flop (didn't bet)



PokerStars Zoom Hand #186691372777:  Hold'em No Limit ($0.02/$0.05) - 2018/05/21 23:11:59 CCT [2018/05/21 11:11:59 ET]
Table 'Donati' 6-max Seat #1 is the button
Seat 1: bur_poker88 ($15.80 in chips) 
Seat 2: bonsaiooo ($8.63 in chips) 
Seat 3: Snowy1984C ($5.74 in chips) 
Seat 4: CallMeBunny ($3.58 in chips) 
Seat 5: HubertusB ($4.93 in chips) 
Seat 6: Leoponom ($1.21 in chips) 
bonsaiooo: posts small blind $0.02
Snowy1984C: posts big blind $0.05
*** HOLE CARDS ***
Dealt to HubertusB [Ac 5s]
CallMeBunny: folds 
HubertusB: folds 
Leoponom: folds 
bur_poker88: folds 
bonsaiooo: raises $0.09 to $0.14
Snowy1984C: folds 
Uncalled bet ($0.09) returned to bonsaiooo
bonsaiooo collected $0.10 from pot
bonsaiooo: doesn't show hand 
*** SUMMARY ***
Total pot $0.10 | Rake $0 
Seat 1: bur_poker88 (button) folded before Flop (didn't bet)
Seat 2: bonsaiooo (small blind) collected ($0.10)
Seat 3: Snowy1984C (big blind) folded before Flop
Seat 4: CallMeBunny folded before Flop (didn't bet)
Seat 5: HubertusB folded before Flop (didn't bet)
Seat 6: Leoponom folded before Flop (didn't bet)



PokerStars Zoom Hand #186691375519:  Hold'em No Limit ($0.02/$0.05) - 2018/05/21 23:12:04 CCT [2018/05/21 11:12:04 ET]
Table 'Donati' 6-max Seat #1 is the button
Seat 1: jdanystar ($1.64 in chips) 
Seat 2: maxkepa ($5.02 in chips) 
Seat 3: HubertusB ($4.93 in chips) 
Seat 4: Tökibéka ($4.37 in chips) 
Seat 5: noobatos ($10.84 in chips) 
Seat 6: conor927 ($6.74 in chips) 
maxkepa: posts small blind $0.02
HubertusB: posts big blind $0.05
*** HOLE CARDS ***
Dealt to HubertusB [Ad 4s]
Tökibéka: folds 
noobatos: folds 
conor927: folds 
jdanystar: raises $0.05 to $0.10
maxkepa: folds 
HubertusB: folds 
Uncalled bet ($0.05) returned to jdanystar
jdanystar collected $0.12 from pot
jdanystar: doesn't show hand 
*** SUMMARY ***
Total pot $0.12 | Rake $0 
Seat 1: jdanystar (button) collected ($0.12)
Seat 2: maxkepa (small blind) folded before Flop
Seat 3: HubertusB (big blind) folded before Flop
Seat 4: Tökibéka folded before Flop (didn't bet)
Seat 5: noobatos folded before Flop (didn't bet)
Seat 6: conor927 folded before Flop (didn't bet)



PokerStars Zoom Hand #186691359985:  Hold'em No Limit ($0.02/$0.05) - 2018/05/21 23:11:36 CCT [2018/05/21 11:11:36 ET]
Table 'Donati' 6-max Seat #1 is the button
Seat 1: HubertusB ($4.93 in chips) 
Seat 2: PAFOSSSS ($6.52 in chips) 
Seat 3: AleksandarMi ($5.03 in chips) 
Seat 4: anubis2008 ($5.07 in chips) 
Seat 5: Pizzaschmied ($3.94 in chips) 
Seat 6: Seu_Lunga ($5.46 in chips) 
PAFOSSSS: posts small blind $0.02
AleksandarMi: posts big blind $0.05
*** HOLE CARDS ***
Dealt to HubertusB [Qs 9d]
anubis2008: raises $0.10 to $0.15
Pizzaschmied: folds 
Seu_Lunga: folds 
HubertusB: folds 
PAFOSSSS: folds 
AleksandarMi: calls $0.10
*** FLOP *** [4s 9c 8h]
AleksandarMi: checks 
anubis2008: checks 
*** TURN *** [4s 9c 8h] [2d]
AleksandarMi: checks 
anubis2008: checks 
*** RIVER *** [4s 9c 8h 2d] [Ts]
AleksandarMi: checks 
anubis2008: bets $0.31
AleksandarMi: folds 
Uncalled bet ($0.31) returned to anubis2008
anubis2008 collected $0.31 from pot
anubis2008: doesn't show hand 
*** SUMMARY ***
Total pot $0.32 | Rake $0.01 
Board [4s 9c 8h 2d Ts]
Seat 1: HubertusB (button) folded before Flop (didn't bet)
Seat 2: PAFOSSSS (small blind) folded before Flop
Seat 3: AleksandarMi (big blind) folded on the River
Seat 4: anubis2008 collected ($0.31)
Seat 5: Pizzaschmied folded before Flop (didn't bet)
Seat 6: Seu_Lunga folded before Flop (didn't bet)



PokerStars Zoom Hand #186691382621:  Hold'em No Limit ($0.02/$0.05) - 2018/05/21 23:12:17 CCT [2018/05/21 11:12:17 ET]
Table 'Donati' 6-max Seat #1 is the button
Seat 1: someep1ck ($6.56 in chips) 
Seat 2: HubertusB ($4.88 in chips) 
Seat 3: whitewhisper ($18.46 in chips) 
Seat 4: korkySVK ($6.12 in chips) 
Seat 5: EveryOutCounts ($5.21 in chips) 
Seat 6: Zatoch ($5.71 in chips) 
HubertusB: posts small blind $0.02
whitewhisper: posts big blind $0.05
*** HOLE CARDS ***
Dealt to HubertusB [4c Jh]
korkySVK: folds 
EveryOutCounts: folds 
Zatoch: folds 
someep1ck: folds 
HubertusB: folds 
Uncalled bet ($0.03) returned to whitewhisper
whitewhisper collected $0.04 from pot
whitewhisper: doesn't show hand 
*** SUMMARY ***
Total pot $0.04 | Rake $0 
Seat 1: someep1ck (button) folded before Flop (didn't bet)
Seat 2: HubertusB (small blind) folded before Flop
Seat 3: whitewhisper (big blind) collected ($0.04)
Seat 4: korkySVK folded before Flop (didn't bet)
Seat 5: EveryOutCounts folded before Flop (didn't bet)
Seat 6: Zatoch folded before Flop (didn't bet)



PokerStars Zoom Hand #186691389340:  Hold'em No Limit ($0.02/$0.05) - 2018/05/21 23:12:29 CCT [2018/05/21 11:12:29 ET]
Table 'Donati' 6-max Seat #1 is the button
Seat 1: HubertusB ($4.86 in chips) 
Seat 2: vlsm1 ($5.02 in chips) 
Seat 3: anubis2008 ($5.23 in chips) 
Seat 4: mkbftw ($5.17 in chips) 
Seat 5: QuadsOff ($5 in chips) 
Seat 6: ACTiVpoker ($3.50 in chips) 
vlsm1: posts small blind $0.02
anubis2008: posts big blind $0.05
*** HOLE CARDS ***
Dealt to HubertusB [Ac Kd]
mkbftw: folds 
QuadsOff: folds 
ACTiVpoker: folds 
HubertusB: raises $0.05 to $0.10
vlsm1: folds 
anubis2008: raises $0.20 to $0.30
HubertusB: raises $0.62 to $0.92
anubis2008: calls $0.62
*** FLOP *** [9d 7d 6s]
anubis2008: bets $0.30
HubertusB: calls $0.30
*** TURN *** [9d 7d 6s] [4h]
anubis2008: bets $1
HubertusB: folds 
Uncalled bet ($1) returned to anubis2008
anubis2008 collected $2.36 from pot
anubis2008: doesn't show hand 
*** SUMMARY ***
Total pot $2.46 | Rake $0.10 
Board [9d 7d 6s 4h]
Seat 1: HubertusB (button) folded on the Turn
Seat 2: vlsm1 (small blind) folded before Flop
Seat 3: anubis2008 (big blind) collected ($2.36)
Seat 4: mkbftw folded before Flop (didn't bet)
Seat 5: QuadsOff folded before Flop (didn't bet)
Seat 6: ACTiVpoker folded before Flop (didn't bet)



PokerStars Zoom Hand #186691425931:  Hold'em No Limit ($0.02/$0.05) - 2018/05/21 23:13:35 CCT [2018/05/21 11:13:35 ET]
Table 'Donati' 6-max Seat #1 is the button
Seat 1: JhonnyShu ($5.59 in chips) 
Seat 2: djpaulinho_p ($6.16 in chips) 
Seat 3: nuerni911 ($5.60 in chips) 
Seat 4: Jinxers ($29.57 in chips) 
Seat 5: barbos2009 ($33.46 in chips) 
Seat 6: HubertusB ($3.78 in chips) 
djpaulinho_p: posts small blind $0.02
nuerni911: posts big blind $0.05
*** HOLE CARDS ***
Dealt to HubertusB [Ah Jh]
Jinxers: folds 
barbos2009: folds 
HubertusB: raises $0.07 to $0.12
JhonnyShu: folds 
djpaulinho_p: folds 
nuerni911: raises $0.33 to $0.45
HubertusB: calls $0.33
*** FLOP *** [8h 3d Jd]
nuerni911: bets $0.75
HubertusB: calls $0.75
*** TURN *** [8h 3d Jd] [Qs]
nuerni911: checks 
HubertusB: checks 
*** RIVER *** [8h 3d Jd Qs] [9h]
nuerni911: bets $4.40 and is all-in
HubertusB: folds 
Uncalled bet ($4.40) returned to nuerni911
nuerni911 collected $2.32 from pot
nuerni911: doesn't show hand 
*** SUMMARY ***
Total pot $2.42 | Rake $0.10 
Board [8h 3d Jd Qs 9h]
Seat 1: JhonnyShu (button) folded before Flop (didn't bet)
Seat 2: djpaulinho_p (small blind) folded before Flop
Seat 3: nuerni911 (big blind) collected ($2.32)
Seat 4: Jinxers folded before Flop (didn't bet)
Seat 5: barbos2009 folded before Flop (didn't bet)
Seat 6: HubertusB folded on the River



PokerStars Zoom Hand #186691464218:  Hold'em No Limit ($0.02/$0.05) - 2018/05/21 23:14:44 CCT [2018/05/21 11:14:44 ET]
Table 'Donati' 6-max Seat #1 is the button
Seat 1: SRD03 ($9.91 in chips) 
Seat 2: hristo70 ($9.06 in chips) 
Seat 3: La Russo1441 ($5.20 in chips) 
Seat 4: HubertusB ($4.56 in chips) 
Seat 5: ProjetRed ($13.41 in chips) 
Seat 6: antonull ($3.90 in chips) 
hristo70: posts small blind $0.02
La Russo1441: posts big blind $0.05
*** HOLE CARDS ***
Dealt to HubertusB [7h 4d]
HubertusB: folds 
ProjetRed: folds 
antonull: folds 
SRD03: folds 
hristo70: folds 
Uncalled bet ($0.03) returned to La Russo1441
La Russo1441 collected $0.04 from pot
La Russo1441: doesn't show hand 
*** SUMMARY ***
Total pot $0.04 | Rake $0 
Seat 1: SRD03 (button) folded before Flop (didn't bet)
Seat 2: hristo70 (small blind) folded before Flop
Seat 3: La Russo1441 (big blind) collected ($0.04)
Seat 4: HubertusB folded before Flop (didn't bet)
Seat 5: ProjetRed folded before Flop (didn't bet)
Seat 6: antonull folded before Flop (didn't bet)



PokerStars Zoom Hand #186691466988:  Hold'em No Limit ($0.02/$0.05) - 2018/05/21 23:14:49 CCT [2018/05/21 11:14:49 ET]
Table 'Donati' 6-max Seat #1 is the button
Seat 1: 3k.stimmt ($4.60 in chips) 
Seat 2: Greeki730 ($4.80 in chips) 
Seat 3: vitaha00007 ($7.29 in chips) 
Seat 4: rellesario ($5.35 in chips) 
Seat 5: aDYTKINa ($5 in chips) 
Seat 6: HubertusB ($5 in chips) 
Greeki730: posts small blind $0.02
vitaha00007: posts big blind $0.05
*** HOLE CARDS ***
Dealt to HubertusB [Qd 7c]
rellesario: folds 
aDYTKINa: folds 
HubertusB: folds 
3k.stimmt: folds 
Greeki730: folds 
Uncalled bet ($0.03) returned to vitaha00007
vitaha00007 collected $0.04 from pot
vitaha00007: doesn't show hand 
*** SUMMARY ***
Total pot $0.04 | Rake $0 
Seat 1: 3k.stimmt (button) folded before Flop (didn't bet)
Seat 2: Greeki730 (small blind) folded before Flop
Seat 3: vitaha00007 (big blind) collected ($0.04)
Seat 4: rellesario folded before Flop (didn't bet)
Seat 5: aDYTKINa folded before Flop (didn't bet)
Seat 6: HubertusB folded before Flop (didn't bet)



PokerStars Zoom Hand #186691469734:  Hold'em No Limit ($0.02/$0.05) - 2018/05/21 23:14:54 CCT [2018/05/21 11:14:54 ET]
Table 'Donati' 6-max Seat #1 is the button
Seat 1: 58Sergant58 ($5.05 in chips) 
Seat 2: antonull ($3 in chips) 
Seat 3: HubertusB ($5 in chips) 
Seat 4: ALover113 ($8.40 in chips) 
Seat 5: fool_rabbit ($5.73 in chips) 
Seat 6: jamez_rjcv ($12.08 in chips) 
antonull: posts small blind $0.02
HubertusB: posts big blind $0.05
*** HOLE CARDS ***
Dealt to HubertusB [4d Kc]
ALover113: folds 
fool_rabbit: folds 
jamez_rjcv: folds 
58Sergant58: folds 
antonull: folds 
Uncalled bet ($0.03) returned to HubertusB
HubertusB collected $0.04 from pot
HubertusB: doesn't show hand 
*** SUMMARY ***
Total pot $0.04 | Rake $0 
Seat 1: 58Sergant58 (button) folded before Flop (didn't bet)
Seat 2: antonull (small blind) folded before Flop
Seat 3: HubertusB (big blind) collected ($0.04)
Seat 4: ALover113 folded before Flop (didn't bet)
Seat 5: fool_rabbit folded before Flop (didn't bet)
Seat 6: jamez_rjcv folded before Flop (didn't bet)



PokerStars Zoom Hand #186691474173:  Hold'em No Limit ($0.02/$0.05) - 2018/05/21 23:15:02 CCT [2018/05/21 11:15:02 ET]
Table 'Donati' 6-max Seat #1 is the button
Seat 1: HubertusB ($5.02 in chips) 
Seat 2: U_RULIA ($5.62 in chips) 
Seat 3: pinja13 ($2.27 in chips) 
Seat 4: dvernik ($5.11 in chips) 
Seat 5: sherhen ($6.28 in chips) 
Seat 6: Agno$tic ($5.71 in chips) 
U_RULIA: posts small blind $0.02
pinja13: posts big blind $0.05
*** HOLE CARDS ***
Dealt to HubertusB [Qd 7s]
dvernik: folds 
sherhen: folds 
Agno$tic: raises $0.10 to $0.15
HubertusB: folds 
U_RULIA: folds 
pinja13: folds 
Uncalled bet ($0.10) returned to Agno$tic
Agno$tic collected $0.12 from pot
Agno$tic: doesn't show hand 
*** SUMMARY ***
Total pot $0.12 | Rake $0 
Seat 1: HubertusB (button) folded before Flop (didn't bet)
Seat 2: U_RULIA (small blind) folded before Flop
Seat 3: pinja13 (big blind) folded before Flop
Seat 4: dvernik folded before Flop (didn't bet)
Seat 5: sherhen folded before Flop (didn't bet)
Seat 6: Agno$tic collected ($0.12)



PokerStars Zoom Hand #186691477611:  Hold'em No Limit ($0.02/$0.05) - 2018/05/21 23:15:08 CCT [2018/05/21 11:15:08 ET]
Table 'Donati' 6-max Seat #1 is the button
Seat 1: Leoponom ($1.93 in chips) 
Seat 2: kukkertje ($9.02 in chips) 
Seat 3: Cemen27 ($3.74 in chips) 
Seat 4: jackpot2104 ($5.10 in chips) 
Seat 5: HubertusB ($5.02 in chips) 
Seat 6: st_john888 ($12.23 in chips) 
kukkertje: posts small blind $0.02
Cemen27: posts big blind $0.05
*** HOLE CARDS ***
Dealt to HubertusB [Kh 9s]
jackpot2104: raises $0.10 to $0.15
HubertusB: folds 
st_john888: folds 
Leoponom: folds 
kukkertje: calls $0.13
Cemen27: calls $0.10
*** FLOP *** [6d Tc 7s]
kukkertje: checks 
Cemen27: checks 
jackpot2104: bets $0.30
kukkertje: folds 
Cemen27: folds 
Uncalled bet ($0.30) returned to jackpot2104
jackpot2104 collected $0.43 from pot
jackpot2104: doesn't show hand 
*** SUMMARY ***
Total pot $0.45 | Rake $0.02 
Board [6d Tc 7s]
Seat 1: Leoponom (button) folded before Flop (didn't bet)
Seat 2: kukkertje (small blind) folded on the Flop
Seat 3: Cemen27 (big blind) folded on the Flop
Seat 4: jackpot2104 collected ($0.43)
Seat 5: HubertusB folded before Flop (didn't bet)
Seat 6: st_john888 folded before Flop (didn't bet)



PokerStars Zoom Hand #186691488872:  Hold'em No Limit ($0.02/$0.05) - 2018/05/21 23:15:28 CCT [2018/05/21 11:15:28 ET]
Table 'Donati' 6-max Seat #1 is the button
Seat 1: Kugelsicher3 ($6.08 in chips) 
Seat 2: V1rtu()3 ($5 in chips) 
Seat 3: HubertusB ($5.02 in chips) 
Seat 4: whipwhipcn ($15.14 in chips) 
Seat 5: rellesario ($5 in chips) 
Seat 6: JhonnyShu ($7.60 in chips) 
V1rtu()3: posts small blind $0.02
HubertusB: posts big blind $0.05
*** HOLE CARDS ***
Dealt to HubertusB [Jd Ad]
whipwhipcn: folds 
rellesario: folds 
JhonnyShu: folds 
Kugelsicher3: folds 
V1rtu()3: folds 
Uncalled bet ($0.03) returned to HubertusB
HubertusB collected $0.04 from pot
HubertusB: doesn't show hand 
*** SUMMARY ***
Total pot $0.04 | Rake $0 
Seat 1: Kugelsicher3 (button) folded before Flop (didn't bet)
Seat 2: V1rtu()3 (small blind) folded before Flop
Seat 3: HubertusB (big blind) collected ($0.04)
Seat 4: whipwhipcn folded before Flop (didn't bet)
Seat 5: rellesario folded before Flop (didn't bet)
Seat 6: JhonnyShu folded before Flop (didn't bet)



PokerStars Zoom Hand #186691481017:  Hold'em No Limit ($0.02/$0.05) - 2018/05/21 23:15:14 CCT [2018/05/21 11:15:14 ET]
Table 'Donati' 6-max Seat #1 is the button
Seat 1: Marian V. 31 ($5.26 in chips) 
Seat 2: TheLuckyDuck13 ($5.55 in chips) 
Seat 3: kamilson66 ($6.66 in chips) 
Seat 4: mkbftw ($8.17 in chips) 
Seat 5: spamec ($12.70 in chips) 
Seat 6: HubertusB ($5.02 in chips) 
TheLuckyDuck13: posts small blind $0.02
kamilson66: posts big blind $0.05
*** HOLE CARDS ***
Dealt to HubertusB [Qc 9s]
mkbftw: folds 
spamec: folds 
HubertusB: folds 
Marian V. 31: folds 
TheLuckyDuck13: raises $0.05 to $0.10
kamilson66: calls $0.05
*** FLOP *** [Kd 4h 6s]
TheLuckyDuck13: checks 
kamilson66: bets $0.10
TheLuckyDuck13: calls $0.10
*** TURN *** [Kd 4h 6s] [6c]
TheLuckyDuck13: checks 
kamilson66: checks 
*** RIVER *** [Kd 4h 6s 6c] [7s]
TheLuckyDuck13: checks 
kamilson66: bets $0.19
TheLuckyDuck13: folds 
Uncalled bet ($0.19) returned to kamilson66
kamilson66 collected $0.38 from pot
kamilson66: doesn't show hand 
*** SUMMARY ***
Total pot $0.40 | Rake $0.02 
Board [Kd 4h 6s 6c 7s]
Seat 1: Marian V. 31 (button) folded before Flop (didn't bet)
Seat 2: TheLuckyDuck13 (small blind) folded on the River
Seat 3: kamilson66 (big blind) collected ($0.38)
Seat 4: mkbftw folded before Flop (didn't bet)
Seat 5: spamec folded before Flop (didn't bet)
Seat 6: HubertusB folded before Flop (didn't bet)



PokerStars Zoom Hand #186691484344:  Hold'em No Limit ($0.02/$0.05) - 2018/05/21 23:15:20 CCT [2018/05/21 11:15:20 ET]
Table 'Donati' 6-max Seat #1 is the button
Seat 1: Jinxers ($15.49 in chips) 
Seat 2: eliasfleitas ($16.23 in chips) 
Seat 3: maltrine ($5 in chips) 
Seat 4: balarezihno1978 ($2.98 in chips) 
Seat 5: HubertusB ($5.02 in chips) 
Seat 6: android087 ($2.30 in chips) 
eliasfleitas: posts small blind $0.02
maltrine: posts big blind $0.05
*** HOLE CARDS ***
Dealt to HubertusB [9h Kh]
balarezihno1978: calls $0.05
HubertusB: folds 
android087: folds 
Jinxers: folds 
eliasfleitas: folds 
maltrine: checks 
*** FLOP *** [9s Ts 2c]
maltrine: checks 
balarezihno1978: checks 
*** TURN *** [9s Ts 2c] [4s]
maltrine: checks 
balarezihno1978: checks 
*** RIVER *** [9s Ts 2c 4s] [8d]
maltrine: checks 
balarezihno1978: bets $0.05
maltrine: folds 
Uncalled bet ($0.05) returned to balarezihno1978
balarezihno1978 collected $0.12 from pot
balarezihno1978: doesn't show hand 
*** SUMMARY ***
Total pot $0.12 | Rake $0 
Board [9s Ts 2c 4s 8d]
Seat 1: Jinxers (button) folded before Flop (didn't bet)
Seat 2: eliasfleitas (small blind) folded before Flop
Seat 3: maltrine (big blind) folded on the River
Seat 4: balarezihno1978 collected ($0.12)
Seat 5: HubertusB folded before Flop (didn't bet)
Seat 6: android087 folded before Flop (didn't bet)



PokerStars Zoom Hand #186691497869:  Hold'em No Limit ($0.02/$0.05) - 2018/05/21 23:15:44 CCT [2018/05/21 11:15:44 ET]
Table 'Donati' 6-max Seat #1 is the button
Seat 1: HubertusB ($5.02 in chips) 
Seat 2: ghost1que ($6.46 in chips) 
Seat 3: Koreanpowah ($7.19 in chips) 
Seat 4: HajluM ($8.84 in chips) 
Seat 5: JIucu4ka ($2.68 in chips) 
Seat 6: FightMe!-LOOSER ($13.22 in chips) 
ghost1que: posts small blind $0.02
Koreanpowah: posts big blind $0.05
*** HOLE CARDS ***
Dealt to HubertusB [7s Kd]
HajluM: folds 
JIucu4ka: folds 
FightMe!-LOOSER: raises $0.10 to $0.15
HubertusB: folds 
ghost1que: folds 
Koreanpowah: folds 
Uncalled bet ($0.10) returned to FightMe!-LOOSER
FightMe!-LOOSER collected $0.12 from pot
FightMe!-LOOSER: doesn't show hand 
*** SUMMARY ***
Total pot $0.12 | Rake $0 
Seat 1: HubertusB (button) folded before Flop (didn't bet)
Seat 2: ghost1que (small blind) folded before Flop
Seat 3: Koreanpowah (big blind) folded before Flop
Seat 4: HajluM folded before Flop (didn't bet)
Seat 5: JIucu4ka folded before Flop (didn't bet)
Seat 6: FightMe!-LOOSER collected ($0.12)



PokerStars Zoom Hand #186691503398:  Hold'em No Limit ($0.02/$0.05) - 2018/05/21 23:15:54 CCT [2018/05/21 11:15:54 ET]
Table 'Donati' 6-max Seat #1 is the button
Seat 1: pashqadk ($5.27 in chips) 
Seat 2: Tub1610 ($5.08 in chips) 
Seat 3: antonull ($4.22 in chips) 
Seat 4: HubertusB ($5.02 in chips) 
Seat 5: alexandro156 ($5 in chips) 
Seat 6: Tökibéka ($4.87 in chips) 
Tub1610: posts small blind $0.02
antonull: posts big blind $0.05
*** HOLE CARDS ***
Dealt to HubertusB [4d 8d]
HubertusB: folds 
alexandro156: folds 
Tökibéka: folds 
pashqadk: folds 
Tub1610: folds 
Uncalled bet ($0.03) returned to antonull
antonull collected $0.04 from pot
antonull: doesn't show hand 
*** SUMMARY ***
Total pot $0.04 | Rake $0 
Seat 1: pashqadk (button) folded before Flop (didn't bet)
Seat 2: Tub1610 (small blind) folded before Flop
Seat 3: antonull (big blind) collected ($0.04)
Seat 4: HubertusB folded before Flop (didn't bet)
Seat 5: alexandro156 folded before Flop (didn't bet)
Seat 6: Tökibéka folded before Flop (didn't bet)



PokerStars Zoom Hand #186691460797:  Hold'em No Limit ($0.02/$0.05) - 2018/05/21 23:14:38 CCT [2018/05/21 11:14:38 ET]
Table 'Donati' 6-max Seat #1 is the button
Seat 1: wanawaiser ($5.71 in chips) 
Seat 2: HubertusB ($2.58 in chips) 
Seat 3: eliasfleitas ($5.46 in chips) 
Seat 4: mmenezes19 ($2.43 in chips) 
Seat 5: zanderalek ($5 in chips) 
Seat 6: V1rtu()3 ($5 in chips) 
HubertusB: posts small blind $0.02
eliasfleitas: posts big blind $0.05
*** HOLE CARDS ***
Dealt to HubertusB [3h Kd]
mmenezes19: calls $0.05
zanderalek: raises $0.15 to $0.20
V1rtu()3: calls $0.20
wanawaiser: folds 
HubertusB: folds 
eliasfleitas: folds 
mmenezes19: calls $0.15
*** FLOP *** [5d 8c 7d]
mmenezes19: checks 
zanderalek: bets $0.25
V1rtu()3: calls $0.25
mmenezes19: calls $0.25
*** TURN *** [5d 8c 7d] [6d]
mmenezes19: checks 
zanderalek: bets $0.55
V1rtu()3: calls $0.55
mmenezes19: folds 
*** RIVER *** [5d 8c 7d 6d] [2d]
zanderalek: checks 
V1rtu()3: checks 
*** SHOW DOWN ***
zanderalek: shows [Jd Td] (a flush, Jack high)
V1rtu()3: mucks hand 
zanderalek collected $2.42 from pot
*** SUMMARY ***
Total pot $2.52 | Rake $0.10 
Board [5d 8c 7d 6d 2d]
Seat 1: wanawaiser (button) folded before Flop (didn't bet)
Seat 2: HubertusB (small blind) folded before Flop
Seat 3: eliasfleitas (big blind) folded before Flop
Seat 4: mmenezes19 folded on the Turn
Seat 5: zanderalek showed [Jd Td] and won ($2.42) with a flush, Jack high
Seat 6: V1rtu()3 mucked [8s 8h]



PokerStars Zoom Hand #186691495070:  Hold'em No Limit ($0.02/$0.05) - 2018/05/21 23:15:39 CCT [2018/05/21 11:15:39 ET]
Table 'Donati' 6-max Seat #1 is the button
Seat 1: barbos2009 ($4.95 in chips) 
Seat 2: HubertusB ($5.04 in chips) 
Seat 3: TheFibonachi ($5.23 in chips) 
Seat 4: 58Sergant58 ($6.29 in chips) 
Seat 5: alexandro156 ($6.69 in chips) 
Seat 6: maltrine ($5 in chips) 
HubertusB: posts small blind $0.02
TheFibonachi: posts big blind $0.05
*** HOLE CARDS ***
Dealt to HubertusB [Kc 5s]
58Sergant58: raises $0.10 to $0.15
alexandro156: calls $0.15
maltrine: folds 
barbos2009: folds 
HubertusB: folds 
TheFibonachi: folds 
*** FLOP *** [Qs Kh Js]
58Sergant58: checks 
alexandro156: bets $0.15
58Sergant58: folds 
Uncalled bet ($0.15) returned to alexandro156
alexandro156 collected $0.35 from pot
alexandro156: doesn't show hand 
*** SUMMARY ***
Total pot $0.37 | Rake $0.02 
Board [Qs Kh Js]
Seat 1: barbos2009 (button) folded before Flop (didn't bet)
Seat 2: HubertusB (small blind) folded before Flop
Seat 3: TheFibonachi (big blind) folded before Flop
Seat 4: 58Sergant58 folded on the Flop
Seat 5: alexandro156 collected ($0.35)
Seat 6: maltrine folded before Flop (didn't bet)



PokerStars Zoom Hand #186691510652:  Hold'em No Limit ($0.02/$0.05) - 2018/05/21 23:16:08 CCT [2018/05/21 11:16:08 ET]
Table 'Donati' 6-max Seat #1 is the button
Seat 1: franchu300 ($0.86 in chips) 
Seat 2: HubertusB ($5.02 in chips) 
Seat 3: WouterP5 ($5.54 in chips) 
Seat 4: WhiteWolf459 ($5 in chips) 
Seat 5: Mosambo ($5 in chips) 
Seat 6: alexandro156 ($6.89 in chips) 
HubertusB: posts small blind $0.02
WouterP5: posts big blind $0.05
*** HOLE CARDS ***
Dealt to HubertusB [Jd 7d]
WhiteWolf459: folds 
Mosambo: folds 
alexandro156: folds 
franchu300: folds 
HubertusB: folds 
Uncalled bet ($0.03) returned to WouterP5
WouterP5 collected $0.04 from pot
WouterP5: doesn't show hand 
*** SUMMARY ***
Total pot $0.04 | Rake $0 
Seat 1: franchu300 (button) folded before Flop (didn't bet)
Seat 2: HubertusB (small blind) folded before Flop
Seat 3: WouterP5 (big blind) collected ($0.04)
Seat 4: WhiteWolf459 folded before Flop (didn't bet)
Seat 5: Mosambo folded before Flop (didn't bet)
Seat 6: alexandro156 folded before Flop (didn't bet)



PokerStars Zoom Hand #186691516838:  Hold'em No Limit ($0.02/$0.05) - 2018/05/21 23:16:18 CCT [2018/05/21 11:16:18 ET]
Table 'Donati' 6-max Seat #1 is the button
Seat 1: Kozak Sila ($1.99 in chips) 
Seat 2: zwetok ($14.04 in chips) 
Seat 3: HubertusB ($5 in chips) 
Seat 4: mkbftw ($8.17 in chips) 
Seat 5: android087 ($1.86 in chips) 
Seat 6: higgins1989 ($7.18 in chips) 
zwetok: posts small blind $0.02
HubertusB: posts big blind $0.05
*** HOLE CARDS ***
Dealt to HubertusB [9s 5h]
mkbftw: folds 
android087: folds 
higgins1989: folds 
Kozak Sila: folds 
zwetok: raises $0.06 to $0.11
HubertusB: folds 
Uncalled bet ($0.06) returned to zwetok
zwetok collected $0.10 from pot
zwetok: doesn't show hand 
*** SUMMARY ***
Total pot $0.10 | Rake $0 
Seat 1: Kozak Sila (button) folded before Flop (didn't bet)
Seat 2: zwetok (small blind) collected ($0.10)
Seat 3: HubertusB (big blind) folded before Flop
Seat 4: mkbftw folded before Flop (didn't bet)
Seat 5: android087 folded before Flop (didn't bet)
Seat 6: higgins1989 folded before Flop (didn't bet)



PokerStars Zoom Hand #186691521810:  Hold'em No Limit ($0.02/$0.05) - 2018/05/21 23:16:27 CCT [2018/05/21 11:16:27 ET]
Table 'Donati' 6-max Seat #1 is the button
Seat 1: MaN1SiK ($4.61 in chips) 
Seat 2: QuadsOff ($5.80 in chips) 
Seat 3: MoòSh ($20.44 in chips) 
Seat 4: Tub1610 ($5 in chips) 
Seat 5: android087 ($1.86 in chips) 
Seat 6: HubertusB ($4.95 in chips) 
QuadsOff: posts small blind $0.02
MoòSh: posts big blind $0.05
*** HOLE CARDS ***
Dealt to HubertusB [2d Jd]
Tub1610: folds 
android087: folds 
HubertusB: folds 
MaN1SiK: folds 
QuadsOff: folds 
Uncalled bet ($0.03) returned to MoòSh
MoòSh collected $0.04 from pot
MoòSh: doesn't show hand 
*** SUMMARY ***
Total pot $0.04 | Rake $0 
Seat 1: MaN1SiK (button) folded before Flop (didn't bet)
Seat 2: QuadsOff (small blind) folded before Flop
Seat 3: MoòSh (big blind) collected ($0.04)
Seat 4: Tub1610 folded before Flop (didn't bet)
Seat 5: android087 folded before Flop (didn't bet)
Seat 6: HubertusB folded before Flop (didn't bet)



PokerStars Zoom Hand #186691526811:  Hold'em No Limit ($0.02/$0.05) - 2018/05/21 23:16:36 CCT [2018/05/21 11:16:36 ET]
Table 'Donati' 6-max Seat #1 is the button
Seat 1: xxjojojo ($4.66 in chips) 
Seat 2: HubertusB ($4.95 in chips) 
Seat 3: Hackylin ($5 in chips) 
Seat 4: genya929 ($9.76 in chips) 
Seat 5: LingPro ($4.79 in chips) 
Seat 6: MSKLucky007 ($6 in chips) 
HubertusB: posts small blind $0.02
Hackylin: posts big blind $0.05
*** HOLE CARDS ***
Dealt to HubertusB [2s 4d]
genya929: folds 
LingPro: folds 
MSKLucky007: folds 
xxjojojo: folds 
HubertusB: folds 
Uncalled bet ($0.03) returned to Hackylin
Hackylin collected $0.04 from pot
Hackylin: doesn't show hand 
*** SUMMARY ***
Total pot $0.04 | Rake $0 
Seat 1: xxjojojo (button) folded before Flop (didn't bet)
Seat 2: HubertusB (small blind) folded before Flop
Seat 3: Hackylin (big blind) collected ($0.04)
Seat 4: genya929 folded before Flop (didn't bet)
Seat 5: LingPro folded before Flop (didn't bet)
Seat 6: MSKLucky007 folded before Flop (didn't bet)



PokerStars Zoom Hand #186691524049:  Hold'em No Limit ($0.02/$0.05) - 2018/05/21 23:16:31 CCT [2018/05/21 11:16:31 ET]
Table 'Donati' 6-max Seat #1 is the button
Seat 1: Hamaris ($2.69 in chips) 
Seat 2: Reece1985 ($4.76 in chips) 
Seat 3: Ente1512 ($7.04 in chips) 
Seat 4: s0chi161090 ($5.21 in chips) 
Seat 5: HubertusB ($4.95 in chips) 
Seat 6: LIGA2188 ($6.92 in chips) 
Reece1985: posts small blind $0.02
Ente1512: posts big blind $0.05
*** HOLE CARDS ***
Dealt to HubertusB [3s 8c]
s0chi161090: raises $0.10 to $0.15
HubertusB: folds 
LIGA2188: folds 
Hamaris: folds 
Reece1985: folds 
Ente1512: folds 
Uncalled bet ($0.10) returned to s0chi161090
s0chi161090 collected $0.12 from pot
s0chi161090: doesn't show hand 
*** SUMMARY ***
Total pot $0.12 | Rake $0 
Seat 1: Hamaris (button) folded before Flop (didn't bet)
Seat 2: Reece1985 (small blind) folded before Flop
Seat 3: Ente1512 (big blind) folded before Flop
Seat 4: s0chi161090 collected ($0.12)
Seat 5: HubertusB folded before Flop (didn't bet)
Seat 6: LIGA2188 folded before Flop (didn't bet)



PokerStars Zoom Hand #186691506216:  Hold'em No Limit ($0.02/$0.05) - 2018/05/21 23:15:59 CCT [2018/05/21 11:15:59 ET]
Table 'Donati' 6-max Seat #1 is the button
Seat 1: HubertusB ($5.02 in chips) 
Seat 2: FlyingRudi ($5.28 in chips) 
Seat 3: mopsrenat ($2.74 in chips) 
Seat 4: jmaika mos ($4.66 in chips) 
Seat 5: Snowy1984C ($5 in chips) 
Seat 6: GOGOELEPHANT ($4.87 in chips) 
FlyingRudi: posts small blind $0.02
mopsrenat: posts big blind $0.05
*** HOLE CARDS ***
Dealt to HubertusB [8s Qs]
jmaika mos: folds 
Snowy1984C: folds 
GOGOELEPHANT: raises $0.10 to $0.15
HubertusB: folds 
FlyingRudi: folds 
mopsrenat: calls $0.10
*** FLOP *** [7d 6d Kd]
mopsrenat: checks 
GOGOELEPHANT: bets $0.21
mopsrenat: raises $0.37 to $0.58
GOGOELEPHANT: raises $4.14 to $4.72 and is all-in
mopsrenat: calls $2.01 and is all-in
Uncalled bet ($2.13) returned to GOGOELEPHANT
*** FIRST TURN *** [7d 6d Kd] [8c]
*** FIRST RIVER *** [7d 6d Kd 8c] [Th]
*** SECOND TURN *** [7d 6d Kd] [5d]
*** SECOND RIVER *** [7d 6d Kd 5d] [2c]
*** FIRST SHOW DOWN ***
mopsrenat: shows [Ad Js] (high card Ace)
GOGOELEPHANT: shows [Kh As] (a pair of Kings)
GOGOELEPHANT collected $2.64 from pot
*** SECOND SHOW DOWN ***
mopsrenat: shows [Ad Js] (a flush, Ace high)
GOGOELEPHANT: shows [Kh As] (a pair of Kings)
mopsrenat collected $2.63 from pot
*** SUMMARY ***
Total pot $5.50 | Rake $0.23 
Hand was run twice
FIRST Board [7d 6d Kd 8c Th]
SECOND Board [7d 6d Kd 5d 2c]
Seat 1: HubertusB (button) folded before Flop (didn't bet)
Seat 2: FlyingRudi (small blind) folded before Flop
Seat 3: mopsrenat (big blind) showed [Ad Js] and lost with high card Ace, and won ($2.63) with a flush, Ace high
Seat 4: jmaika mos folded before Flop (didn't bet)
Seat 5: Snowy1984C folded before Flop (didn't bet)
Seat 6: GOGOELEPHANT showed [Kh As] and won ($2.64) with a pair of Kings, and lost with a pair of Kings



PokerStars Zoom Hand #186691500620:  Hold'em No Limit ($0.02/$0.05) - 2018/05/21 23:15:49 CCT [2018/05/21 11:15:49 ET]
Table 'Donati' 6-max Seat #1 is the button
Seat 1: suckanother1 ($17.08 in chips) 
Seat 2: Kruzer20 ($5 in chips) 
Seat 3: Reece1985 ($5.34 in chips) 
Seat 4: HubertusB ($5.02 in chips) 
Seat 5: ABTOMAT ($4.66 in chips) 
Seat 6: AleksandarMi ($5.07 in chips) 
Kruzer20: posts small blind $0.02
Reece1985: posts big blind $0.05
*** HOLE CARDS ***
Dealt to HubertusB [9h Kd]
HubertusB: folds 
ABTOMAT: raises $0.10 to $0.15
AleksandarMi: calls $0.15
suckanother1: folds 
Kruzer20: folds 
Reece1985: folds 
*** FLOP *** [Ah Ad 9d]
ABTOMAT: bets $0.18
AleksandarMi: calls $0.18
*** TURN *** [Ah Ad 9d] [Td]
ABTOMAT: bets $0.35
AleksandarMi: raises $0.70 to $1.05
ABTOMAT: calls $0.70
*** RIVER *** [Ah Ad 9d Td] [Qd]
ABTOMAT: checks 
AleksandarMi: bets $3.69 and is all-in
ABTOMAT: folds 
Uncalled bet ($3.69) returned to AleksandarMi
AleksandarMi collected $2.71 from pot
AleksandarMi: doesn't show hand 
*** SUMMARY ***
Total pot $2.83 | Rake $0.12 
Board [Ah Ad 9d Td Qd]
Seat 1: suckanother1 (button) folded before Flop (didn't bet)
Seat 2: Kruzer20 (small blind) folded before Flop
Seat 3: Reece1985 (big blind) folded before Flop
Seat 4: HubertusB folded before Flop (didn't bet)
Seat 5: ABTOMAT folded on the River
Seat 6: AleksandarMi collected ($2.71)



PokerStars Zoom Hand #186691529585:  Hold'em No Limit ($0.02/$0.05) - 2018/05/21 23:16:41 CCT [2018/05/21 11:16:41 ET]
Table 'Donati' 6-max Seat #1 is the button
Seat 1: csöri83 ($25.29 in chips) 
Seat 2: mkbftw ($8.17 in chips) 
Seat 3: OoShooked ($5 in chips) 
Seat 4: WhiteWolf459 ($6.11 in chips) 
Seat 5: someep1ck ($5 in chips) 
Seat 6: HubertusB ($4.93 in chips) 
mkbftw: posts small blind $0.02
OoShooked: posts big blind $0.05
*** HOLE CARDS ***
Dealt to HubertusB [Ac Kh]
WhiteWolf459: folds 
someep1ck: folds 
HubertusB: raises $0.07 to $0.12
csöri83: folds 
mkbftw: calls $0.10
OoShooked: folds 
*** FLOP *** [5d 3c 2c]
mkbftw: checks 
HubertusB: checks 
*** TURN *** [5d 3c 2c] [9s]
mkbftw: bets $0.17
HubertusB: calls $0.17
*** RIVER *** [5d 3c 2c 9s] [8s]
mkbftw: checks 
HubertusB: checks 
*** SHOW DOWN ***
mkbftw: shows [Qh Qc] (a pair of Queens)
HubertusB: mucks hand 
mkbftw collected $0.60 from pot
*** SUMMARY ***
Total pot $0.63 | Rake $0.03 
Board [5d 3c 2c 9s 8s]
Seat 1: csöri83 (button) folded before Flop (didn't bet)
Seat 2: mkbftw (small blind) showed [Qh Qc] and won ($0.60) with a pair of Queens
Seat 3: OoShooked (big blind) folded before Flop
Seat 4: WhiteWolf459 folded before Flop (didn't bet)
Seat 5: someep1ck folded before Flop (didn't bet)
Seat 6: HubertusB mucked [Ac Kh]



PokerStars Zoom Hand #186691554553:  Hold'em No Limit ($0.02/$0.05) - 2018/05/21 23:17:26 CCT [2018/05/21 11:17:26 ET]
Table 'Donati' 6-max Seat #1 is the button
Seat 1: marcioadrs ($12.14 in chips) 
Seat 2: curatore1 ($5 in chips) 
Seat 3: anubis2008 ($6.16 in chips) 
Seat 4: EveryOutCounts ($12.41 in chips) 
Seat 5: HubertusB ($4.64 in chips) 
Seat 6: Truth711 ($5 in chips) 
curatore1: posts small blind $0.02
anubis2008: posts big blind $0.05
*** HOLE CARDS ***
Dealt to HubertusB [Ac 8d]
EveryOutCounts: raises $0.10 to $0.15
HubertusB: folds 
Truth711: folds 
marcioadrs: folds 
curatore1: folds 
anubis2008: folds 
Uncalled bet ($0.10) returned to EveryOutCounts
EveryOutCounts collected $0.12 from pot
EveryOutCounts: doesn't show hand 
*** SUMMARY ***
Total pot $0.12 | Rake $0 
Seat 1: marcioadrs (button) folded before Flop (didn't bet)
Seat 2: curatore1 (small blind) folded before Flop
Seat 3: anubis2008 (big blind) folded before Flop
Seat 4: EveryOutCounts collected ($0.12)
Seat 5: HubertusB folded before Flop (didn't bet)
Seat 6: Truth711 folded before Flop (didn't bet)



PokerStars Zoom Hand #186691557919:  Hold'em No Limit ($0.02/$0.05) - 2018/05/21 23:17:32 CCT [2018/05/21 11:17:32 ET]
Table 'Donati' 6-max Seat #1 is the button
Seat 1: Mosambo ($5.17 in chips) 
Seat 2: PAFOSSSS ($6.93 in chips) 
Seat 3: npokypop1802 ($3.95 in chips) 
Seat 4: HubertusB ($4.64 in chips) 
Seat 5: reuscaelum ($5.02 in chips) 
Seat 6: eliasfleitas ($16.29 in chips) 
PAFOSSSS: posts small blind $0.02
npokypop1802: posts big blind $0.05
*** HOLE CARDS ***
Dealt to HubertusB [7h 7s]
HubertusB: raises $0.10 to $0.15
reuscaelum: folds 
eliasfleitas: folds 
Mosambo: folds 
PAFOSSSS: folds 
npokypop1802: calls $0.10
*** FLOP *** [Jd Td Ks]
npokypop1802: checks 
HubertusB: checks 
*** TURN *** [Jd Td Ks] [2d]
npokypop1802: bets $0.15
HubertusB: folds 
Uncalled bet ($0.15) returned to npokypop1802
npokypop1802 collected $0.31 from pot
npokypop1802: doesn't show hand 
*** SUMMARY ***
Total pot $0.32 | Rake $0.01 
Board [Jd Td Ks 2d]
Seat 1: Mosambo (button) folded before Flop (didn't bet)
Seat 2: PAFOSSSS (small blind) folded before Flop
Seat 3: npokypop1802 (big blind) collected ($0.31)
Seat 4: HubertusB folded on the Turn
Seat 5: reuscaelum folded before Flop (didn't bet)
Seat 6: eliasfleitas folded before Flop (didn't bet)



PokerStars Zoom Hand #186691573642:  Hold'em No Limit ($0.02/$0.05) - 2018/05/21 23:18:00 CCT [2018/05/21 11:18:00 ET]
Table 'Donati' 6-max Seat #1 is the button
Seat 1: vikrutass ($4.42 in chips) 
Seat 2: TheLuckyDuck13 ($6.22 in chips) 
Seat 3: HubertusB ($4.49 in chips) 
Seat 4: havedivided ($8.95 in chips) 
Seat 5: s0chi161090 ($5.13 in chips) 
Seat 6: Derter25 ($12.03 in chips) 
TheLuckyDuck13: posts small blind $0.02
HubertusB: posts big blind $0.05
*** HOLE CARDS ***
Dealt to HubertusB [7h 6c]
havedivided: folds 
s0chi161090: folds 
Derter25: folds 
vikrutass: folds 
TheLuckyDuck13: folds 
Uncalled bet ($0.03) returned to HubertusB
HubertusB collected $0.04 from pot
HubertusB: doesn't show hand 
*** SUMMARY ***
Total pot $0.04 | Rake $0 
Seat 1: vikrutass (button) folded before Flop (didn't bet)
Seat 2: TheLuckyDuck13 (small blind) folded before Flop
Seat 3: HubertusB (big blind) collected ($0.04)
Seat 4: havedivided folded before Flop (didn't bet)
Seat 5: s0chi161090 folded before Flop (didn't bet)
Seat 6: Derter25 folded before Flop (didn't bet)



PokerStars Zoom Hand #186691578064:  Hold'em No Limit ($0.02/$0.05) - 2018/05/21 23:18:08 CCT [2018/05/21 11:18:08 ET]
Table 'Donati' 6-max Seat #1 is the button
Seat 1: HubertusB ($4.51 in chips) 
Seat 2: born8sleepy ($5 in chips) 
Seat 3: MaN1SiK ($1.60 in chips) 
Seat 4: Troyan555 ($5.72 in chips) 
Seat 5: crmcof ($5.98 in chips) 
Seat 6: djnemesis101 ($5.77 in chips) 
born8sleepy: posts small blind $0.02
MaN1SiK: posts big blind $0.05
*** HOLE CARDS ***
Dealt to HubertusB [Ad Ts]
Troyan555: folds 
crmcof: folds 
djnemesis101: folds 
HubertusB: raises $0.05 to $0.10
born8sleepy: folds 
MaN1SiK: calls $0.05
*** FLOP *** [5d 2d Jd]
MaN1SiK: checks 
HubertusB: bets $0.11
MaN1SiK: calls $0.11
*** TURN *** [5d 2d Jd] [6c]
MaN1SiK: checks 
HubertusB: bets $0.34
MaN1SiK: calls $0.34
*** RIVER *** [5d 2d Jd 6c] [3d]
MaN1SiK: checks 
HubertusB: bets $1.30
MaN1SiK: folds 
Uncalled bet ($1.30) returned to HubertusB
HubertusB collected $1.07 from pot
HubertusB: doesn't show hand 
*** SUMMARY ***
Total pot $1.12 | Rake $0.05 
Board [5d 2d Jd 6c 3d]
Seat 1: HubertusB (button) collected ($1.07)
Seat 2: born8sleepy (small blind) folded before Flop
Seat 3: MaN1SiK (big blind) folded on the River
Seat 4: Troyan555 folded before Flop (didn't bet)
Seat 5: crmcof folded before Flop (didn't bet)
Seat 6: djnemesis101 folded before Flop (didn't bet)



PokerStars Zoom Hand #186691611650:  Hold'em No Limit ($0.02/$0.05) - 2018/05/21 23:19:08 CCT [2018/05/21 11:19:08 ET]
Table 'Donati' 6-max Seat #1 is the button
Seat 1: curatore1 ($5 in chips) 
Seat 2: HubertusB ($5.03 in chips) 
Seat 3: maltrine ($5 in chips) 
Seat 4: cirus the vi ($8.67 in chips) 
Seat 5: pk_yo_bro ($7.25 in chips) 
Seat 6: maxgild85 ($5.07 in chips) 
HubertusB: posts small blind $0.02
maltrine: posts big blind $0.05
*** HOLE CARDS ***
Dealt to HubertusB [Ad 3h]
cirus the vi: folds 
pk_yo_bro: folds 
maxgild85: folds 
curatore1: folds 
HubertusB: folds 
Uncalled bet ($0.03) returned to maltrine
maltrine collected $0.04 from pot
maltrine: doesn't show hand 
*** SUMMARY ***
Total pot $0.04 | Rake $0 
Seat 1: curatore1 (button) folded before Flop (didn't bet)
Seat 2: HubertusB (small blind) folded before Flop
Seat 3: maltrine (big blind) collected ($0.04)
Seat 4: cirus the vi folded before Flop (didn't bet)
Seat 5: pk_yo_bro folded before Flop (didn't bet)
Seat 6: maxgild85 folded before Flop (didn't bet)



PokerStars Zoom Hand #186691614967:  Hold'em No Limit ($0.02/$0.05) - 2018/05/21 23:19:14 CCT [2018/05/21 11:19:14 ET]
Table 'Donati' 6-max Seat #1 is the button
Seat 1: HubertusB ($5.01 in chips) 
Seat 2: MaN1SiK ($2.05 in chips) 
Seat 3: MSKLucky007 ($5.31 in chips) 
Seat 4: tchuyf ($5.90 in chips) 
Seat 5: crmcof ($5 in chips) 
Seat 6: Xendramir ($5.91 in chips) 
MaN1SiK: posts small blind $0.02
MSKLucky007: posts big blind $0.05
*** HOLE CARDS ***
Dealt to HubertusB [4c 5d]
tchuyf: folds 
crmcof: folds 
Xendramir: folds 
HubertusB: folds 
MaN1SiK: raises $0.07 to $0.12
MSKLucky007: folds 
Uncalled bet ($0.07) returned to MaN1SiK
MaN1SiK collected $0.10 from pot
MaN1SiK: doesn't show hand 
*** SUMMARY ***
Total pot $0.10 | Rake $0 
Seat 1: HubertusB (button) folded before Flop (didn't bet)
Seat 2: MaN1SiK (small blind) collected ($0.10)
Seat 3: MSKLucky007 (big blind) folded before Flop
Seat 4: tchuyf folded before Flop (didn't bet)
Seat 5: crmcof folded before Flop (didn't bet)
Seat 6: Xendramir folded before Flop (didn't bet)



PokerStars Zoom Hand #186691607826:  Hold'em No Limit ($0.02/$0.05) - 2018/05/21 23:19:01 CCT [2018/05/21 11:19:01 ET]
Table 'Donati' 6-max Seat #1 is the button
Seat 1: AsterixBrn ($6.22 in chips) 
Seat 2: Kammav1 ($8.63 in chips) 
Seat 3: U_RULIA ($5.49 in chips) 
Seat 4: HubertusB ($5.03 in chips) 
Seat 5: mearlog18 ($9.35 in chips) 
Seat 6: Kugelsicher3 ($5.55 in chips) 
Kammav1: posts small blind $0.02
U_RULIA: posts big blind $0.05
*** HOLE CARDS ***
Dealt to HubertusB [Jh 5c]
HubertusB: folds 
mearlog18: folds 
Kugelsicher3: folds 
AsterixBrn: folds 
Kammav1: raises $0.07 to $0.12
U_RULIA: calls $0.07
*** FLOP *** [2c 4d 6d]
Kammav1: bets $0.15
U_RULIA: folds 
Uncalled bet ($0.15) returned to Kammav1
Kammav1 collected $0.23 from pot
Kammav1: doesn't show hand 
*** SUMMARY ***
Total pot $0.24 | Rake $0.01 
Board [2c 4d 6d]
Seat 1: AsterixBrn (button) folded before Flop (didn't bet)
Seat 2: Kammav1 (small blind) collected ($0.23)
Seat 3: U_RULIA (big blind) folded on the Flop
Seat 4: HubertusB folded before Flop (didn't bet)
Seat 5: mearlog18 folded before Flop (didn't bet)
Seat 6: Kugelsicher3 folded before Flop (didn't bet)



PokerStars Zoom Hand #186691621241:  Hold'em No Limit ($0.02/$0.05) - 2018/05/21 23:19:25 CCT [2018/05/21 11:19:25 ET]
Table 'Donati' 6-max Seat #1 is the button
Seat 1: drk55 ($17.53 in chips) 
Seat 2: Waleris ($6.17 in chips) 
Seat 3: HubertusB ($5.01 in chips) 
Seat 4: 58Sergant58 ($6.48 in chips) 
Seat 5: hanny800 ($5.04 in chips) 
Seat 6: Tesla1981DA ($6.59 in chips) 
Waleris: posts small blind $0.02
HubertusB: posts big blind $0.05
*** HOLE CARDS ***
Dealt to HubertusB [Js 5d]
58Sergant58: folds 
hanny800: folds 
Tesla1981DA: folds 
drk55: folds 
Waleris: calls $0.03
HubertusB: checks 
*** FLOP *** [2c Qs 5s]
Waleris: checks 
HubertusB: bets $0.05
Waleris: folds 
Uncalled bet ($0.05) returned to HubertusB
HubertusB collected $0.10 from pot
HubertusB: doesn't show hand 
*** SUMMARY ***
Total pot $0.10 | Rake $0 
Board [2c Qs 5s]
Seat 1: drk55 (button) folded before Flop (didn't bet)
Seat 2: Waleris (small blind) folded on the Flop
Seat 3: HubertusB (big blind) collected ($0.10)
Seat 4: 58Sergant58 folded before Flop (didn't bet)
Seat 5: hanny800 folded before Flop (didn't bet)
Seat 6: Tesla1981DA folded before Flop (didn't bet)



PokerStars Zoom Hand #186691640354:  Hold'em No Limit ($0.02/$0.05) - 2018/05/21 23:19:59 CCT [2018/05/21 11:19:59 ET]
Table 'Donati' 6-max Seat #1 is the button
Seat 1: MJJJJJJJJJJJ ($5.18 in chips) 
Seat 2: Snegul ($2.23 in chips) 
Seat 3: Bolnisi68 ($14.98 in chips) 
Seat 4: JIucu4ka ($2.93 in chips) 
Seat 5: HubertusB ($5.06 in chips) 
Seat 6: svererii ($6.98 in chips) 
Snegul: posts small blind $0.02
Bolnisi68: posts big blind $0.05
*** HOLE CARDS ***
Dealt to HubertusB [Jh 7s]
JIucu4ka: folds 
HubertusB: folds 
svererii: raises $0.07 to $0.12
MJJJJJJJJJJJ: folds 
Snegul: folds 
Bolnisi68: folds 
Uncalled bet ($0.07) returned to svererii
svererii collected $0.12 from pot
svererii: doesn't show hand 
*** SUMMARY ***
Total pot $0.12 | Rake $0 
Seat 1: MJJJJJJJJJJJ (button) folded before Flop (didn't bet)
Seat 2: Snegul (small blind) folded before Flop
Seat 3: Bolnisi68 (big blind) folded before Flop
Seat 4: JIucu4ka folded before Flop (didn't bet)
Seat 5: HubertusB folded before Flop (didn't bet)
Seat 6: svererii collected ($0.12)



PokerStars Zoom Hand #186691646472:  Hold'em No Limit ($0.02/$0.05) - 2018/05/21 23:20:10 CCT [2018/05/21 11:20:10 ET]
Table 'Donati' 6-max Seat #1 is the button
Seat 1: yumeko0001 ($5.38 in chips) 
Seat 2: franchu300 ($5.76 in chips) 
Seat 3: zanderalek ($5.29 in chips) 
Seat 4: Vilzivul ($5.63 in chips) 
Seat 5: eliasfleitas ($5.25 in chips) 
Seat 6: HubertusB ($5.06 in chips) 
franchu300: posts small blind $0.02
zanderalek: posts big blind $0.05
*** HOLE CARDS ***
Dealt to HubertusB [9d 7s]
Vilzivul: folds 
eliasfleitas: folds 
HubertusB: folds 
yumeko0001: folds 
franchu300: folds 
Uncalled bet ($0.03) returned to zanderalek
zanderalek collected $0.04 from pot
zanderalek: doesn't show hand 
*** SUMMARY ***
Total pot $0.04 | Rake $0 
Seat 1: yumeko0001 (button) folded before Flop (didn't bet)
Seat 2: franchu300 (small blind) folded before Flop
Seat 3: zanderalek (big blind) collected ($0.04)
Seat 4: Vilzivul folded before Flop (didn't bet)
Seat 5: eliasfleitas folded before Flop (didn't bet)
Seat 6: HubertusB folded before Flop (didn't bet)



PokerStars Zoom Hand #186691636437:  Hold'em No Limit ($0.02/$0.05) - 2018/05/21 23:19:52 CCT [2018/05/21 11:19:52 ET]
Table 'Donati' 6-max Seat #1 is the button
Seat 1: tokigori ($5.93 in chips) 
Seat 2: Yroslav Mudr ($14.85 in chips) 
Seat 3: Jlavigne506 ($3.88 in chips) 
Seat 4: Zheka-Alaei ($6.16 in chips) 
Seat 5: OoShooked ($7.59 in chips) 
Seat 6: HubertusB ($5.06 in chips) 
Yroslav Mudr: posts small blind $0.02
Jlavigne506: posts big blind $0.05
*** HOLE CARDS ***
Dealt to HubertusB [2c Th]
Zheka-Alaei: folds 
OoShooked: folds 
HubertusB: folds 
tokigori: raises $0.07 to $0.12
Yroslav Mudr: calls $0.10
Jlavigne506: raises $0.07 to $0.19
tokigori: calls $0.07
Yroslav Mudr: calls $0.07
*** FLOP *** [Jd 8c Qd]
Yroslav Mudr: bets $0.15
Jlavigne506: folds 
tokigori: calls $0.15
*** TURN *** [Jd 8c Qd] [9h]
Yroslav Mudr: bets $0.10
tokigori: calls $0.10
*** RIVER *** [Jd 8c Qd 9h] [Qs]
Yroslav Mudr: bets $0.05
tokigori: calls $0.05
*** SHOW DOWN ***
Yroslav Mudr: shows [9d Kd] (two pair, Queens and Nines)
tokigori: mucks hand 
Yroslav Mudr collected $1.12 from pot
*** SUMMARY ***
Total pot $1.17 | Rake $0.05 
Board [Jd 8c Qd 9h Qs]
Seat 1: tokigori (button) mucked [Ac Kh]
Seat 2: Yroslav Mudr (small blind) showed [9d Kd] and won ($1.12) with two pair, Queens and Nines
Seat 3: Jlavigne506 (big blind) folded on the Flop
Seat 4: Zheka-Alaei folded before Flop (didn't bet)
Seat 5: OoShooked folded before Flop (didn't bet)
Seat 6: HubertusB folded before Flop (didn't bet)



PokerStars Zoom Hand #186691649348:  Hold'em No Limit ($0.02/$0.05) - 2018/05/21 23:20:15 CCT [2018/05/21 11:20:15 ET]
Table 'Donati' 6-max Seat #1 is the button
Seat 1: winneeer21 ($2.96 in chips) 
Seat 2: TheFibonachi ($5.34 in chips) 
Seat 3: Zheka-Alaei ($5.03 in chips) 
Seat 4: HubertusB ($5.06 in chips) 
Seat 5: maxgild85 ($5.31 in chips) 
Seat 6: What's tha! ($8.09 in chips) 
TheFibonachi: posts small blind $0.02
Zheka-Alaei: posts big blind $0.05
*** HOLE CARDS ***
Dealt to HubertusB [5h Js]
HubertusB: folds 
maxgild85: folds 
What's tha!: folds 
winneeer21: raises $0.07 to $0.12
TheFibonachi: folds 
Zheka-Alaei: calls $0.07
*** FLOP *** [Qc 3d Qh]
Zheka-Alaei: checks 
winneeer21: checks 
*** TURN *** [Qc 3d Qh] [6s]
Zheka-Alaei: bets $0.21
winneeer21: calls $0.21
*** RIVER *** [Qc 3d Qh 6s] [6c]
Zheka-Alaei: bets $0.54
winneeer21: calls $0.54
*** SHOW DOWN ***
Zheka-Alaei: shows [8d Qd] (a full house, Queens full of Sixes)
winneeer21: mucks hand 
Zheka-Alaei collected $1.69 from pot
*** SUMMARY ***
Total pot $1.76 | Rake $0.07 
Board [Qc 3d Qh 6s 6c]
Seat 1: winneeer21 (button) mucked [Ad Ah]
Seat 2: TheFibonachi (small blind) folded before Flop
Seat 3: Zheka-Alaei (big blind) showed [8d Qd] and won ($1.69) with a full house, Queens full of Sixes
Seat 4: HubertusB folded before Flop (didn't bet)
Seat 5: maxgild85 folded before Flop (didn't bet)
Seat 6: What's tha! folded before Flop (didn't bet)



PokerStars Zoom Hand #186691652708:  Hold'em No Limit ($0.02/$0.05) - 2018/05/21 23:20:21 CCT [2018/05/21 11:20:21 ET]
Table 'Donati' 6-max Seat #1 is the button
Seat 1: deltanueve ($5.42 in chips) 
Seat 2: HubertusB ($5.06 in chips) 
Seat 3: Kruzer20 ($6.70 in chips) 
Seat 4: falcao991 ($7.66 in chips) 
Seat 5: smoot21 ($5.49 in chips) 
Seat 6: QuadsOff ($7.59 in chips) 
HubertusB: posts small blind $0.02
Kruzer20: posts big blind $0.05
*** HOLE CARDS ***
Dealt to HubertusB [As Ac]
falcao991: folds 
smoot21: raises $0.12 to $0.17
QuadsOff: folds 
deltanueve: folds 
HubertusB: raises $0.39 to $0.56
Kruzer20: folds 
smoot21: calls $0.39
*** FLOP *** [9s 8h 9h]
HubertusB: bets $0.90
smoot21: calls $0.90
*** TURN *** [9s 8h 9h] [Kd]
HubertusB: bets $2.28
smoot21: folds 
Uncalled bet ($2.28) returned to HubertusB
HubertusB collected $2.85 from pot
HubertusB: doesn't show hand 
*** SUMMARY ***
Total pot $2.97 | Rake $0.12 
Board [9s 8h 9h Kd]
Seat 1: deltanueve (button) folded before Flop (didn't bet)
Seat 2: HubertusB (small blind) collected ($2.85)
Seat 3: Kruzer20 (big blind) folded before Flop
Seat 4: falcao991 folded before Flop (didn't bet)
Seat 5: smoot21 folded on the Turn
Seat 6: QuadsOff folded before Flop (didn't bet)



PokerStars Zoom Hand #186691683312:  Hold'em No Limit ($0.02/$0.05) - 2018/05/21 23:21:15 CCT [2018/05/21 11:21:15 ET]
Table 'Donati' 6-max Seat #1 is the button
Seat 1: eltorinio ($7.32 in chips) 
Seat 2: mopsrenat ($1.20 in chips) 
Seat 3: HubertusB ($6.45 in chips) 
Seat 4: maltrine ($5.88 in chips) 
Seat 5: kokocc ($5.14 in chips) 
Seat 6: kranovoy22 ($6.57 in chips) 
mopsrenat: posts small blind $0.02
HubertusB: posts big blind $0.05
*** HOLE CARDS ***
Dealt to HubertusB [Jd 6s]
maltrine: folds 
kokocc: folds 
kranovoy22: raises $0.07 to $0.12
eltorinio: calls $0.12
mopsrenat: calls $0.10
HubertusB: folds 
*** FLOP *** [3d 7c 3s]
mopsrenat: checks 
kranovoy22: bets $0.18
eltorinio: calls $0.18
mopsrenat: folds 
*** TURN *** [3d 7c 3s] [7h]
kranovoy22: checks 
eltorinio: bets $0.24
kranovoy22: folds 
Uncalled bet ($0.24) returned to eltorinio
eltorinio collected $0.74 from pot
eltorinio: doesn't show hand 
*** SUMMARY ***
Total pot $0.77 | Rake $0.03 
Board [3d 7c 3s 7h]
Seat 1: eltorinio (button) collected ($0.74)
Seat 2: mopsrenat (small blind) folded on the Flop
Seat 3: HubertusB (big blind) folded before Flop
Seat 4: maltrine folded before Flop (didn't bet)
Seat 5: kokocc folded before Flop (didn't bet)
Seat 6: kranovoy22 folded on the Turn



PokerStars Zoom Hand #186691688986:  Hold'em No Limit ($0.02/$0.05) - 2018/05/21 23:21:25 CCT [2018/05/21 11:21:25 ET]
Table 'Donati' 6-max Seat #1 is the button
Seat 1: SunTzu v.2.0 ($6.65 in chips) 
Seat 2: Ilikefossil ($5 in chips) 
Seat 3: saha198777 ($9.94 in chips) 
Seat 4: HubertusB ($6.40 in chips) 
Seat 5: pashqadk ($5 in chips) 
Seat 6: tpk0813 ($4.79 in chips) 
Ilikefossil: posts small blind $0.02
saha198777: posts big blind $0.05
*** HOLE CARDS ***
Dealt to HubertusB [Ah Kh]
HubertusB: raises $0.10 to $0.15
pashqadk: folds 
tpk0813: folds 
SunTzu v.2.0: calls $0.15
Ilikefossil: folds 
saha198777: calls $0.10
*** FLOP *** [Qd 7h Ts]
saha198777: checks 
HubertusB: checks 
SunTzu v.2.0: checks 
*** TURN *** [Qd 7h Ts] [Kd]
saha198777: checks 
HubertusB: bets $0.36
SunTzu v.2.0: folds 
saha198777: folds 
Uncalled bet ($0.36) returned to HubertusB
HubertusB collected $0.45 from pot
HubertusB: doesn't show hand 
*** SUMMARY ***
Total pot $0.47 | Rake $0.02 
Board [Qd 7h Ts Kd]
Seat 1: SunTzu v.2.0 (button) folded on the Turn
Seat 2: Ilikefossil (small blind) folded before Flop
Seat 3: saha198777 (big blind) folded on the Turn
Seat 4: HubertusB collected ($0.45)
Seat 5: pashqadk folded before Flop (didn't bet)
Seat 6: tpk0813 folded before Flop (didn't bet)



PokerStars Zoom Hand #186691729717:  Hold'em No Limit ($0.02/$0.05) - 2018/05/21 23:22:37 CCT [2018/05/21 11:22:37 ET]
Table 'Donati' 6-max Seat #1 is the button
Seat 1: HubertusB ($6.68 in chips) 
Seat 2: xiazhen ($5.30 in chips) 
Seat 3: Vilzivul ($5.39 in chips) 
Seat 4: vladimir piter ($6.19 in chips) 
Seat 5: xerocross ($10.86 in chips) 
Seat 6: ProjetRed ($12.47 in chips) 
xiazhen: posts small blind $0.02
Vilzivul: posts big blind $0.05
*** HOLE CARDS ***
Dealt to HubertusB [Th 2h]
vladimir piter: folds 
xerocross: folds 
ProjetRed: raises $0.08 to $0.13
HubertusB: folds 
xiazhen: folds 
Vilzivul: folds 
Uncalled bet ($0.08) returned to ProjetRed
ProjetRed collected $0.12 from pot
ProjetRed: doesn't show hand 
*** SUMMARY ***
Total pot $0.12 | Rake $0 
Seat 1: HubertusB (button) folded before Flop (didn't bet)
Seat 2: xiazhen (small blind) folded before Flop
Seat 3: Vilzivul (big blind) folded before Flop
Seat 4: vladimir piter folded before Flop (didn't bet)
Seat 5: xerocross folded before Flop (didn't bet)
Seat 6: ProjetRed collected ($0.12)



PokerStars Zoom Hand #186691737161:  Hold'em No Limit ($0.02/$0.05) - 2018/05/21 23:22:50 CCT [2018/05/21 11:22:50 ET]
Table 'Donati' 6-max Seat #1 is the button
Seat 1: HubertusB ($6.68 in chips) 
Seat 2: Ilikefossil ($5.12 in chips) 
Seat 3: BuBBleBoy548 ($5 in chips) 
Seat 4: Derter25 ($12.04 in chips) 
Seat 5: 00-db ($2.65 in chips) 
Seat 6: someep1ck ($5.66 in chips) 
Ilikefossil: posts small blind $0.02
BuBBleBoy548: posts big blind $0.05
*** HOLE CARDS ***
Dealt to HubertusB [3d 8s]
Derter25: folds 
00-db: folds 
someep1ck: folds 
HubertusB: folds 
Ilikefossil: folds 
Uncalled bet ($0.03) returned to BuBBleBoy548
BuBBleBoy548 collected $0.04 from pot
BuBBleBoy548: doesn't show hand 
*** SUMMARY ***
Total pot $0.04 | Rake $0 
Seat 1: HubertusB (button) folded before Flop (didn't bet)
Seat 2: Ilikefossil (small blind) folded before Flop
Seat 3: BuBBleBoy548 (big blind) collected ($0.04)
Seat 4: Derter25 folded before Flop (didn't bet)
Seat 5: 00-db folded before Flop (didn't bet)
Seat 6: someep1ck folded before Flop (didn't bet)



PokerStars Zoom Hand #186691734277:  Hold'em No Limit ($0.02/$0.05) - 2018/05/21 23:22:45 CCT [2018/05/21 11:22:45 ET]
Table 'Donati' 6-max Seat #1 is the button
Seat 1: pk_yo_bro ($6.73 in chips) 
Seat 2: poshla_nazuy ($4.75 in chips) 
Seat 3: minsala87 ($2.07 in chips) 
Seat 4: @moromin ($5.07 in chips) 
Seat 5: FooRawr ($11.73 in chips) 
Seat 6: HubertusB ($6.68 in chips) 
poshla_nazuy: posts small blind $0.02
minsala87: posts big blind $0.05
*** HOLE CARDS ***
Dealt to HubertusB [6d 2c]
@moromin: folds 
FooRawr: folds 
HubertusB: folds 
pk_yo_bro: folds 
poshla_nazuy: raises $0.07 to $0.12
minsala87: calls $0.07
*** FLOP *** [Ad 3d 3c]
poshla_nazuy: checks 
minsala87: bets $0.12
poshla_nazuy: folds 
Uncalled bet ($0.12) returned to minsala87
minsala87 collected $0.23 from pot
minsala87: doesn't show hand 
*** SUMMARY ***
Total pot $0.24 | Rake $0.01 
Board [Ad 3d 3c]
Seat 1: pk_yo_bro (button) folded before Flop (didn't bet)
Seat 2: poshla_nazuy (small blind) folded on the Flop
Seat 3: minsala87 (big blind) collected ($0.23)
Seat 4: @moromin folded before Flop (didn't bet)
Seat 5: FooRawr folded before Flop (didn't bet)
Seat 6: HubertusB folded before Flop (didn't bet)



PokerStars Zoom Hand #186691726288:  Hold'em No Limit ($0.02/$0.05) - 2018/05/21 23:22:31 CCT [2018/05/21 11:22:31 ET]
Table 'Donati' 6-max Seat #1 is the button
Seat 1: Oscar__62176 ($5 in chips) 
Seat 2: HubertusB ($6.70 in chips) 
Seat 3: selko1 ($8.30 in chips) 
Seat 4: xerocross ($10.86 in chips) 
Seat 5: crawerman ($8.32 in chips) 
Seat 6: Rubilacza ($6.13 in chips) 
HubertusB: posts small blind $0.02
selko1: posts big blind $0.05
*** HOLE CARDS ***
Dealt to HubertusB [Ts 8c]
xerocross: folds 
crawerman: folds 
Rubilacza: folds 
Oscar__62176: raises $0.05 to $0.10
HubertusB: folds 
selko1: raises $0.25 to $0.35
Oscar__62176: calls $0.25
*** FLOP *** [Ks Th 2h]
selko1: bets $0.45
Oscar__62176: calls $0.45
*** TURN *** [Ks Th 2h] [As]
selko1: bets $0.85
Oscar__62176: calls $0.85
*** RIVER *** [Ks Th 2h As] [6c]
selko1: bets $1.15
Oscar__62176: folds 
Uncalled bet ($1.15) returned to selko1
selko1 collected $3.18 from pot
selko1: doesn't show hand 
*** SUMMARY ***
Total pot $3.32 | Rake $0.14 
Board [Ks Th 2h As 6c]
Seat 1: Oscar__62176 (button) folded on the River
Seat 2: HubertusB (small blind) folded before Flop
Seat 3: selko1 (big blind) collected ($3.18)
Seat 4: xerocross folded before Flop (didn't bet)
Seat 5: crawerman folded before Flop (didn't bet)
Seat 6: Rubilacza folded before Flop (didn't bet)



PokerStars Zoom Hand #186691751372:  Hold'em No Limit ($0.02/$0.05) - 2018/05/21 23:23:15 CCT [2018/05/21 11:23:15 ET]
Table 'Donati' 6-max Seat #1 is the button
Seat 1: qd2008hao ($4.75 in chips) 
Seat 2: Nambert ($5 in chips) 
Seat 3: xiazhen ($4.90 in chips) 
Seat 4: HubertusB ($6.63 in chips) 
Seat 5: born8sleepy ($5.90 in chips) 
Seat 6: yumeko0001 ($5.50 in chips) 
Nambert: posts small blind $0.02
xiazhen: posts big blind $0.05
*** HOLE CARDS ***
Dealt to HubertusB [Jd 7d]
HubertusB: folds 
born8sleepy: folds 
yumeko0001: folds 
qd2008hao: folds 
Nambert: folds 
Uncalled bet ($0.03) returned to xiazhen
xiazhen collected $0.04 from pot
xiazhen: doesn't show hand 
*** SUMMARY ***
Total pot $0.04 | Rake $0 
Seat 1: qd2008hao (button) folded before Flop (didn't bet)
Seat 2: Nambert (small blind) folded before Flop
Seat 3: xiazhen (big blind) collected ($0.04)
Seat 4: HubertusB folded before Flop (didn't bet)
Seat 5: born8sleepy folded before Flop (didn't bet)
Seat 6: yumeko0001 folded before Flop (didn't bet)



PokerStars Zoom Hand #186691754754:  Hold'em No Limit ($0.02/$0.05) - 2018/05/21 23:23:21 CCT [2018/05/21 11:23:21 ET]
Table 'Donati' 6-max Seat #1 is the button
Seat 1: M4il4o ($5.59 in chips) 
Seat 2: awekisa ($5 in chips) 
Seat 3: wwgww ($6.97 in chips) 
Seat 4: maxgild85 ($5 in chips) 
Seat 5: Anusnimus ($4.88 in chips) 
Seat 6: HubertusB ($6.63 in chips) 
awekisa: posts small blind $0.02
wwgww: posts big blind $0.05
*** HOLE CARDS ***
Dealt to HubertusB [2h 4d]
maxgild85: folds 
Anusnimus: folds 
HubertusB: folds 
M4il4o: raises $0.07 to $0.12
awekisa: folds 
wwgww: folds 
Uncalled bet ($0.07) returned to M4il4o
M4il4o collected $0.12 from pot
M4il4o: doesn't show hand 
*** SUMMARY ***
Total pot $0.12 | Rake $0 
Seat 1: M4il4o (button) collected ($0.12)
Seat 2: awekisa (small blind) folded before Flop
Seat 3: wwgww (big blind) folded before Flop
Seat 4: maxgild85 folded before Flop (didn't bet)
Seat 5: Anusnimus folded before Flop (didn't bet)
Seat 6: HubertusB folded before Flop (didn't bet)



PokerStars Zoom Hand #186691747940:  Hold'em No Limit ($0.02/$0.05) - 2018/05/21 23:23:09 CCT [2018/05/21 11:23:09 ET]
Table 'Donati' 6-max Seat #1 is the button
Seat 1: 1blanqueanu1 ($5.80 in chips) 
Seat 2: TheFibonachi ($1.92 in chips) 
Seat 3: GabrielCH88 ($5.75 in chips) 
Seat 4: HubertusB ($6.63 in chips) 
Seat 5: Vilzivul ($5.65 in chips) 
Seat 6: marcioadrs ($5.50 in chips) 
TheFibonachi: posts small blind $0.02
GabrielCH88: posts big blind $0.05
*** HOLE CARDS ***
Dealt to HubertusB [4s 9s]
HubertusB: folds 
Vilzivul: folds 
marcioadrs: raises $0.10 to $0.15
1blanqueanu1: folds 
TheFibonachi: folds 
GabrielCH88: raises $0.30 to $0.45
marcioadrs: calls $0.30
*** FLOP *** [5h 3h Td]
GabrielCH88: checks 
marcioadrs: checks 
*** TURN *** [5h 3h Td] [Ts]
GabrielCH88: bets $0.44
marcioadrs: folds 
Uncalled bet ($0.44) returned to GabrielCH88
GabrielCH88 collected $0.88 from pot
GabrielCH88: doesn't show hand 
*** SUMMARY ***
Total pot $0.92 | Rake $0.04 
Board [5h 3h Td Ts]
Seat 1: 1blanqueanu1 (button) folded before Flop (didn't bet)
Seat 2: TheFibonachi (small blind) folded before Flop
Seat 3: GabrielCH88 (big blind) collected ($0.88)
Seat 4: HubertusB folded before Flop (didn't bet)
Seat 5: Vilzivul folded before Flop (didn't bet)
Seat 6: marcioadrs folded on the Turn



PokerStars Zoom Hand #186691757634:  Hold'em No Limit ($0.02/$0.05) - 2018/05/21 23:23:26 CCT [2018/05/21 11:23:26 ET]
Table 'Donati' 6-max Seat #1 is the button
Seat 1: deltanueve ($4.61 in chips) 
Seat 2: HubertusB ($6.63 in chips) 
Seat 3: MJJJJJJJJJJJ ($11.09 in chips) 
Seat 4: mggL89 ($3.55 in chips) 
Seat 5: yumeko0001 ($5.50 in chips) 
Seat 6: flyingwoodz ($6.28 in chips) 
HubertusB: posts small blind $0.02
MJJJJJJJJJJJ: posts big blind $0.05
*** HOLE CARDS ***
Dealt to HubertusB [As 9c]
mggL89: folds 
yumeko0001: folds 
flyingwoodz: folds 
deltanueve: folds 
HubertusB: raises $0.07 to $0.12
MJJJJJJJJJJJ: calls $0.07
*** FLOP *** [9s 8s Ad]
HubertusB: bets $0.18
MJJJJJJJJJJJ: folds 
Uncalled bet ($0.18) returned to HubertusB
HubertusB collected $0.23 from pot
HubertusB: doesn't show hand 
*** SUMMARY ***
Total pot $0.24 | Rake $0.01 
Board [9s 8s Ad]
Seat 1: deltanueve (button) folded before Flop (didn't bet)
Seat 2: HubertusB (small blind) collected ($0.23)
Seat 3: MJJJJJJJJJJJ (big blind) folded on the Flop
Seat 4: mggL89 folded before Flop (didn't bet)
Seat 5: yumeko0001 folded before Flop (didn't bet)
Seat 6: flyingwoodz folded before Flop (didn't bet)



PokerStars Zoom Hand #186691740003:  Hold'em No Limit ($0.02/$0.05) - 2018/05/21 23:22:55 CCT [2018/05/21 11:22:55 ET]
Table 'Donati' 6-max Seat #1 is the button
Seat 1: Zheka-Alaei ($5.19 in chips) 
Seat 2: bonsaiooo ($9.13 in chips) 
Seat 3: HubertusB ($6.68 in chips) 
Seat 4: Derter25 ($12.04 in chips) 
Seat 5: rizotto ($6.28 in chips) 
Seat 6: barbos2009 ($5.91 in chips) 
bonsaiooo: posts small blind $0.02
HubertusB: posts big blind $0.05
*** HOLE CARDS ***
Dealt to HubertusB [3s 2s]
Derter25: raises $0.10 to $0.15
rizotto: calls $0.15
barbos2009: folds 
Zheka-Alaei: folds 
bonsaiooo: folds 
HubertusB: folds 
*** FLOP *** [6c 7d 8h]
Derter25: bets $0.18
rizotto: calls $0.18
*** TURN *** [6c 7d 8h] [Qh]
Derter25: bets $0.35
rizotto: calls $0.35
*** RIVER *** [6c 7d 8h Qh] [5c]
Derter25: checks 
rizotto: checks 
*** SHOW DOWN ***
Derter25: shows [4s 4h] (a straight, Four to Eight)
rizotto: mucks hand 
Derter25 collected $1.37 from pot
*** SUMMARY ***
Total pot $1.43 | Rake $0.06 
Board [6c 7d 8h Qh 5c]
Seat 1: Zheka-Alaei (button) folded before Flop (didn't bet)
Seat 2: bonsaiooo (small blind) folded before Flop
Seat 3: HubertusB (big blind) folded before Flop
Seat 4: Derter25 showed [4s 4h] and won ($1.37) with a straight, Four to Eight
Seat 5: rizotto mucked [8d Td]
Seat 6: barbos2009 folded before Flop (didn't bet)



PokerStars Zoom Hand #186691745100:  Hold'em No Limit ($0.02/$0.05) - 2018/05/21 23:23:04 CCT [2018/05/21 11:23:04 ET]
Table 'Donati' 6-max Seat #1 is the button
Seat 1: ABTOMAT ($4.82 in chips) 
Seat 2: MoreRakePls1 ($5.44 in chips) 
Seat 3: falcao991 ($4.98 in chips) 
Seat 4: Vilzivul ($5.65 in chips) 
Seat 5: HubertusB ($6.63 in chips) 
Seat 6: crawerman ($9.65 in chips) 
MoreRakePls1: posts small blind $0.02
falcao991: posts big blind $0.05
*** HOLE CARDS ***
Dealt to HubertusB [5c Kc]
Vilzivul: folds 
HubertusB: folds 
crawerman: folds 
ABTOMAT: raises $0.07 to $0.12
MoreRakePls1: folds 
falcao991: calls $0.07
*** FLOP *** [4s Ah 7s]
falcao991: checks 
ABTOMAT: bets $0.13
falcao991: calls $0.13
*** TURN *** [4s Ah 7s] [6c]
falcao991: checks 
ABTOMAT: bets $0.33
falcao991: raises $0.67 to $1
ABTOMAT: calls $0.67
*** RIVER *** [4s Ah 7s 6c] [Qc]
falcao991: checks 
ABTOMAT: checks 
*** SHOW DOWN ***
falcao991: shows [5h 4h] (a pair of Fours)
ABTOMAT: shows [As 6d] (two pair, Aces and Sixes)
ABTOMAT collected $2.42 from pot
*** SUMMARY ***
Total pot $2.52 | Rake $0.10 
Board [4s Ah 7s 6c Qc]
Seat 1: ABTOMAT (button) showed [As 6d] and won ($2.42) with two pair, Aces and Sixes
Seat 2: MoreRakePls1 (small blind) folded before Flop
Seat 3: falcao991 (big blind) showed [5h 4h] and lost with a pair of Fours
Seat 4: Vilzivul folded before Flop (didn't bet)
Seat 5: HubertusB folded before Flop (didn't bet)
Seat 6: crawerman folded before Flop (didn't bet)



PokerStars Zoom Hand #186691774508:  Hold'em No Limit ($0.02/$0.05) - 2018/05/21 23:23:56 CCT [2018/05/21 11:23:56 ET]
Table 'Donati' 6-max Seat #1 is the button
Seat 1: belmain.by ($4.79 in chips) 
Seat 2: Mosambo ($5.99 in chips) 
Seat 3: FelixZyl ($5.45 in chips) 
Seat 4: HyJyRH ($4.98 in chips) 
Seat 5: HubertusB ($6.74 in chips) 
Seat 6: Tökibéka ($2.38 in chips) 
Mosambo: posts small blind $0.02
FelixZyl: posts big blind $0.05
*** HOLE CARDS ***
Dealt to HubertusB [3d 4s]
HyJyRH: raises $0.10 to $0.15
HubertusB: folds 
Tökibéka: folds 
belmain.by: folds 
Mosambo: folds 
FelixZyl: folds 
Uncalled bet ($0.10) returned to HyJyRH
HyJyRH collected $0.12 from pot
HyJyRH: doesn't show hand 
*** SUMMARY ***
Total pot $0.12 | Rake $0 
Seat 1: belmain.by (button) folded before Flop (didn't bet)
Seat 2: Mosambo (small blind) folded before Flop
Seat 3: FelixZyl (big blind) folded before Flop
Seat 4: HyJyRH collected ($0.12)
Seat 5: HubertusB folded before Flop (didn't bet)
Seat 6: Tökibéka folded before Flop (didn't bet)



PokerStars Zoom Hand #186691781815:  Hold'em No Limit ($0.02/$0.05) - 2018/05/21 23:24:09 CCT [2018/05/21 11:24:09 ET]
Table 'Donati' 6-max Seat #1 is the button
Seat 1: falcao991 ($5 in chips) 
Seat 2: HubertusB ($6.69 in chips) 
Seat 3: WEIPEI1 ($5.19 in chips) 
Seat 4: Royal Opal ($6.44 in chips) 
Seat 5: all4goodlife ($3.09 in chips) 
Seat 6: 5__Heater__1 ($4.76 in chips) 
HubertusB: posts small blind $0.02
WEIPEI1: posts big blind $0.05
*** HOLE CARDS ***
Dealt to HubertusB [2d 9h]
Royal Opal: folds 
all4goodlife: folds 
5__Heater__1: folds 
falcao991: folds 
HubertusB: folds 
Uncalled bet ($0.03) returned to WEIPEI1
WEIPEI1 collected $0.04 from pot
WEIPEI1: doesn't show hand 
*** SUMMARY ***
Total pot $0.04 | Rake $0 
Seat 1: falcao991 (button) folded before Flop (didn't bet)
Seat 2: HubertusB (small blind) folded before Flop
Seat 3: WEIPEI1 (big blind) collected ($0.04)
Seat 4: Royal Opal folded before Flop (didn't bet)
Seat 5: all4goodlife folded before Flop (didn't bet)
Seat 6: 5__Heater__1 folded before Flop (didn't bet)



PokerStars Zoom Hand #186691784523:  Hold'em No Limit ($0.02/$0.05) - 2018/05/21 23:24:14 CCT [2018/05/21 11:24:14 ET]
Table 'Donati' 6-max Seat #1 is the button
Seat 1: HubertusB ($6.67 in chips) 
Seat 2: TiagoShow23 ($4.76 in chips) 
Seat 3: lilteBig ($2.24 in chips) 
Seat 4: Mara2703 ($5 in chips) 
Seat 5: MSKLucky007 ($5 in chips) 
Seat 6: Makaap ($7.24 in chips) 
TiagoShow23: posts small blind $0.02
lilteBig: posts big blind $0.05
*** HOLE CARDS ***
Dealt to HubertusB [Jd 5c]
Mara2703: folds 
MSKLucky007: folds 
Makaap: folds 
HubertusB: folds 
TiagoShow23: folds 
Uncalled bet ($0.03) returned to lilteBig
lilteBig collected $0.04 from pot
lilteBig: doesn't show hand 
*** SUMMARY ***
Total pot $0.04 | Rake $0 
Seat 1: HubertusB (button) folded before Flop (didn't bet)
Seat 2: TiagoShow23 (small blind) folded before Flop
Seat 3: lilteBig (big blind) collected ($0.04)
Seat 4: Mara2703 folded before Flop (didn't bet)
Seat 5: MSKLucky007 folded before Flop (didn't bet)
Seat 6: Makaap folded before Flop (didn't bet)



PokerStars Zoom Hand #186691787263:  Hold'em No Limit ($0.02/$0.05) - 2018/05/21 23:24:19 CCT [2018/05/21 11:24:19 ET]
Table 'Donati' 6-max Seat #1 is the button
Seat 1: OoShooked ($5.68 in chips) 
Seat 2: antonull ($4.72 in chips) 
Seat 3: AleksandarMi ($5.10 in chips) 
Seat 4: tim.y.ng ($4.29 in chips) 
Seat 5: SunTzu v.2.0 ($11.50 in chips) 
Seat 6: HubertusB ($6.67 in chips) 
antonull: posts small blind $0.02
AleksandarMi: posts big blind $0.05
*** HOLE CARDS ***
Dealt to HubertusB [7c 8s]
tim.y.ng: raises $0.10 to $0.15
SunTzu v.2.0: folds 
HubertusB: folds 
OoShooked: folds 
antonull: folds 
AleksandarMi: folds 
Uncalled bet ($0.10) returned to tim.y.ng
tim.y.ng collected $0.12 from pot
tim.y.ng: doesn't show hand 
*** SUMMARY ***
Total pot $0.12 | Rake $0 
Seat 1: OoShooked (button) folded before Flop (didn't bet)
Seat 2: antonull (small blind) folded before Flop
Seat 3: AleksandarMi (big blind) folded before Flop
Seat 4: tim.y.ng collected ($0.12)
Seat 5: SunTzu v.2.0 folded before Flop (didn't bet)
Seat 6: HubertusB folded before Flop (didn't bet)



PokerStars Zoom Hand #186691793840:  Hold'em No Limit ($0.02/$0.05) - 2018/05/21 23:24:31 CCT [2018/05/21 11:24:31 ET]
Table 'Donati' 6-max Seat #1 is the button
Seat 1: SunTzu v.2.0 ($11.48 in chips) 
Seat 2: xiazhen ($4.38 in chips) 
Seat 3: HubertusB ($6.67 in chips) 
Seat 4: eltorinio ($7.15 in chips) 
Seat 5: NMB1103 ($3.94 in chips) 
Seat 6: EduardoR9' ($3.61 in chips) 
xiazhen: posts small blind $0.02
HubertusB: posts big blind $0.05
*** HOLE CARDS ***
Dealt to HubertusB [7h 4s]
eltorinio: folds 
NMB1103: folds 
EduardoR9': raises $0.10 to $0.15
SunTzu v.2.0: folds 
xiazhen: folds 
HubertusB: folds 
Uncalled bet ($0.10) returned to EduardoR9'
EduardoR9' collected $0.12 from pot
EduardoR9': doesn't show hand 
*** SUMMARY ***
Total pot $0.12 | Rake $0 
Seat 1: SunTzu v.2.0 (button) folded before Flop (didn't bet)
Seat 2: xiazhen (small blind) folded before Flop
Seat 3: HubertusB (big blind) folded before Flop
Seat 4: eltorinio folded before Flop (didn't bet)
Seat 5: NMB1103 folded before Flop (didn't bet)
Seat 6: EduardoR9' collected ($0.12)



PokerStars Zoom Hand #186691790563:  Hold'em No Limit ($0.02/$0.05) - 2018/05/21 23:24:25 CCT [2018/05/21 11:24:25 ET]
Table 'Donati' 6-max Seat #1 is the button
Seat 1: WEIPEI1 ($5.12 in chips) 
Seat 2: daco111 ($3.96 in chips) 
Seat 3: value_ftw ($5.72 in chips) 
Seat 4: kamilson66 ($5.26 in chips) 
Seat 5: HubertusB ($6.67 in chips) 
Seat 6: geniyne84 ($4.93 in chips) 
daco111: posts small blind $0.02
value_ftw: posts big blind $0.05
*** HOLE CARDS ***
Dealt to HubertusB [Qd 4c]
kamilson66: folds 
HubertusB: folds 
geniyne84: folds 
WEIPEI1: raises $0.10 to $0.15
daco111: folds 
value_ftw: folds 
Uncalled bet ($0.10) returned to WEIPEI1
WEIPEI1 collected $0.12 from pot
WEIPEI1: doesn't show hand 
*** SUMMARY ***
Total pot $0.12 | Rake $0 
Seat 1: WEIPEI1 (button) collected ($0.12)
Seat 2: daco111 (small blind) folded before Flop
Seat 3: value_ftw (big blind) folded before Flop
Seat 4: kamilson66 folded before Flop (didn't bet)
Seat 5: HubertusB folded before Flop (didn't bet)
Seat 6: geniyne84 folded before Flop (didn't bet)



