PokerStars Zoom Hand #186687436008:  Hold'em No Limit ($0.02/$0.05) - 2018/05/21 21:00:54 CCT [2018/05/21 9:00:54 ET]
Table 'Donati' 6-max Seat #1 is the button
Seat 1: XXXiao ($11.61 in chips) 
Seat 2: spamec ($10.10 in chips) 
Seat 3: HubertusB ($5 in chips) 
Seat 4: esycall ($5.89 in chips) 
Seat 5: shogi17 ($7.59 in chips) 
Seat 6: KIT426 ($2.28 in chips) 
spamec: posts small blind $0.02
HubertusB: posts big blind $0.05
*** HOLE CARDS ***
Dealt to HubertusB [9h 7h]
esycall: folds 
shogi17: folds 
KIT426: raises $0.12 to $0.17
XXXiao: folds 
spamec: folds 
HubertusB: folds 
Uncalled bet ($0.12) returned to KIT426
KIT426 collected $0.12 from pot
KIT426: doesn't show hand 
*** SUMMARY ***
Total pot $0.12 | Rake $0 
Seat 1: XXXiao (button) folded before Flop (didn't bet)
Seat 2: spamec (small blind) folded before Flop
Seat 3: HubertusB (big blind) folded before Flop
Seat 4: esycall folded before Flop (didn't bet)
Seat 5: shogi17 folded before Flop (didn't bet)
Seat 6: KIT426 collected ($0.12)



PokerStars Zoom Hand #186687443067:  Hold'em No Limit ($0.02/$0.05) - 2018/05/21 21:01:10 CCT [2018/05/21 9:01:10 ET]
Table 'Donati' 6-max Seat #1 is the button
Seat 1: HubertusB ($4.93 in chips) 
Seat 2: epyj1231 ($5 in chips) 
Seat 3: xiazhen ($5.52 in chips) 
Seat 4: Stathemas ($3.24 in chips) 
Seat 5: 720gramm ($4.63 in chips) 
Seat 6: Reece1985 ($3.52 in chips) 
epyj1231: posts small blind $0.02
xiazhen: posts big blind $0.05
*** HOLE CARDS ***
Dealt to HubertusB [9c 5d]
Stathemas: folds 
720gramm: folds 
Reece1985: folds 
HubertusB: folds 
epyj1231: raises $0.07 to $0.12
xiazhen: raises $0.18 to $0.30
epyj1231: folds 
Uncalled bet ($0.18) returned to xiazhen
xiazhen collected $0.24 from pot
xiazhen: doesn't show hand 
*** SUMMARY ***
Total pot $0.24 | Rake $0 
Seat 1: HubertusB (button) folded before Flop (didn't bet)
Seat 2: epyj1231 (small blind) folded before Flop
Seat 3: xiazhen (big blind) collected ($0.24)
Seat 4: Stathemas folded before Flop (didn't bet)
Seat 5: 720gramm folded before Flop (didn't bet)
Seat 6: Reece1985 folded before Flop (didn't bet)



PokerStars Zoom Hand #186687448882:  Hold'em No Limit ($0.02/$0.05) - 2018/05/21 21:01:23 CCT [2018/05/21 9:01:23 ET]
Table 'Donati' 6-max Seat #1 is the button
Seat 1: Mr. Roquim ($5.34 in chips) 
Seat 2: bildyev33Rus ($2.04 in chips) 
Seat 3: Nazar90 ($7.65 in chips) 
Seat 4: HubertusB ($4.93 in chips) 
Seat 5: XXXiao ($18.41 in chips) 
Seat 6: pointout91 ($5 in chips) 
bildyev33Rus: posts small blind $0.02
Nazar90: posts big blind $0.05
*** HOLE CARDS ***
Dealt to HubertusB [Qh Js]
HubertusB: folds 
XXXiao: folds 
pointout91: raises $0.10 to $0.15
Mr. Roquim: folds 
bildyev33Rus: folds 
Nazar90: calls $0.10
*** FLOP *** [Kc 3d 4h]
Nazar90: checks 
pointout91: checks 
*** TURN *** [Kc 3d 4h] [Tc]
Nazar90: bets $0.20
pointout91: folds 
Uncalled bet ($0.20) returned to Nazar90
Nazar90 collected $0.31 from pot
Nazar90: doesn't show hand 
*** SUMMARY ***
Total pot $0.32 | Rake $0.01 
Board [Kc 3d 4h Tc]
Seat 1: Mr. Roquim (button) folded before Flop (didn't bet)
Seat 2: bildyev33Rus (small blind) folded before Flop
Seat 3: Nazar90 (big blind) collected ($0.31)
Seat 4: HubertusB folded before Flop (didn't bet)
Seat 5: XXXiao folded before Flop (didn't bet)
Seat 6: pointout91 folded on the Turn



PokerStars Zoom Hand #186687440424:  Hold'em No Limit ($0.02/$0.05) - 2018/05/21 21:01:04 CCT [2018/05/21 9:01:04 ET]
Table 'Donati' 6-max Seat #1 is the button
Seat 1: Gigike2222 ($10.31 in chips) 
Seat 2: HubertusB ($4.95 in chips) 
Seat 3: GabrielCH88 ($5 in chips) 
Seat 4: whitewhisper ($12.88 in chips) 
Seat 5: Ruabe ($5.05 in chips) 
Seat 6: KostasGR95 ($8.13 in chips) 
HubertusB: posts small blind $0.02
GabrielCH88: posts big blind $0.05
*** HOLE CARDS ***
Dealt to HubertusB [9c 4d]
whitewhisper: folds 
Ruabe: raises $0.10 to $0.15
KostasGR95: calls $0.15
Gigike2222: folds 
HubertusB: folds 
GabrielCH88: folds 
*** FLOP *** [8d 7c Kh]
Ruabe: bets $0.23
KostasGR95: calls $0.23
*** TURN *** [8d 7c Kh] [5h]
Ruabe: checks 
KostasGR95: bets $0.75
Ruabe: folds 
Uncalled bet ($0.75) returned to KostasGR95
KostasGR95 collected $0.80 from pot
KostasGR95: doesn't show hand 
*** SUMMARY ***
Total pot $0.83 | Rake $0.03 
Board [8d 7c Kh 5h]
Seat 1: Gigike2222 (button) folded before Flop (didn't bet)
Seat 2: HubertusB (small blind) folded before Flop
Seat 3: GabrielCH88 (big blind) folded before Flop
Seat 4: whitewhisper folded before Flop (didn't bet)
Seat 5: Ruabe folded on the Turn
Seat 6: KostasGR95 collected ($0.80)



PokerStars Zoom Hand #186687453771:  Hold'em No Limit ($0.02/$0.05) - 2018/05/21 21:01:34 CCT [2018/05/21 9:01:34 ET]
Table 'Donati' 6-max Seat #1 is the button
Seat 1: ferbasi team ($4.45 in chips) 
Seat 2: Ovcharovas ($6.68 in chips) 
Seat 3: HubertusB ($4.93 in chips) 
Seat 4: BoSs00 ($3.15 in chips) 
Seat 5: Dmigri ($5.29 in chips) 
Seat 6: r4ulz1n ($6.52 in chips) 
Ovcharovas: posts small blind $0.02
HubertusB: posts big blind $0.05
*** HOLE CARDS ***
Dealt to HubertusB [Ad 3c]
BoSs00: folds 
Dmigri: folds 
r4ulz1n: folds 
ferbasi team: raises $0.10 to $0.15
Ovcharovas: folds 
HubertusB: folds 
Uncalled bet ($0.10) returned to ferbasi team
ferbasi team collected $0.12 from pot
ferbasi team: doesn't show hand 
*** SUMMARY ***
Total pot $0.12 | Rake $0 
Seat 1: ferbasi team (button) collected ($0.12)
Seat 2: Ovcharovas (small blind) folded before Flop
Seat 3: HubertusB (big blind) folded before Flop
Seat 4: BoSs00 folded before Flop (didn't bet)
Seat 5: Dmigri folded before Flop (didn't bet)
Seat 6: r4ulz1n folded before Flop (didn't bet)



PokerStars Zoom Hand #186687446096:  Hold'em No Limit ($0.02/$0.05) - 2018/05/21 21:01:17 CCT [2018/05/21 9:01:17 ET]
Table 'Donati' 6-max Seat #1 is the button
Seat 1: MaybeMayday ($7.54 in chips) 
Seat 2: Mr. Roquim ($5.36 in chips) 
Seat 3: kaminskiPL ($4.42 in chips) 
Seat 4: volodarv ($4.63 in chips) 
Seat 5: luka1981good ($5.11 in chips) 
Seat 6: HubertusB ($4.93 in chips) 
Mr. Roquim: posts small blind $0.02
kaminskiPL: posts big blind $0.05
*** HOLE CARDS ***
Dealt to HubertusB [3d 7d]
volodarv: raises $0.10 to $0.15
luka1981good: calls $0.15
HubertusB: folds 
MaybeMayday: folds 
Mr. Roquim: folds 
kaminskiPL: folds 
*** FLOP *** [6d 9d 6h]
volodarv: bets $0.18
luka1981good: calls $0.18
*** TURN *** [6d 9d 6h] [2c]
volodarv: bets $0.45
luka1981good: calls $0.45
*** RIVER *** [6d 9d 6h 2c] [Td]
volodarv: bets $0.45
luka1981good: calls $0.45
*** SHOW DOWN ***
volodarv: shows [Jd Js] (two pair, Jacks and Sixes)
luka1981good: shows [Qc Qs] (two pair, Queens and Sixes)
luka1981good collected $2.43 from pot
*** SUMMARY ***
Total pot $2.53 | Rake $0.10 
Board [6d 9d 6h 2c Td]
Seat 1: MaybeMayday (button) folded before Flop (didn't bet)
Seat 2: Mr. Roquim (small blind) folded before Flop
Seat 3: kaminskiPL (big blind) folded before Flop
Seat 4: volodarv showed [Jd Js] and lost with two pair, Jacks and Sixes
Seat 5: luka1981good showed [Qc Qs] and won ($2.43) with two pair, Queens and Sixes
Seat 6: HubertusB folded before Flop (didn't bet)



PokerStars Zoom Hand #186687461851:  Hold'em No Limit ($0.02/$0.05) - 2018/05/21 21:01:52 CCT [2018/05/21 9:01:52 ET]
Table 'Donati' 6-max Seat #1 is the button
Seat 1: 87Good ($5 in chips) 
Seat 2: ferbasi team ($4.52 in chips) 
Seat 3: XXXiao ($30.45 in chips) 
Seat 4: bildyev33Rus ($2.09 in chips) 
Seat 5: HubertusB ($4.86 in chips) 
Seat 6: 1Sania1 ($4.99 in chips) 
ferbasi team: posts small blind $0.02
XXXiao: posts big blind $0.05
*** HOLE CARDS ***
Dealt to HubertusB [9s 2d]
bildyev33Rus: calls $0.05
HubertusB: folds 
1Sania1: folds 
87Good: folds 
ferbasi team: folds 
XXXiao: checks 
*** FLOP *** [Kd 8s Qc]
XXXiao: checks 
bildyev33Rus: bets $0.05
XXXiao: folds 
Uncalled bet ($0.05) returned to bildyev33Rus
bildyev33Rus collected $0.12 from pot
bildyev33Rus: doesn't show hand 
*** SUMMARY ***
Total pot $0.12 | Rake $0 
Board [Kd 8s Qc]
Seat 1: 87Good (button) folded before Flop (didn't bet)
Seat 2: ferbasi team (small blind) folded before Flop
Seat 3: XXXiao (big blind) folded on the Flop
Seat 4: bildyev33Rus collected ($0.12)
Seat 5: HubertusB folded before Flop (didn't bet)
Seat 6: 1Sania1 folded before Flop (didn't bet)



PokerStars Zoom Hand #186687458539:  Hold'em No Limit ($0.02/$0.05) - 2018/05/21 21:01:45 CCT [2018/05/21 9:01:45 ET]
Table 'Donati' 6-max Seat #1 is the button
Seat 1: arti192837 ($5.95 in chips) 
Seat 2: HubertusB ($4.88 in chips) 
Seat 3: mr.den2710 ($3.73 in chips) 
Seat 4: Ishimbaec157 ($7.40 in chips) 
Seat 5: Igor86554 ($6.62 in chips) 
Seat 6: LingPro ($5.48 in chips) 
HubertusB: posts small blind $0.02
mr.den2710: posts big blind $0.05
*** HOLE CARDS ***
Dealt to HubertusB [7h Jh]
Ishimbaec157: folds 
Igor86554: folds 
LingPro: raises $0.07 to $0.12
arti192837: folds 
HubertusB: folds 
mr.den2710: calls $0.07
*** FLOP *** [3c 5h 3d]
mr.den2710: checks 
LingPro: checks 
*** TURN *** [3c 5h 3d] [5d]
mr.den2710: bets $0.10
LingPro: folds 
Uncalled bet ($0.10) returned to mr.den2710
mr.den2710 collected $0.25 from pot
mr.den2710: doesn't show hand 
*** SUMMARY ***
Total pot $0.26 | Rake $0.01 
Board [3c 5h 3d 5d]
Seat 1: arti192837 (button) folded before Flop (didn't bet)
Seat 2: HubertusB (small blind) folded before Flop
Seat 3: mr.den2710 (big blind) collected ($0.25)
Seat 4: Ishimbaec157 folded before Flop (didn't bet)
Seat 5: Igor86554 folded before Flop (didn't bet)
Seat 6: LingPro folded on the Turn



PokerStars Zoom Hand #186687464360:  Hold'em No Limit ($0.02/$0.05) - 2018/05/21 21:01:58 CCT [2018/05/21 9:01:58 ET]
Table 'Donati' 6-max Seat #1 is the button
Seat 1: HubertusB ($4.86 in chips) 
Seat 2: DEN1S86 ($9.57 in chips) 
Seat 3: ICTrueCards ($11.21 in chips) 
Seat 4: JhonnyShu ($5.37 in chips) 
Seat 5: j0rdi4 ($4.93 in chips) 
Seat 6: Ishimbaec157 ($7.38 in chips) 
DEN1S86: posts small blind $0.02
ICTrueCards: posts big blind $0.05
*** HOLE CARDS ***
Dealt to HubertusB [3h Td]
JhonnyShu: folds 
j0rdi4: folds 
Ishimbaec157: folds 
HubertusB: folds 
DEN1S86: raises $0.10 to $0.15
ICTrueCards: calls $0.10
*** FLOP *** [Kd Kc 6d]
DEN1S86: bets $0.15
ICTrueCards: calls $0.15
*** TURN *** [Kd Kc 6d] [Jh]
DEN1S86: bets $0.58
ICTrueCards: folds 
Uncalled bet ($0.58) returned to DEN1S86
DEN1S86 collected $0.58 from pot
DEN1S86: doesn't show hand 
*** SUMMARY ***
Total pot $0.60 | Rake $0.02 
Board [Kd Kc 6d Jh]
Seat 1: HubertusB (button) folded before Flop (didn't bet)
Seat 2: DEN1S86 (small blind) collected ($0.58)
Seat 3: ICTrueCards (big blind) folded on the Turn
Seat 4: JhonnyShu folded before Flop (didn't bet)
Seat 5: j0rdi4 folded before Flop (didn't bet)
Seat 6: Ishimbaec157 folded before Flop (didn't bet)



PokerStars Zoom Hand #186687466774:  Hold'em No Limit ($0.02/$0.05) - 2018/05/21 21:02:03 CCT [2018/05/21 9:02:03 ET]
Table 'Donati' 6-max Seat #1 is the button
Seat 1: worgwarrior ($2.43 in chips) 
Seat 2: epyj1231 ($5 in chips) 
Seat 3: 1Sania1 ($1.81 in chips) 
Seat 4: Pescador66 ($5.40 in chips) 
Seat 5: HubertusB ($4.86 in chips) 
Seat 6: Redstar18 ($6.19 in chips) 
epyj1231: posts small blind $0.02
1Sania1: posts big blind $0.05
*** HOLE CARDS ***
Dealt to HubertusB [3d 9h]
Pescador66: calls $0.05
HubertusB: folds 
Redstar18: raises $0.15 to $0.20
worgwarrior: folds 
epyj1231: folds 
1Sania1: folds 
Pescador66: folds 
Uncalled bet ($0.15) returned to Redstar18
Redstar18 collected $0.17 from pot
Redstar18: doesn't show hand 
*** SUMMARY ***
Total pot $0.17 | Rake $0 
Seat 1: worgwarrior (button) folded before Flop (didn't bet)
Seat 2: epyj1231 (small blind) folded before Flop
Seat 3: 1Sania1 (big blind) folded before Flop
Seat 4: Pescador66 folded before Flop
Seat 5: HubertusB folded before Flop (didn't bet)
Seat 6: Redstar18 collected ($0.17)



PokerStars Zoom Hand #186687471858:  Hold'em No Limit ($0.02/$0.05) - 2018/05/21 21:02:14 CCT [2018/05/21 9:02:14 ET]
Table 'Donati' 6-max Seat #1 is the button
Seat 1: Yamma18 ($4.79 in chips) 
Seat 2: HubertusB ($4.86 in chips) 
Seat 3: Guygo55 ($1.40 in chips) 
Seat 4: marcioadrs ($6.02 in chips) 
Seat 5: Spudzoe ($3.99 in chips) 
Seat 6: danielluizdl ($5 in chips) 
HubertusB: posts small blind $0.02
Guygo55: posts big blind $0.05
*** HOLE CARDS ***
Dealt to HubertusB [6c 5c]
marcioadrs: folds 
Spudzoe: folds 
danielluizdl: folds 
Yamma18: raises $0.05 to $0.10
HubertusB: raises $0.30 to $0.40
Guygo55: raises $1 to $1.40 and is all-in
Yamma18: folds 
HubertusB: folds 
Uncalled bet ($1) returned to Guygo55
Guygo55 collected $0.90 from pot
Guygo55: doesn't show hand 
*** SUMMARY ***
Total pot $0.90 | Rake $0 
Seat 1: Yamma18 (button) folded before Flop
Seat 2: HubertusB (small blind) folded before Flop
Seat 3: Guygo55 (big blind) collected ($0.90)
Seat 4: marcioadrs folded before Flop (didn't bet)
Seat 5: Spudzoe folded before Flop (didn't bet)
Seat 6: danielluizdl folded before Flop (didn't bet)



PokerStars Zoom Hand #186687469673:  Hold'em No Limit ($0.02/$0.05) - 2018/05/21 21:02:09 CCT [2018/05/21 9:02:09 ET]
Table 'Donati' 6-max Seat #1 is the button
Seat 1: AsterixBrn ($5.16 in chips) 
Seat 2: injustice_MP ($7.22 in chips) 
Seat 3: sieben110 ($3.61 in chips) 
Seat 4: HubertusB ($4.86 in chips) 
Seat 5: APBray ($7.39 in chips) 
Seat 6: kurkul76 ($17.23 in chips) 
injustice_MP: posts small blind $0.02
sieben110: posts big blind $0.05
*** HOLE CARDS ***
Dealt to HubertusB [Th 4c]
HubertusB: folds 
APBray: folds 
kurkul76: folds 
AsterixBrn: folds 
injustice_MP: raises $0.10 to $0.15
sieben110: calls $0.10
*** FLOP *** [6c 3s Jc]
injustice_MP: checks 
sieben110: checks 
*** TURN *** [6c 3s Jc] [Ts]
injustice_MP: bets $0.19
sieben110: folds 
Uncalled bet ($0.19) returned to injustice_MP
injustice_MP collected $0.29 from pot
injustice_MP: doesn't show hand 
*** SUMMARY ***
Total pot $0.30 | Rake $0.01 
Board [6c 3s Jc Ts]
Seat 1: AsterixBrn (button) folded before Flop (didn't bet)
Seat 2: injustice_MP (small blind) collected ($0.29)
Seat 3: sieben110 (big blind) folded on the Turn
Seat 4: HubertusB folded before Flop (didn't bet)
Seat 5: APBray folded before Flop (didn't bet)
Seat 6: kurkul76 folded before Flop (didn't bet)



PokerStars Zoom Hand #186687451556:  Hold'em No Limit ($0.02/$0.05) - 2018/05/21 21:01:29 CCT [2018/05/21 9:01:29 ET]
Table 'Donati' 6-max Seat #1 is the button
Seat 1: Faku710 ($5 in chips) 
Seat 2: pointout91 ($5 in chips) 
Seat 3: vladpinsk93 ($5.26 in chips) 
Seat 4: denzil8092 ($5.13 in chips) 
Seat 5: 510suzy ($5.09 in chips) 
Seat 6: HubertusB ($4.93 in chips) 
pointout91: posts small blind $0.02
vladpinsk93: posts big blind $0.05
*** HOLE CARDS ***
Dealt to HubertusB [3c 7d]
denzil8092 has timed out
denzil8092: folds 
510suzy: raises $0.10 to $0.15
HubertusB: folds 
Faku710: folds 
pointout91: raises $0.35 to $0.50
vladpinsk93: calls $0.45
510suzy: folds 
*** FLOP *** [Ts 7c Kd]
pointout91: checks 
vladpinsk93: bets $0.20
pointout91: calls $0.20
*** TURN *** [Ts 7c Kd] [4h]
pointout91: checks 
vladpinsk93: bets $0.20
pointout91: calls $0.20
*** RIVER *** [Ts 7c Kd 4h] [4s]
pointout91: checks 
vladpinsk93: checks 
*** SHOW DOWN ***
pointout91: shows [Ah Qh] (a pair of Fours)
vladpinsk93: shows [As 7s] (two pair, Sevens and Fours)
vladpinsk93 collected $1.87 from pot
*** SUMMARY ***
Total pot $1.95 | Rake $0.08 
Board [Ts 7c Kd 4h 4s]
Seat 1: Faku710 (button) folded before Flop (didn't bet)
Seat 2: pointout91 (small blind) showed [Ah Qh] and lost with a pair of Fours
Seat 3: vladpinsk93 (big blind) showed [As 7s] and won ($1.87) with two pair, Sevens and Fours
Seat 4: denzil8092 folded before Flop (didn't bet)
Seat 5: 510suzy folded before Flop
Seat 6: HubertusB folded before Flop (didn't bet)



PokerStars Zoom Hand #186687481974:  Hold'em No Limit ($0.02/$0.05) - 2018/05/21 21:02:36 CCT [2018/05/21 9:02:36 ET]
Table 'Donati' 6-max Seat #1 is the button
Seat 1: JhonnyShu ($7.92 in chips) 
Seat 2: Fysio_Logia ($4.75 in chips) 
Seat 3: HubertusB ($4.46 in chips) 
Seat 4: GabrielCH88 ($5 in chips) 
Seat 5: CaptainKuch ($5.08 in chips) 
Seat 6: ess3L ($5.52 in chips) 
Fysio_Logia: posts small blind $0.02
HubertusB: posts big blind $0.05
*** HOLE CARDS ***
Dealt to HubertusB [8d 8h]
GabrielCH88: folds 
CaptainKuch: raises $0.05 to $0.10
ess3L: folds 
JhonnyShu: folds 
Fysio_Logia: folds 
HubertusB: calls $0.05
*** FLOP *** [Qc 6s 6h]
HubertusB: checks 
CaptainKuch: checks 
*** TURN *** [Qc 6s 6h] [Ks]
HubertusB: checks 
CaptainKuch: bets $0.10
HubertusB: folds 
Uncalled bet ($0.10) returned to CaptainKuch
CaptainKuch collected $0.21 from pot
CaptainKuch: doesn't show hand 
*** SUMMARY ***
Total pot $0.22 | Rake $0.01 
Board [Qc 6s 6h Ks]
Seat 1: JhonnyShu (button) folded before Flop (didn't bet)
Seat 2: Fysio_Logia (small blind) folded before Flop
Seat 3: HubertusB (big blind) folded on the Turn
Seat 4: GabrielCH88 folded before Flop (didn't bet)
Seat 5: CaptainKuch collected ($0.21)
Seat 6: ess3L folded before Flop (didn't bet)



PokerStars Zoom Hand #186687503234:  Hold'em No Limit ($0.02/$0.05) - 2018/05/21 21:03:22 CCT [2018/05/21 9:03:22 ET]
Table 'Donati' 6-max Seat #1 is the button
Seat 1: HubertusB ($4.36 in chips) 
Seat 2: Guernik ($5.23 in chips) 
Seat 3: XXXiao ($36 in chips) 
Seat 4: earakaki92 ($5 in chips) 
Seat 5: BL4CK11 ($5 in chips) 
Seat 6: dynbalance ($5.29 in chips) 
Guernik: posts small blind $0.02
XXXiao: posts big blind $0.05
*** HOLE CARDS ***
Dealt to HubertusB [As 7h]
earakaki92: folds 
BL4CK11: folds 
dynbalance: folds 
HubertusB: raises $0.10 to $0.15
Guernik: folds 
XXXiao: folds 
Uncalled bet ($0.10) returned to HubertusB
HubertusB collected $0.12 from pot
HubertusB: doesn't show hand 
*** SUMMARY ***
Total pot $0.12 | Rake $0 
Seat 1: HubertusB (button) collected ($0.12)
Seat 2: Guernik (small blind) folded before Flop
Seat 3: XXXiao (big blind) folded before Flop
Seat 4: earakaki92 folded before Flop (didn't bet)
Seat 5: BL4CK11 folded before Flop (didn't bet)
Seat 6: dynbalance folded before Flop (didn't bet)



PokerStars Zoom Hand #186687514481:  Hold'em No Limit ($0.02/$0.05) - 2018/05/21 21:03:46 CCT [2018/05/21 9:03:46 ET]
Table 'Donati' 6-max Seat #1 is the button
Seat 1: ninix17 ($5.47 in chips) 
Seat 2: Guernik ($5.53 in chips) 
Seat 3: tomo808 ($5.79 in chips) 
Seat 4: smudge120681 ($6.95 in chips) 
Seat 5: cRaZyEiGhT85 ($8.39 in chips) 
Seat 6: HubertusB ($4.43 in chips) 
Guernik: posts small blind $0.02
tomo808: posts big blind $0.05
*** HOLE CARDS ***
Dealt to HubertusB [7c 8c]
smudge120681: folds 
cRaZyEiGhT85: raises $0.10 to $0.15
HubertusB: calls $0.15
ninix17: folds 
Guernik: calls $0.13
tomo808: calls $0.10
*** FLOP *** [3h 9s 3c]
Guernik: checks 
tomo808: checks 
cRaZyEiGhT85: checks 
HubertusB: checks 
*** TURN *** [3h 9s 3c] [8h]
Guernik: bets $0.29
tomo808: calls $0.29
cRaZyEiGhT85: folds 
HubertusB: calls $0.29
*** RIVER *** [3h 9s 3c 8h] [6d]
Guernik: bets $1
tomo808: raises $4.35 to $5.35 and is all-in
HubertusB: folds 
Guernik: calls $4.09 and is all-in
Uncalled bet ($0.26) returned to tomo808
*** SHOW DOWN ***
tomo808: shows [6c 6h] (a full house, Sixes full of Threes)
Guernik: shows [9d 9h] (a full house, Nines full of Threes)
Guernik collected $11.17 from pot
*** SUMMARY ***
Total pot $11.65 | Rake $0.48 
Board [3h 9s 3c 8h 6d]
Seat 1: ninix17 (button) folded before Flop (didn't bet)
Seat 2: Guernik (small blind) showed [9d 9h] and won ($11.17) with a full house, Nines full of Threes
Seat 3: tomo808 (big blind) showed [6c 6h] and lost with a full house, Sixes full of Threes
Seat 4: smudge120681 folded before Flop (didn't bet)
Seat 5: cRaZyEiGhT85 folded on the Turn
Seat 6: HubertusB folded on the River



PokerStars Zoom Hand #186687544922:  Hold'em No Limit ($0.02/$0.05) - 2018/05/21 21:04:51 CCT [2018/05/21 9:04:51 ET]
Table 'Donati' 6-max Seat #1 is the button
Seat 1: LingPro ($7.57 in chips) 
Seat 2: trelogiatrs3 ($3.11 in chips) 
Seat 3: MeLLWiNN ($2.79 in chips) 
Seat 4: HubertusB ($3.99 in chips) 
Seat 5: anorectal ($20.67 in chips) 
Seat 6: Omicron333 ($9.48 in chips) 
trelogiatrs3: posts small blind $0.02
MeLLWiNN: posts big blind $0.05
*** HOLE CARDS ***
Dealt to HubertusB [3h 3s]
HubertusB: raises $0.05 to $0.10
anorectal: folds 
Omicron333: folds 
LingPro: folds 
trelogiatrs3: calls $0.08
MeLLWiNN: calls $0.05
*** FLOP *** [8d Ad 2c]
trelogiatrs3: checks 
MeLLWiNN: checks 
HubertusB: checks 
*** TURN *** [8d Ad 2c] [Qc]
trelogiatrs3: bets $0.15
MeLLWiNN: calls $0.15
HubertusB: folds 
*** RIVER *** [8d Ad 2c Qc] [Ks]
trelogiatrs3: bets $0.29
MeLLWiNN: folds 
Uncalled bet ($0.29) returned to trelogiatrs3
trelogiatrs3 collected $0.58 from pot
trelogiatrs3: doesn't show hand 
*** SUMMARY ***
Total pot $0.60 | Rake $0.02 
Board [8d Ad 2c Qc Ks]
Seat 1: LingPro (button) folded before Flop (didn't bet)
Seat 2: trelogiatrs3 (small blind) collected ($0.58)
Seat 3: MeLLWiNN (big blind) folded on the River
Seat 4: HubertusB folded on the Turn
Seat 5: anorectal folded before Flop (didn't bet)
Seat 6: Omicron333 folded before Flop (didn't bet)



PokerStars Zoom Hand #186687560132:  Hold'em No Limit ($0.02/$0.05) - 2018/05/21 21:05:22 CCT [2018/05/21 9:05:22 ET]
Table 'Donati' 6-max Seat #1 is the button
Seat 1: serge87100 ($5 in chips) 
Seat 2: nakashi11 ($3.98 in chips) 
Seat 3: BuBBleBoy548 ($5 in chips) 
Seat 4: ninix17 ($5.69 in chips) 
Seat 5: HubertusB ($3.89 in chips) 
Seat 6: deskid1 ($10.61 in chips) 
nakashi11: posts small blind $0.02
BuBBleBoy548: posts big blind $0.05
*** HOLE CARDS ***
Dealt to HubertusB [Jh Th]
ninix17: folds 
HubertusB: raises $0.10 to $0.15
deskid1: calls $0.15
serge87100: folds 
nakashi11: folds 
BuBBleBoy548: folds 
*** FLOP *** [Ac 6h 5d]
HubertusB: checks 
deskid1: bets $0.18
HubertusB: folds 
Uncalled bet ($0.18) returned to deskid1
deskid1 collected $0.35 from pot
deskid1: doesn't show hand 
*** SUMMARY ***
Total pot $0.37 | Rake $0.02 
Board [Ac 6h 5d]
Seat 1: serge87100 (button) folded before Flop (didn't bet)
Seat 2: nakashi11 (small blind) folded before Flop
Seat 3: BuBBleBoy548 (big blind) folded before Flop
Seat 4: ninix17 folded before Flop (didn't bet)
Seat 5: HubertusB folded on the Flop
Seat 6: deskid1 collected ($0.35)



PokerStars Zoom Hand #186687579171:  Hold'em No Limit ($0.02/$0.05) - 2018/05/21 21:06:03 CCT [2018/05/21 9:06:03 ET]
Table 'Donati' 6-max Seat #1 is the button
Seat 1: HubertusB ($3.74 in chips) 
Seat 2: earakaki92 ($5 in chips) 
Seat 3: Spudzoe ($9.86 in chips) 
Seat 4: ramosd04 ($5.78 in chips) 
Seat 5: Saayooo ($5.14 in chips) 
Seat 6: Yaha 09 ($5 in chips) 
earakaki92: posts small blind $0.02
Spudzoe: posts big blind $0.05
*** HOLE CARDS ***
Dealt to HubertusB [Qs 7s]
ramosd04: folds 
Saayooo: folds 
Yaha 09: folds 
HubertusB: folds 
earakaki92: folds 
Uncalled bet ($0.03) returned to Spudzoe
Spudzoe collected $0.04 from pot
Spudzoe: doesn't show hand 
*** SUMMARY ***
Total pot $0.04 | Rake $0 
Seat 1: HubertusB (button) folded before Flop (didn't bet)
Seat 2: earakaki92 (small blind) folded before Flop
Seat 3: Spudzoe (big blind) collected ($0.04)
Seat 4: ramosd04 folded before Flop (didn't bet)
Seat 5: Saayooo folded before Flop (didn't bet)
Seat 6: Yaha 09 folded before Flop (didn't bet)



PokerStars Zoom Hand #186687582945:  Hold'em No Limit ($0.02/$0.05) - 2018/05/21 21:06:11 CCT [2018/05/21 9:06:11 ET]
Table 'Donati' 6-max Seat #1 is the button
Seat 1: dynbalance ($6.11 in chips) 
Seat 2: Fandy3sss ($8.77 in chips) 
Seat 3: HubertusB ($3.74 in chips) 
Seat 4: Dokerokk23 ($17.79 in chips) 
Seat 5: matko031 ($5 in chips) 
Seat 6: UltraRunnerr ($19.65 in chips) 
Fandy3sss: posts small blind $0.02
HubertusB: posts big blind $0.05
*** HOLE CARDS ***
Dealt to HubertusB [Ah 9s]
Dokerokk23: folds 
matko031: folds 
UltraRunnerr: folds 
dynbalance: folds 
Fandy3sss: raises $0.10 to $0.15
HubertusB: folds 
Uncalled bet ($0.10) returned to Fandy3sss
Fandy3sss collected $0.10 from pot
Fandy3sss: doesn't show hand 
*** SUMMARY ***
Total pot $0.10 | Rake $0 
Seat 1: dynbalance (button) folded before Flop (didn't bet)
Seat 2: Fandy3sss (small blind) collected ($0.10)
Seat 3: HubertusB (big blind) folded before Flop
Seat 4: Dokerokk23 folded before Flop (didn't bet)
Seat 5: matko031 folded before Flop (didn't bet)
Seat 6: UltraRunnerr folded before Flop (didn't bet)



PokerStars Zoom Hand #186687589101:  Hold'em No Limit ($0.02/$0.05) - 2018/05/21 21:06:24 CCT [2018/05/21 9:06:24 ET]
Table 'Donati' 6-max Seat #1 is the button
Seat 1: horstborsto ($7.31 in chips) 
Seat 2: HubertusB ($3.69 in chips) 
Seat 3: hoyosuk513 ($9.64 in chips) 
Seat 4: DEN1S86 ($10.67 in chips) 
Seat 5: Closex ($8.63 in chips) 
Seat 6: Dokerokk23 ($5.07 in chips) 
HubertusB: posts small blind $0.02
hoyosuk513: posts big blind $0.05
*** HOLE CARDS ***
Dealt to HubertusB [5d 6d]
DEN1S86: folds 
Closex: folds 
Dokerokk23: raises $0.07 to $0.12
horstborsto: folds 
HubertusB: folds 
hoyosuk513: folds 
Uncalled bet ($0.07) returned to Dokerokk23
Dokerokk23 collected $0.12 from pot
Dokerokk23: doesn't show hand 
*** SUMMARY ***
Total pot $0.12 | Rake $0 
Seat 1: horstborsto (button) folded before Flop (didn't bet)
Seat 2: HubertusB (small blind) folded before Flop
Seat 3: hoyosuk513 (big blind) folded before Flop
Seat 4: DEN1S86 folded before Flop (didn't bet)
Seat 5: Closex folded before Flop (didn't bet)
Seat 6: Dokerokk23 collected ($0.12)



PokerStars Zoom Hand #186687576400:  Hold'em No Limit ($0.02/$0.05) - 2018/05/21 21:05:57 CCT [2018/05/21 9:05:57 ET]
Table 'Donati' 6-max Seat #1 is the button
Seat 1: Zicepig ($5.40 in chips) 
Seat 2: sergtsz ($3.70 in chips) 
Seat 3: APBray ($7.88 in chips) 
Seat 4: SHMAG3L ($6.72 in chips) 
Seat 5: HubertusB ($3.74 in chips) 
Seat 6: ANANATOR ($7.05 in chips) 
sergtsz: posts small blind $0.02
APBray: posts big blind $0.05
*** HOLE CARDS ***
Dealt to HubertusB [Td Qh]
SHMAG3L: folds 
HubertusB: folds 
ANANATOR: folds 
Zicepig: raises $0.07 to $0.12
sergtsz: folds 
APBray: calls $0.07
*** FLOP *** [2d Ad Jc]
APBray: checks 
Zicepig: bets $0.13
APBray: calls $0.13
*** TURN *** [2d Ad Jc] [6d]
APBray: checks 
Zicepig: checks 
*** RIVER *** [2d Ad Jc 6d] [9c]
APBray: bets $0.25
Zicepig: folds 
Uncalled bet ($0.25) returned to APBray
APBray collected $0.50 from pot
APBray: doesn't show hand 
*** SUMMARY ***
Total pot $0.52 | Rake $0.02 
Board [2d Ad Jc 6d 9c]
Seat 1: Zicepig (button) folded on the River
Seat 2: sergtsz (small blind) folded before Flop
Seat 3: APBray (big blind) collected ($0.50)
Seat 4: SHMAG3L folded before Flop (didn't bet)
Seat 5: HubertusB folded before Flop (didn't bet)
Seat 6: ANANATOR folded before Flop (didn't bet)



PokerStars Zoom Hand #186687592969:  Hold'em No Limit ($0.02/$0.05) - 2018/05/21 21:06:32 CCT [2018/05/21 9:06:32 ET]
Table 'Donati' 6-max Seat #1 is the button
Seat 1: olleyzell ($5 in chips) 
Seat 2: Danil548 ($4.07 in chips) 
Seat 3: Mr Joker282 ($23.63 in chips) 
Seat 4: Spudzoe ($3.53 in chips) 
Seat 5: ferbasi team ($4.38 in chips) 
Seat 6: HubertusB ($3.67 in chips) 
Danil548: posts small blind $0.02
Mr Joker282: posts big blind $0.05
*** HOLE CARDS ***
Dealt to HubertusB [6s Jd]
Spudzoe: folds 
ferbasi team: folds 
HubertusB: folds 
olleyzell: folds 
Danil548: folds 
Uncalled bet ($0.03) returned to Mr Joker282
Mr Joker282 collected $0.04 from pot
Mr Joker282: doesn't show hand 
*** SUMMARY ***
Total pot $0.04 | Rake $0 
Seat 1: olleyzell (button) folded before Flop (didn't bet)
Seat 2: Danil548 (small blind) folded before Flop
Seat 3: Mr Joker282 (big blind) collected ($0.04)
Seat 4: Spudzoe folded before Flop (didn't bet)
Seat 5: ferbasi team folded before Flop (didn't bet)
Seat 6: HubertusB folded before Flop (didn't bet)



PokerStars Zoom Hand #186687594840:  Hold'em No Limit ($0.02/$0.05) - 2018/05/21 21:06:36 CCT [2018/05/21 9:06:36 ET]
Table 'Donati' 6-max Seat #1 is the button
Seat 1: kurkul76 ($5.11 in chips) 
Seat 2: Secretary xx ($10.98 in chips) 
Seat 3: nakashi11 ($3.81 in chips) 
Seat 4: HubertusB ($3.67 in chips) 
Seat 5: LQ Wu ($5.05 in chips) 
Seat 6: Dmigri ($5 in chips) 
Secretary xx: posts small blind $0.02
nakashi11: posts big blind $0.05
*** HOLE CARDS ***
Dealt to HubertusB [Th 8h]
HubertusB: folds 
LQ Wu: folds 
Dmigri: folds 
kurkul76: raises $0.10 to $0.15
Secretary xx: folds 
nakashi11: folds 
Uncalled bet ($0.10) returned to kurkul76
kurkul76 collected $0.12 from pot
kurkul76: doesn't show hand 
*** SUMMARY ***
Total pot $0.12 | Rake $0 
Seat 1: kurkul76 (button) collected ($0.12)
Seat 2: Secretary xx (small blind) folded before Flop
Seat 3: nakashi11 (big blind) folded before Flop
Seat 4: HubertusB folded before Flop (didn't bet)
Seat 5: LQ Wu folded before Flop (didn't bet)
Seat 6: Dmigri folded before Flop (didn't bet)



PokerStars Zoom Hand #186687597728:  Hold'em No Limit ($0.02/$0.05) - 2018/05/21 21:06:42 CCT [2018/05/21 9:06:42 ET]
Table 'Donati' 6-max Seat #1 is the button
Seat 1: Lexhibition ($14.90 in chips) 
Seat 2: Guernik ($5.67 in chips) 
Seat 3: donpasq55 ($3.84 in chips) 
Seat 4: HubertusB ($3.67 in chips) 
Seat 5: DutchSpace ($18.40 in chips) 
Seat 6: heejunblue02 ($4.85 in chips) 
Guernik: posts small blind $0.02
donpasq55: posts big blind $0.05
*** HOLE CARDS ***
Dealt to HubertusB [Ks Js]
HubertusB: raises $0.10 to $0.15
DutchSpace: folds 
heejunblue02: folds 
Lexhibition: calls $0.15
Guernik: folds 
donpasq55: folds 
*** FLOP *** [Jd Kd 5c]
HubertusB: bets $0.20
Lexhibition: calls $0.20
*** TURN *** [Jd Kd 5c] [Qd]
HubertusB: checks 
Lexhibition: checks 
*** RIVER *** [Jd Kd 5c Qd] [9s]
HubertusB: checks 
Lexhibition: bets $0.38
HubertusB: calls $0.38
*** SHOW DOWN ***
Lexhibition: shows [5h 6h] (a pair of Fives)
HubertusB: shows [Ks Js] (two pair, Kings and Jacks)
HubertusB collected $1.47 from pot
*** SUMMARY ***
Total pot $1.53 | Rake $0.06 
Board [Jd Kd 5c Qd 9s]
Seat 1: Lexhibition (button) showed [5h 6h] and lost with a pair of Fives
Seat 2: Guernik (small blind) folded before Flop
Seat 3: donpasq55 (big blind) folded before Flop
Seat 4: HubertusB showed [Ks Js] and won ($1.47) with two pair, Kings and Jacks
Seat 5: DutchSpace folded before Flop (didn't bet)
Seat 6: heejunblue02 folded before Flop (didn't bet)



PokerStars Zoom Hand #186687614188:  Hold'em No Limit ($0.02/$0.05) - 2018/05/21 21:07:17 CCT [2018/05/21 9:07:17 ET]
Table 'Donati' 6-max Seat #1 is the button
Seat 1: HubertusB ($4.41 in chips) 
Seat 2: sam2207 ($3.73 in chips) 
Seat 3: Fredchie ($4.27 in chips) 
Seat 4: winn3r99 ($5.61 in chips) 
Seat 5: X.MatuS ($6.38 in chips) 
Seat 6: FoR_Shai ($9.05 in chips) 
sam2207: posts small blind $0.02
Fredchie: posts big blind $0.05
*** HOLE CARDS ***
Dealt to HubertusB [Tc Ad]
winn3r99: folds 
X.MatuS: folds 
FoR_Shai: folds 
HubertusB: raises $0.07 to $0.12
sam2207: calls $0.10
Fredchie: folds 
*** FLOP *** [Ah 5h Kd]
sam2207: checks 
HubertusB: bets $0.10
sam2207: folds 
Uncalled bet ($0.10) returned to HubertusB
HubertusB collected $0.28 from pot
HubertusB: doesn't show hand 
*** SUMMARY ***
Total pot $0.29 | Rake $0.01 
Board [Ah 5h Kd]
Seat 1: HubertusB (button) collected ($0.28)
Seat 2: sam2207 (small blind) folded on the Flop
Seat 3: Fredchie (big blind) folded before Flop
Seat 4: winn3r99 folded before Flop (didn't bet)
Seat 5: X.MatuS folded before Flop (didn't bet)
Seat 6: FoR_Shai folded before Flop (didn't bet)



PokerStars Zoom Hand #186687623662:  Hold'em No Limit ($0.02/$0.05) - 2018/05/21 21:07:37 CCT [2018/05/21 9:07:37 ET]
Table 'Donati' 6-max Seat #1 is the button
Seat 1: superRODRI ($5.49 in chips) 
Seat 2: HubertusB ($4.57 in chips) 
Seat 3: vladlen101 ($3.50 in chips) 
Seat 4: X.MatuS ($6.78 in chips) 
Seat 5: Zarnica ($5.35 in chips) 
Seat 6: akagiooo ($6.63 in chips) 
HubertusB: posts small blind $0.02
vladlen101: posts big blind $0.05
*** HOLE CARDS ***
Dealt to HubertusB [2h 4h]
X.MatuS: folds 
Zarnica: folds 
akagiooo: folds 
superRODRI: folds 
HubertusB: folds 
Uncalled bet ($0.03) returned to vladlen101
vladlen101 collected $0.04 from pot
vladlen101: doesn't show hand 
*** SUMMARY ***
Total pot $0.04 | Rake $0 
Seat 1: superRODRI (button) folded before Flop (didn't bet)
Seat 2: HubertusB (small blind) folded before Flop
Seat 3: vladlen101 (big blind) collected ($0.04)
Seat 4: X.MatuS folded before Flop (didn't bet)
Seat 5: Zarnica folded before Flop (didn't bet)
Seat 6: akagiooo folded before Flop (didn't bet)



PokerStars Zoom Hand #186687626527:  Hold'em No Limit ($0.02/$0.05) - 2018/05/21 21:07:43 CCT [2018/05/21 9:07:43 ET]
Table 'Donati' 6-max Seat #1 is the button
Seat 1: Tr3mium ($5 in chips) 
Seat 2: Yangyang1407 ($5.76 in chips) 
Seat 3: HubertusB ($4.55 in chips) 
Seat 4: j0rdi4 ($5.75 in chips) 
Seat 5: kranovoy22 ($5.05 in chips) 
Seat 6: Manolo19765 ($3.19 in chips) 
Yangyang1407: posts small blind $0.02
HubertusB: posts big blind $0.05
*** HOLE CARDS ***
Dealt to HubertusB [Ks 8d]
j0rdi4: folds 
kranovoy22: folds 
Manolo19765: raises $0.05 to $0.10
Tr3mium: folds 
Yangyang1407: folds 
HubertusB: folds 
Uncalled bet ($0.05) returned to Manolo19765
Manolo19765 collected $0.12 from pot
Manolo19765: doesn't show hand 
*** SUMMARY ***
Total pot $0.12 | Rake $0 
Seat 1: Tr3mium (button) folded before Flop (didn't bet)
Seat 2: Yangyang1407 (small blind) folded before Flop
Seat 3: HubertusB (big blind) folded before Flop
Seat 4: j0rdi4 folded before Flop (didn't bet)
Seat 5: kranovoy22 folded before Flop (didn't bet)
Seat 6: Manolo19765 collected ($0.12)



PokerStars Zoom Hand #186687631763:  Hold'em No Limit ($0.02/$0.05) - 2018/05/21 21:07:54 CCT [2018/05/21 9:07:54 ET]
Table 'Donati' 6-max Seat #1 is the button
Seat 1: Burkinator99 ($5 in chips) 
Seat 2: imagexxl ($4.48 in chips) 
Seat 3: tomo808 ($5 in chips) 
Seat 4: SargonXor ($6.51 in chips) 
Seat 5: ViktarRudzen ($3.60 in chips) 
Seat 6: HubertusB ($4.50 in chips) 
imagexxl: posts small blind $0.02
tomo808: posts big blind $0.05
*** HOLE CARDS ***
Dealt to HubertusB [Td 3s]
SargonXor: folds 
ViktarRudzen: folds 
HubertusB: folds 
Burkinator99: folds 
imagexxl: calls $0.03
tomo808: checks 
*** FLOP *** [Jc As 5c]
imagexxl: bets $0.05
tomo808: folds 
Uncalled bet ($0.05) returned to imagexxl
imagexxl collected $0.10 from pot
imagexxl: doesn't show hand 
*** SUMMARY ***
Total pot $0.10 | Rake $0 
Board [Jc As 5c]
Seat 1: Burkinator99 (button) folded before Flop (didn't bet)
Seat 2: imagexxl (small blind) collected ($0.10)
Seat 3: tomo808 (big blind) folded on the Flop
Seat 4: SargonXor folded before Flop (didn't bet)
Seat 5: ViktarRudzen folded before Flop (didn't bet)
Seat 6: HubertusB folded before Flop (didn't bet)



PokerStars Zoom Hand #186687634167:  Hold'em No Limit ($0.02/$0.05) - 2018/05/21 21:07:59 CCT [2018/05/21 9:07:59 ET]
Table 'Donati' 6-max Seat #1 is the button
Seat 1: epyj1231 ($5.02 in chips) 
Seat 2: mr.taverner ($5.94 in chips) 
Seat 3: danielluizdl ($5.45 in chips) 
Seat 4: BoSs00 ($6.05 in chips) 
Seat 5: HubertusB ($4.50 in chips) 
Seat 6: Dokerokk23 ($12.63 in chips) 
mr.taverner: posts small blind $0.02
danielluizdl: posts big blind $0.05
*** HOLE CARDS ***
Dealt to HubertusB [Jh Ah]
BoSs00: folds 
HubertusB: raises $0.10 to $0.15
Dokerokk23: folds 
epyj1231: folds 
mr.taverner: folds 
danielluizdl: folds 
Uncalled bet ($0.10) returned to HubertusB
HubertusB collected $0.12 from pot
HubertusB: doesn't show hand 
*** SUMMARY ***
Total pot $0.12 | Rake $0 
Seat 1: epyj1231 (button) folded before Flop (didn't bet)
Seat 2: mr.taverner (small blind) folded before Flop
Seat 3: danielluizdl (big blind) folded before Flop
Seat 4: BoSs00 folded before Flop (didn't bet)
Seat 5: HubertusB collected ($0.12)
Seat 6: Dokerokk23 folded before Flop (didn't bet)



PokerStars Zoom Hand #186687647948:  Hold'em No Limit ($0.02/$0.05) - 2018/05/21 21:08:28 CCT [2018/05/21 9:08:28 ET]
Table 'Donati' 6-max Seat #1 is the button
Seat 1: X.MatuS ($5.46 in chips) 
Seat 2: Mr. Roquim ($7.06 in chips) 
Seat 3: HubertusB ($4.57 in chips) 
Seat 4: tommy!1986 ($5 in chips) 
Seat 5: Guernik ($6.93 in chips) 
Seat 6: MaybeMayday ($5.85 in chips) 
Mr. Roquim: posts small blind $0.02
HubertusB: posts big blind $0.05
*** HOLE CARDS ***
Dealt to HubertusB [6c 5c]
tommy!1986: folds 
Guernik: folds 
MaybeMayday: folds 
X.MatuS: folds 
Mr. Roquim: folds 
Uncalled bet ($0.03) returned to HubertusB
HubertusB collected $0.04 from pot
HubertusB: doesn't show hand 
*** SUMMARY ***
Total pot $0.04 | Rake $0 
Seat 1: X.MatuS (button) folded before Flop (didn't bet)
Seat 2: Mr. Roquim (small blind) folded before Flop
Seat 3: HubertusB (big blind) collected ($0.04)
Seat 4: tommy!1986 folded before Flop (didn't bet)
Seat 5: Guernik folded before Flop (didn't bet)
Seat 6: MaybeMayday folded before Flop (didn't bet)



PokerStars Zoom Hand #186687664584:  Hold'em No Limit ($0.02/$0.05) - 2018/05/21 21:09:03 CCT [2018/05/21 9:09:03 ET]
Table 'Donati' 6-max Seat #1 is the button
Seat 1: FoR_Shai ($13.60 in chips) 
Seat 2: lemonylime ($4.47 in chips) 
Seat 3: poongyai ($5.79 in chips) 
Seat 4: value_ftw ($5.56 in chips) 
Seat 5: HubertusB ($4.59 in chips) 
Seat 6: mopsrenat ($4.08 in chips) 
lemonylime: posts small blind $0.02
poongyai: posts big blind $0.05
*** HOLE CARDS ***
Dealt to HubertusB [3c 3d]
value_ftw: raises $0.10 to $0.15
HubertusB: folds 
mopsrenat: folds 
FoR_Shai: folds 
lemonylime: folds 
poongyai: folds 
Uncalled bet ($0.10) returned to value_ftw
value_ftw collected $0.12 from pot
value_ftw: doesn't show hand 
*** SUMMARY ***
Total pot $0.12 | Rake $0 
Seat 1: FoR_Shai (button) folded before Flop (didn't bet)
Seat 2: lemonylime (small blind) folded before Flop
Seat 3: poongyai (big blind) folded before Flop
Seat 4: value_ftw collected ($0.12)
Seat 5: HubertusB folded before Flop (didn't bet)
Seat 6: mopsrenat folded before Flop (didn't bet)



PokerStars Zoom Hand #186687667353:  Hold'em No Limit ($0.02/$0.05) - 2018/05/21 21:09:09 CCT [2018/05/21 9:09:09 ET]
Table 'Donati' 6-max Seat #1 is the button
Seat 1: superRODRI ($5.10 in chips) 
Seat 2: HubertusB ($4.59 in chips) 
Seat 3: BigRafael ($4.86 in chips) 
Seat 4: Omicron333 ($6.86 in chips) 
Seat 5: ryslan965 ($3.60 in chips) 
Seat 6: smudge120681 ($10.08 in chips) 
HubertusB: posts small blind $0.02
BigRafael: posts big blind $0.05
*** HOLE CARDS ***
Dealt to HubertusB [6c 6s]
Omicron333: folds 
ryslan965: folds 
smudge120681: folds 
superRODRI: raises $0.10 to $0.15
HubertusB: folds 
BigRafael: folds 
Uncalled bet ($0.10) returned to superRODRI
superRODRI collected $0.12 from pot
superRODRI: doesn't show hand 
*** SUMMARY ***
Total pot $0.12 | Rake $0 
Seat 1: superRODRI (button) collected ($0.12)
Seat 2: HubertusB (small blind) folded before Flop
Seat 3: BigRafael (big blind) folded before Flop
Seat 4: Omicron333 folded before Flop (didn't bet)
Seat 5: ryslan965 folded before Flop (didn't bet)
Seat 6: smudge120681 folded before Flop (didn't bet)



PokerStars Zoom Hand #186687685436:  Hold'em No Limit ($0.02/$0.05) - 2018/05/21 21:09:47 CCT [2018/05/21 9:09:47 ET]
Table 'Donati' 6-max Seat #1 is the button
Seat 1: Xibaze ($5 in chips) 
Seat 2: vvwvv52117 ($4.95 in chips) 
Seat 3: kax1385 ($1.96 in chips) 
Seat 4: HubertusB ($4.57 in chips) 
Seat 5: vmvmihail ($7.79 in chips) 
Seat 6: insight1402 ($1.62 in chips) 
vvwvv52117: posts small blind $0.02
kax1385: posts big blind $0.05
*** HOLE CARDS ***
Dealt to HubertusB [Ks Th]
HubertusB: folds 
vmvmihail: folds 
insight1402: folds 
Xibaze: raises $0.07 to $0.12
vvwvv52117: folds 
kax1385: folds 
Uncalled bet ($0.07) returned to Xibaze
Xibaze collected $0.12 from pot
Xibaze: doesn't show hand 
*** SUMMARY ***
Total pot $0.12 | Rake $0 
Seat 1: Xibaze (button) collected ($0.12)
Seat 2: vvwvv52117 (small blind) folded before Flop
Seat 3: kax1385 (big blind) folded before Flop
Seat 4: HubertusB folded before Flop (didn't bet)
Seat 5: vmvmihail folded before Flop (didn't bet)
Seat 6: insight1402 folded before Flop (didn't bet)



PokerStars Zoom Hand #186687674521:  Hold'em No Limit ($0.02/$0.05) - 2018/05/21 21:09:24 CCT [2018/05/21 9:09:24 ET]
Table 'Donati' 6-max Seat #1 is the button
Seat 1: HubertusB ($4.57 in chips) 
Seat 2: FoR_Shai ($5.84 in chips) 
Seat 3: maltrine ($5.04 in chips) 
Seat 4: Fredchie ($8.69 in chips) 
Seat 5: TULYA 15 ($6.33 in chips) 
Seat 6: Mr. Roquim ($5.91 in chips) 
FoR_Shai: posts small blind $0.02
maltrine: posts big blind $0.05
*** HOLE CARDS ***
Dealt to HubertusB [Ts Jd]
Fredchie: raises $0.10 to $0.15
TULYA 15: folds 
Mr. Roquim: folds 
HubertusB: folds 
FoR_Shai: raises $0.35 to $0.50
maltrine: folds 
Fredchie: calls $0.35
*** FLOP *** [Ah 3s 7s]
FoR_Shai: bets $0.51
Fredchie: folds 
Uncalled bet ($0.51) returned to FoR_Shai
FoR_Shai collected $1.01 from pot
FoR_Shai: doesn't show hand 
*** SUMMARY ***
Total pot $1.05 | Rake $0.04 
Board [Ah 3s 7s]
Seat 1: HubertusB (button) folded before Flop (didn't bet)
Seat 2: FoR_Shai (small blind) collected ($1.01)
Seat 3: maltrine (big blind) folded before Flop
Seat 4: Fredchie folded on the Flop
Seat 5: TULYA 15 folded before Flop (didn't bet)
Seat 6: Mr. Roquim folded before Flop (didn't bet)



PokerStars Zoom Hand #186687683079:  Hold'em No Limit ($0.02/$0.05) - 2018/05/21 21:09:42 CCT [2018/05/21 9:09:42 ET]
Table 'Donati' 6-max Seat #1 is the button
Seat 1: MeLLWiNN ($2.89 in chips) 
Seat 2: SilverSatori ($5.17 in chips) 
Seat 3: superRODRI ($5 in chips) 
Seat 4: cRaZyEiGhT85 ($10.37 in chips) 
Seat 5: joop119 ($5.59 in chips) 
Seat 6: HubertusB ($4.57 in chips) 
SilverSatori: posts small blind $0.02
superRODRI: posts big blind $0.05
*** HOLE CARDS ***
Dealt to HubertusB [As 3h]
cRaZyEiGhT85: folds 
joop119: folds 
HubertusB: folds 
MeLLWiNN: folds 
SilverSatori: raises $0.07 to $0.12
superRODRI has timed out while disconnected
superRODRI: folds 
Uncalled bet ($0.07) returned to SilverSatori
SilverSatori collected $0.10 from pot
SilverSatori: doesn't show hand 
*** SUMMARY ***
Total pot $0.10 | Rake $0 
Seat 1: MeLLWiNN (button) folded before Flop (didn't bet)
Seat 2: SilverSatori (small blind) collected ($0.10)
Seat 3: superRODRI (big blind) folded before Flop
Seat 4: cRaZyEiGhT85 folded before Flop (didn't bet)
Seat 5: joop119 folded before Flop (didn't bet)
Seat 6: HubertusB folded before Flop (didn't bet)



PokerStars Zoom Hand #186687688760:  Hold'em No Limit ($0.02/$0.05) - 2018/05/21 21:09:54 CCT [2018/05/21 9:09:54 ET]
Table 'Donati' 6-max Seat #1 is the button
Seat 1: matko031 ($5.05 in chips) 
Seat 2: sss77108 ($8.61 in chips) 
Seat 3: cazro 77 ($6.41 in chips) 
Seat 4: HubertusB ($4.57 in chips) 
Seat 5: Dokerokk23 ($17.02 in chips) 
Seat 6: JadesWrath ($8.26 in chips) 
sss77108: posts small blind $0.02
cazro 77: posts big blind $0.05
*** HOLE CARDS ***
Dealt to HubertusB [Ac 6h]
HubertusB: folds 
Dokerokk23: folds 
JadesWrath: folds 
matko031: raises $0.10 to $0.15
sss77108: calls $0.13
cazro 77: folds 
*** FLOP *** [Kh 8c Js]
sss77108: checks 
matko031: checks 
*** TURN *** [Kh 8c Js] [3d]
sss77108: checks 
matko031: checks 
*** RIVER *** [Kh 8c Js 3d] [5c]
sss77108: checks 
matko031: bets $0.17
sss77108: calls $0.17
*** SHOW DOWN ***
matko031: shows [9d 4d] (high card King)
sss77108: shows [2s 2c] (a pair of Deuces)
sss77108 collected $0.66 from pot
*** SUMMARY ***
Total pot $0.69 | Rake $0.03 
Board [Kh 8c Js 3d 5c]
Seat 1: matko031 (button) showed [9d 4d] and lost with high card King
Seat 2: sss77108 (small blind) showed [2s 2c] and won ($0.66) with a pair of Deuces
Seat 3: cazro 77 (big blind) folded before Flop
Seat 4: HubertusB folded before Flop (didn't bet)
Seat 5: Dokerokk23 folded before Flop (didn't bet)
Seat 6: JadesWrath folded before Flop (didn't bet)



PokerStars Zoom Hand #186687691631:  Hold'em No Limit ($0.02/$0.05) - 2018/05/21 21:10:00 CCT [2018/05/21 9:10:00 ET]
Table 'Donati' 6-max Seat #1 is the button
Seat 1: value_ftw ($5.93 in chips) 
Seat 2: insight1402 ($4.10 in chips) 
Seat 3: AleksandarMi ($5 in chips) 
Seat 4: Tr3mium ($5.16 in chips) 
Seat 5: SereGka228 ($6.20 in chips) 
Seat 6: HubertusB ($4.57 in chips) 
insight1402: posts small blind $0.02
AleksandarMi: posts big blind $0.05
*** HOLE CARDS ***
Dealt to HubertusB [Ac Ks]
Tr3mium: folds 
SereGka228: folds 
HubertusB: raises $0.10 to $0.15
value_ftw: folds 
insight1402: folds 
AleksandarMi: calls $0.10
*** FLOP *** [7c 8h Qc]
AleksandarMi: checks 
HubertusB: bets $0.15
AleksandarMi: calls $0.15
*** TURN *** [7c 8h Qc] [8c]
AleksandarMi: checks 
HubertusB: checks 
*** RIVER *** [7c 8h Qc 8c] [Tc]
AleksandarMi: checks 
HubertusB: bets $0.30
AleksandarMi: calls $0.30
*** SHOW DOWN ***
HubertusB: shows [Ac Ks] (a flush, Ace high)
AleksandarMi: mucks hand 
HubertusB collected $1.17 from pot
*** SUMMARY ***
Total pot $1.22 | Rake $0.05 
Board [7c 8h Qc 8c Tc]
Seat 1: value_ftw (button) folded before Flop (didn't bet)
Seat 2: insight1402 (small blind) folded before Flop
Seat 3: AleksandarMi (big blind) mucked [Jd Qh]
Seat 4: Tr3mium folded before Flop (didn't bet)
Seat 5: SereGka228 folded before Flop (didn't bet)
Seat 6: HubertusB showed [Ac Ks] and won ($1.17) with a flush, Ace high



PokerStars Zoom Hand #186687709391:  Hold'em No Limit ($0.02/$0.05) - 2018/05/21 21:10:37 CCT [2018/05/21 9:10:37 ET]
Table 'Donati' 6-max Seat #1 is the button
Seat 1: Fighter485 ($7.01 in chips) 
Seat 2: Burkinator99 ($5 in chips) 
Seat 3: HubertusB ($5.14 in chips) 
Seat 4: at fish ($18.03 in chips) 
Seat 5: sedoi746 ($5.23 in chips) 
Seat 6: kaminskiPL ($2.65 in chips) 
Burkinator99: posts small blind $0.02
HubertusB: posts big blind $0.05
*** HOLE CARDS ***
Dealt to HubertusB [6d Ad]
at fish: folds 
sedoi746: folds 
kaminskiPL: raises $0.05 to $0.10
Fighter485: folds 
Burkinator99: folds 
HubertusB: calls $0.05
*** FLOP *** [Js Ts 2c]
HubertusB: checks 
kaminskiPL: bets $0.05
HubertusB: folds 
Uncalled bet ($0.05) returned to kaminskiPL
kaminskiPL collected $0.21 from pot
kaminskiPL: doesn't show hand 
*** SUMMARY ***
Total pot $0.22 | Rake $0.01 
Board [Js Ts 2c]
Seat 1: Fighter485 (button) folded before Flop (didn't bet)
Seat 2: Burkinator99 (small blind) folded before Flop
Seat 3: HubertusB (big blind) folded on the Flop
Seat 4: at fish folded before Flop (didn't bet)
Seat 5: sedoi746 folded before Flop (didn't bet)
Seat 6: kaminskiPL collected ($0.21)



PokerStars Zoom Hand #186687717003:  Hold'em No Limit ($0.02/$0.05) - 2018/05/21 21:10:53 CCT [2018/05/21 9:10:53 ET]
Table 'Donati' 6-max Seat #1 is the button
Seat 1: HubertusB ($5.04 in chips) 
Seat 2: Raika_364 ($5 in chips) 
Seat 3: DANNYMAS ($3.71 in chips) 
Seat 4: insight1402 ($3.17 in chips) 
Seat 5: marcioadrs ($5.04 in chips) 
Seat 6: Jeime_Lan ($5.92 in chips) 
Raika_364: posts small blind $0.02
DANNYMAS: posts big blind $0.05
*** HOLE CARDS ***
Dealt to HubertusB [Ad 4h]
insight1402: folds 
marcioadrs: folds 
Jeime_Lan: folds 
HubertusB: folds 
Raika_364: folds 
Uncalled bet ($0.03) returned to DANNYMAS
DANNYMAS collected $0.04 from pot
DANNYMAS: doesn't show hand 
*** SUMMARY ***
Total pot $0.04 | Rake $0 
Seat 1: HubertusB (button) folded before Flop (didn't bet)
Seat 2: Raika_364 (small blind) folded before Flop
Seat 3: DANNYMAS (big blind) collected ($0.04)
Seat 4: insight1402 folded before Flop (didn't bet)
Seat 5: marcioadrs folded before Flop (didn't bet)
Seat 6: Jeime_Lan folded before Flop (didn't bet)



PokerStars Zoom Hand #186687719394:  Hold'em No Limit ($0.02/$0.05) - 2018/05/21 21:10:58 CCT [2018/05/21 9:10:58 ET]
Table 'Donati' 6-max Seat #1 is the button
Seat 1: DutchSpace ($7.09 in chips) 
Seat 2: HubertusB ($5.04 in chips) 
Seat 3: XXXiao ($22.35 in chips) 
Seat 4: SergSem70 ($8.70 in chips) 
Seat 5: drrenegade ($8.98 in chips) 
Seat 6: Gissbon ($5.07 in chips) 
HubertusB: posts small blind $0.02
XXXiao: posts big blind $0.05
*** HOLE CARDS ***
Dealt to HubertusB [5d 5s]
SergSem70: folds 
drrenegade: folds 
Gissbon: folds 
DutchSpace: folds 
HubertusB: raises $0.05 to $0.10
XXXiao: folds 
Uncalled bet ($0.05) returned to HubertusB
HubertusB collected $0.10 from pot
HubertusB: doesn't show hand 
*** SUMMARY ***
Total pot $0.10 | Rake $0 
Seat 1: DutchSpace (button) folded before Flop (didn't bet)
Seat 2: HubertusB (small blind) collected ($0.10)
Seat 3: XXXiao (big blind) folded before Flop
Seat 4: SergSem70 folded before Flop (didn't bet)
Seat 5: drrenegade folded before Flop (didn't bet)
Seat 6: Gissbon folded before Flop (didn't bet)



PokerStars Zoom Hand #186687724532:  Hold'em No Limit ($0.02/$0.05) - 2018/05/21 21:11:09 CCT [2018/05/21 9:11:09 ET]
Table 'Donati' 6-max Seat #1 is the button
Seat 1: mggL89 ($2.50 in chips) 
Seat 2: richymen_15 ($5.04 in chips) 
Seat 3: born8sleepy ($5.07 in chips) 
Seat 4: dvernik ($5 in chips) 
Seat 5: HubertusB ($5.09 in chips) 
Seat 6: FoR_Shai ($16.38 in chips) 
richymen_15: posts small blind $0.02
born8sleepy: posts big blind $0.05
*** HOLE CARDS ***
Dealt to HubertusB [7d 6h]
dvernik: folds 
HubertusB: folds 
FoR_Shai: folds 
mggL89: folds 
richymen_15: folds 
Uncalled bet ($0.03) returned to born8sleepy
born8sleepy collected $0.04 from pot
born8sleepy: doesn't show hand 
*** SUMMARY ***
Total pot $0.04 | Rake $0 
Seat 1: mggL89 (button) folded before Flop (didn't bet)
Seat 2: richymen_15 (small blind) folded before Flop
Seat 3: born8sleepy (big blind) collected ($0.04)
Seat 4: dvernik folded before Flop (didn't bet)
Seat 5: HubertusB folded before Flop (didn't bet)
Seat 6: FoR_Shai folded before Flop (didn't bet)



PokerStars Zoom Hand #186687726932:  Hold'em No Limit ($0.02/$0.05) - 2018/05/21 21:11:14 CCT [2018/05/21 9:11:14 ET]
Table 'Donati' 6-max Seat #1 is the button
Seat 1: Gelford ($5.60 in chips) 
Seat 2: Guernik ($5.03 in chips) 
Seat 3: Cadu_171 ($5.55 in chips) 
Seat 4: Bismarck0308 ($1.10 in chips) 
Seat 5: matko031 ($7.20 in chips) 
Seat 6: HubertusB ($5.09 in chips) 
Guernik: posts small blind $0.02
Cadu_171: posts big blind $0.05
*** HOLE CARDS ***
Dealt to HubertusB [4c Kd]
Bismarck0308: folds 
matko031: folds 
HubertusB: folds 
Gelford: folds 
Guernik: folds 
Uncalled bet ($0.03) returned to Cadu_171
Cadu_171 collected $0.04 from pot
Cadu_171: doesn't show hand 
*** SUMMARY ***
Total pot $0.04 | Rake $0 
Seat 1: Gelford (button) folded before Flop (didn't bet)
Seat 2: Guernik (small blind) folded before Flop
Seat 3: Cadu_171 (big blind) collected ($0.04)
Seat 4: Bismarck0308 folded before Flop (didn't bet)
Seat 5: matko031 folded before Flop (didn't bet)
Seat 6: HubertusB folded before Flop (didn't bet)



PokerStars Zoom Hand #186687735600:  Hold'em No Limit ($0.02/$0.05) - 2018/05/21 21:11:32 CCT [2018/05/21 9:11:32 ET]
Table 'Donati' 6-max Seat #1 is the button
Seat 1: HubertusB ($5.04 in chips) 
Seat 2: BestHandle ($2.20 in chips) 
Seat 3: opilaso ($8.94 in chips) 
Seat 4: legudge ($5.02 in chips) 
Seat 5: barada89 ($4.90 in chips) 
Seat 6: earakaki92 ($4.96 in chips) 
BestHandle: posts small blind $0.02
opilaso: posts big blind $0.05
*** HOLE CARDS ***
Dealt to HubertusB [4s Ks]
legudge: folds 
barada89: folds 
earakaki92: raises $0.10 to $0.15
HubertusB: folds 
BestHandle: folds 
opilaso: folds 
Uncalled bet ($0.10) returned to earakaki92
earakaki92 collected $0.12 from pot
earakaki92: doesn't show hand 
*** SUMMARY ***
Total pot $0.12 | Rake $0 
Seat 1: HubertusB (button) folded before Flop (didn't bet)
Seat 2: BestHandle (small blind) folded before Flop
Seat 3: opilaso (big blind) folded before Flop
Seat 4: legudge folded before Flop (didn't bet)
Seat 5: barada89 folded before Flop (didn't bet)
Seat 6: earakaki92 collected ($0.12)



PokerStars Zoom Hand #186687737937:  Hold'em No Limit ($0.02/$0.05) - 2018/05/21 21:11:37 CCT [2018/05/21 9:11:37 ET]
Table 'Donati' 6-max Seat #1 is the button
Seat 1: maltrine ($5.06 in chips) 
Seat 2: HubertusB ($5.04 in chips) 
Seat 3: Ruabe ($5 in chips) 
Seat 4: natali477 ($2.47 in chips) 
Seat 5: krp4 ($6.01 in chips) 
Seat 6: GabrielCH88 ($5.11 in chips) 
HubertusB: posts small blind $0.02
Ruabe: posts big blind $0.05
*** HOLE CARDS ***
Dealt to HubertusB [Qs 3c]
natali477: folds 
krp4: folds 
GabrielCH88: folds 
maltrine: raises $0.07 to $0.12
HubertusB: folds 
Ruabe: folds 
Uncalled bet ($0.07) returned to maltrine
maltrine collected $0.12 from pot
maltrine: doesn't show hand 
*** SUMMARY ***
Total pot $0.12 | Rake $0 
Seat 1: maltrine (button) collected ($0.12)
Seat 2: HubertusB (small blind) folded before Flop
Seat 3: Ruabe (big blind) folded before Flop
Seat 4: natali477 folded before Flop (didn't bet)
Seat 5: krp4 folded before Flop (didn't bet)
Seat 6: GabrielCH88 folded before Flop (didn't bet)



PokerStars Zoom Hand #186687739815:  Hold'em No Limit ($0.02/$0.05) - 2018/05/21 21:11:41 CCT [2018/05/21 9:11:41 ET]
Table 'Donati' 6-max Seat #1 is the button
Seat 1: RAIN_ACID ($5.98 in chips) 
Seat 2: jave1975 ($2.19 in chips) 
Seat 3: JNeoh ($13.53 in chips) 
Seat 4: TadoJay ($1.98 in chips) 
Seat 5: HubertusB ($5.02 in chips) 
Seat 6: Raika_364 ($6.68 in chips) 
jave1975: posts small blind $0.02
JNeoh: posts big blind $0.05
*** HOLE CARDS ***
Dealt to HubertusB [3c 6c]
TadoJay: folds 
HubertusB: folds 
Raika_364: folds 
RAIN_ACID: folds 
jave1975: raises $0.10 to $0.15
JNeoh: folds 
Uncalled bet ($0.10) returned to jave1975
jave1975 collected $0.10 from pot
jave1975: doesn't show hand 
*** SUMMARY ***
Total pot $0.10 | Rake $0 
Seat 1: RAIN_ACID (button) folded before Flop (didn't bet)
Seat 2: jave1975 (small blind) collected ($0.10)
Seat 3: JNeoh (big blind) folded before Flop
Seat 4: TadoJay folded before Flop (didn't bet)
Seat 5: HubertusB folded before Flop (didn't bet)
Seat 6: Raika_364 folded before Flop (didn't bet)



PokerStars Zoom Hand #186687742609:  Hold'em No Limit ($0.02/$0.05) - 2018/05/21 21:11:47 CCT [2018/05/21 9:11:47 ET]
Table 'Donati' 6-max Seat #1 is the button
Seat 1: horstborsto ($13.27 in chips) 
Seat 2: hoyosuk513 ($9.67 in chips) 
Seat 3: HubertusB ($5.02 in chips) 
Seat 4: Truth711 ($8.99 in chips) 
Seat 5: Guernik ($5.25 in chips) 
Seat 6: vvwvv52117 ($3.48 in chips) 
hoyosuk513: posts small blind $0.02
HubertusB: posts big blind $0.05
*** HOLE CARDS ***
Dealt to HubertusB [Ac 5c]
Truth711: folds 
Guernik: folds 
vvwvv52117: folds 
horstborsto: folds 
hoyosuk513: folds 
Uncalled bet ($0.03) returned to HubertusB
HubertusB collected $0.04 from pot
HubertusB: doesn't show hand 
*** SUMMARY ***
Total pot $0.04 | Rake $0 
Seat 1: horstborsto (button) folded before Flop (didn't bet)
Seat 2: hoyosuk513 (small blind) folded before Flop
Seat 3: HubertusB (big blind) collected ($0.04)
Seat 4: Truth711 folded before Flop (didn't bet)
Seat 5: Guernik folded before Flop (didn't bet)
Seat 6: vvwvv52117 folded before Flop (didn't bet)



PokerStars Zoom Hand #186687747395:  Hold'em No Limit ($0.02/$0.05) - 2018/05/21 21:11:57 CCT [2018/05/21 9:11:57 ET]
Table 'Donati' 6-max Seat #1 is the button
Seat 1: cRaZyEiGhT85 ($5.07 in chips) 
Seat 2: jason032323 ($5.49 in chips) 
Seat 3: ilsol ($12.29 in chips) 
Seat 4: HubertusB ($5.04 in chips) 
Seat 5: Vakaris22 ($3.72 in chips) 
Seat 6: sam2207 ($6.66 in chips) 
jason032323: posts small blind $0.02
ilsol: posts big blind $0.05
*** HOLE CARDS ***
Dealt to HubertusB [5c Ah]
HubertusB: folds 
Vakaris22: folds 
sam2207: folds 
cRaZyEiGhT85: folds 
jason032323: folds 
Uncalled bet ($0.03) returned to ilsol
ilsol collected $0.04 from pot
ilsol: doesn't show hand 
*** SUMMARY ***
Total pot $0.04 | Rake $0 
Seat 1: cRaZyEiGhT85 (button) folded before Flop (didn't bet)
Seat 2: jason032323 (small blind) folded before Flop
Seat 3: ilsol (big blind) collected ($0.04)
Seat 4: HubertusB folded before Flop (didn't bet)
Seat 5: Vakaris22 folded before Flop (didn't bet)
Seat 6: sam2207 folded before Flop (didn't bet)



PokerStars Zoom Hand #186687749809:  Hold'em No Limit ($0.02/$0.05) - 2018/05/21 21:12:02 CCT [2018/05/21 9:12:02 ET]
Table 'Donati' 6-max Seat #1 is the button
Seat 1: HubertusB ($5.04 in chips) 
Seat 2: mggL89 ($2.38 in chips) 
Seat 3: Youchern ($1.93 in chips) 
Seat 4: sedoi746 ($8.01 in chips) 
Seat 5: JhonnyShu ($6.70 in chips) 
Seat 6: kuqi81 ($7.28 in chips) 
mggL89: posts small blind $0.02
Youchern: posts big blind $0.05
*** HOLE CARDS ***
Dealt to HubertusB [3s 8h]
sedoi746: folds 
JhonnyShu: folds 
kuqi81: folds 
HubertusB: folds 
mggL89: folds 
Uncalled bet ($0.03) returned to Youchern
Youchern collected $0.04 from pot
Youchern: doesn't show hand 
*** SUMMARY ***
Total pot $0.04 | Rake $0 
Seat 1: HubertusB (button) folded before Flop (didn't bet)
Seat 2: mggL89 (small blind) folded before Flop
Seat 3: Youchern (big blind) collected ($0.04)
Seat 4: sedoi746 folded before Flop (didn't bet)
Seat 5: JhonnyShu folded before Flop (didn't bet)
Seat 6: kuqi81 folded before Flop (didn't bet)



PokerStars Zoom Hand #186687730352:  Hold'em No Limit ($0.02/$0.05) - 2018/05/21 21:11:21 CCT [2018/05/21 9:11:21 ET]
Table 'Donati' 6-max Seat #1 is the button
Seat 1: Dokerokk23 ($10.56 in chips) 
Seat 2: krp4 ($6.03 in chips) 
Seat 3: HubertusB ($5.09 in chips) 
Seat 4: st_john888 ($6.27 in chips) 
Seat 5: mr.taverner ($5.33 in chips) 
Seat 6: viktor650768 ($3.01 in chips) 
krp4: posts small blind $0.02
HubertusB: posts big blind $0.05
*** HOLE CARDS ***
Dealt to HubertusB [9c 2c]
st_john888: raises $0.05 to $0.10
mr.taverner: raises $0.22 to $0.32
viktor650768: calls $0.32
Dokerokk23: folds 
krp4: folds 
HubertusB: folds 
st_john888: calls $0.22
*** FLOP *** [Ks 4c Jh]
st_john888: checks 
mr.taverner: checks 
viktor650768: checks 
*** TURN *** [Ks 4c Jh] [2d]
st_john888: checks 
mr.taverner: checks 
viktor650768: checks 
*** RIVER *** [Ks 4c Jh 2d] [Js]
st_john888: checks 
mr.taverner: checks 
viktor650768: bets $1
st_john888: calls $1
mr.taverner: folds 
*** SHOW DOWN ***
viktor650768: shows [Ah 9h] (a pair of Jacks)
st_john888: shows [3s 3h] (two pair, Jacks and Threes)
st_john888 collected $2.90 from pot
*** SUMMARY ***
Total pot $3.03 | Rake $0.13 
Board [Ks 4c Jh 2d Js]
Seat 1: Dokerokk23 (button) folded before Flop (didn't bet)
Seat 2: krp4 (small blind) folded before Flop
Seat 3: HubertusB (big blind) folded before Flop
Seat 4: st_john888 showed [3s 3h] and won ($2.90) with two pair, Jacks and Threes
Seat 5: mr.taverner folded on the River
Seat 6: viktor650768 showed [Ah 9h] and lost with a pair of Jacks



PokerStars Zoom Hand #186687758405:  Hold'em No Limit ($0.02/$0.05) - 2018/05/21 21:12:20 CCT [2018/05/21 9:12:20 ET]
Table 'Donati' 6-max Seat #1 is the button
Seat 1: xiazhen ($5.98 in chips) 
Seat 2: anorectal ($29.18 in chips) 
Seat 3: Roode fluch ($3 in chips) 
Seat 4: bolseiroo ($8.45 in chips) 
Seat 5: earakaki92 ($7.18 in chips) 
Seat 6: HubertusB ($5.02 in chips) 
anorectal: posts small blind $0.02
Roode fluch: posts big blind $0.05
*** HOLE CARDS ***
Dealt to HubertusB [Qd 3c]
bolseiroo: folds 
earakaki92: folds 
HubertusB: folds 
xiazhen: folds 
anorectal: folds 
Uncalled bet ($0.03) returned to Roode fluch
Roode fluch collected $0.04 from pot
Roode fluch: doesn't show hand 
*** SUMMARY ***
Total pot $0.04 | Rake $0 
Seat 1: xiazhen (button) folded before Flop (didn't bet)
Seat 2: anorectal (small blind) folded before Flop
Seat 3: Roode fluch (big blind) collected ($0.04)
Seat 4: bolseiroo folded before Flop (didn't bet)
Seat 5: earakaki92 folded before Flop (didn't bet)
Seat 6: HubertusB folded before Flop (didn't bet)



PokerStars Zoom Hand #186687755565:  Hold'em No Limit ($0.02/$0.05) - 2018/05/21 21:12:14 CCT [2018/05/21 9:12:14 ET]
Table 'Donati' 6-max Seat #1 is the button
Seat 1: lazy_deer ($5.57 in chips) 
Seat 2: HubertusB ($5.04 in chips) 
Seat 3: SilverSatori ($5.19 in chips) 
Seat 4: msskmss ($6.11 in chips) 
Seat 5: jaanis1983 ($5.10 in chips) 
Seat 6: ViktarRudzen ($1.81 in chips) 
HubertusB: posts small blind $0.02
SilverSatori: posts big blind $0.05
*** HOLE CARDS ***
Dealt to HubertusB [3s Qd]
msskmss: folds 
jaanis1983: folds 
ViktarRudzen: folds 
lazy_deer: raises $0.07 to $0.12
HubertusB: folds 
SilverSatori: folds 
Uncalled bet ($0.07) returned to lazy_deer
lazy_deer collected $0.12 from pot
lazy_deer: doesn't show hand 
*** SUMMARY ***
Total pot $0.12 | Rake $0 
Seat 1: lazy_deer (button) collected ($0.12)
Seat 2: HubertusB (small blind) folded before Flop
Seat 3: SilverSatori (big blind) folded before Flop
Seat 4: msskmss folded before Flop (didn't bet)
Seat 5: jaanis1983 folded before Flop (didn't bet)
Seat 6: ViktarRudzen folded before Flop (didn't bet)



PokerStars Zoom Hand #186687763585:  Hold'em No Limit ($0.02/$0.05) - 2018/05/21 21:12:31 CCT [2018/05/21 9:12:31 ET]
Table 'Donati' 6-max Seat #1 is the button
Seat 1: Xibaze ($5 in chips) 
Seat 2: BigRafael ($5.02 in chips) 
Seat 3: lemonylime ($6.55 in chips) 
Seat 4: HubertusB ($5.02 in chips) 
Seat 5: JhonnyShu ($7.13 in chips) 
Seat 6: Gelford ($6.37 in chips) 
BigRafael: posts small blind $0.02
lemonylime: posts big blind $0.05
*** HOLE CARDS ***
Dealt to HubertusB [6c 3h]
HubertusB: folds 
JhonnyShu: raises $0.10 to $0.15
Gelford: folds 
Xibaze: folds 
BigRafael: folds 
lemonylime: folds 
Uncalled bet ($0.10) returned to JhonnyShu
JhonnyShu collected $0.12 from pot
JhonnyShu: doesn't show hand 
*** SUMMARY ***
Total pot $0.12 | Rake $0 
Seat 1: Xibaze (button) folded before Flop (didn't bet)
Seat 2: BigRafael (small blind) folded before Flop
Seat 3: lemonylime (big blind) folded before Flop
Seat 4: HubertusB folded before Flop (didn't bet)
Seat 5: JhonnyShu collected ($0.12)
Seat 6: Gelford folded before Flop (didn't bet)



PokerStars Zoom Hand #186687766437:  Hold'em No Limit ($0.02/$0.05) - 2018/05/21 21:12:37 CCT [2018/05/21 9:12:37 ET]
Table 'Donati' 6-max Seat #1 is the button
Seat 1: belgas33 ($8.38 in chips) 
Seat 2: Igor86554 ($10.10 in chips) 
Seat 3: imagexxl ($4.95 in chips) 
Seat 4: Reesor01 ($5 in chips) 
Seat 5: HubertusB ($5.02 in chips) 
Seat 6: GOMEZ909 ($0.82 in chips) 
Igor86554: posts small blind $0.02
imagexxl: posts big blind $0.05
*** HOLE CARDS ***
Dealt to HubertusB [7c 7h]
Reesor01: folds 
HubertusB: raises $0.05 to $0.10
GOMEZ909: raises $0.72 to $0.82 and is all-in
belgas33: folds 
Igor86554: folds 
imagexxl: folds 
HubertusB: calls $0.72
*** FLOP *** [8d 9h 2h]
*** TURN *** [8d 9h 2h] [Td]
*** RIVER *** [8d 9h 2h Td] [Qh]
*** SHOW DOWN ***
HubertusB: shows [7c 7h] (a pair of Sevens)
GOMEZ909: shows [Ad Qd] (a pair of Queens)
GOMEZ909 collected $1.64 from pot
*** SUMMARY ***
Total pot $1.71 | Rake $0.07 
Board [8d 9h 2h Td Qh]
Seat 1: belgas33 (button) folded before Flop (didn't bet)
Seat 2: Igor86554 (small blind) folded before Flop
Seat 3: imagexxl (big blind) folded before Flop
Seat 4: Reesor01 folded before Flop (didn't bet)
Seat 5: HubertusB showed [7c 7h] and lost with a pair of Sevens
Seat 6: GOMEZ909 showed [Ad Qd] and won ($1.64) with a pair of Queens



PokerStars Zoom Hand #186687777322:  Hold'em No Limit ($0.02/$0.05) - 2018/05/21 21:13:00 CCT [2018/05/21 9:13:00 ET]
Table 'Donati' 6-max Seat #1 is the button
Seat 1: pashqadk ($5 in chips) 
Seat 2: sizuu1225 ($10.20 in chips) 
Seat 3: HubertusB ($4.20 in chips) 
Seat 4: bolseiroo ($6.11 in chips) 
Seat 5: oleg777886 ($5.07 in chips) 
Seat 6: Raika_364 ($5.31 in chips) 
sizuu1225: posts small blind $0.02
HubertusB: posts big blind $0.05
*** HOLE CARDS ***
Dealt to HubertusB [Ks Kh]
bolseiroo: folds 
oleg777886: folds 
Raika_364: folds 
pashqadk: folds 
sizuu1225: folds 
Uncalled bet ($0.03) returned to HubertusB
HubertusB collected $0.04 from pot
HubertusB: doesn't show hand 
*** SUMMARY ***
Total pot $0.04 | Rake $0 
Seat 1: pashqadk (button) folded before Flop (didn't bet)
Seat 2: sizuu1225 (small blind) folded before Flop
Seat 3: HubertusB (big blind) collected ($0.04)
Seat 4: bolseiroo folded before Flop (didn't bet)
Seat 5: oleg777886 folded before Flop (didn't bet)
Seat 6: Raika_364 folded before Flop (didn't bet)



PokerStars Zoom Hand #186687760735:  Hold'em No Limit ($0.02/$0.05) - 2018/05/21 21:12:25 CCT [2018/05/21 9:12:25 ET]
Table 'Donati' 6-max Seat #1 is the button
Seat 1: mastervanek ($6.08 in chips) 
Seat 2: GGssmeda ($14.72 in chips) 
Seat 3: hojen666 ($6.42 in chips) 
Seat 4: FoR_Shai ($14.63 in chips) 
Seat 5: HubertusB ($5.02 in chips) 
Seat 6: Burkinator99 ($5.51 in chips) 
GGssmeda: posts small blind $0.02
hojen666: posts big blind $0.05
*** HOLE CARDS ***
Dealt to HubertusB [8c 5d]
FoR_Shai: folds 
HubertusB: folds 
Burkinator99: raises $0.07 to $0.12
mastervanek: folds 
GGssmeda: folds 
hojen666: calls $0.07
*** FLOP *** [Ah Jh Qh]
hojen666: bets $0.19
Burkinator99: calls $0.19
*** TURN *** [Ah Jh Qh] [5h]
hojen666: checks 
Burkinator99: checks 
*** RIVER *** [Ah Jh Qh 5h] [6c]
hojen666: checks 
Burkinator99: checks 
*** SHOW DOWN ***
hojen666: shows [Js Ad] (two pair, Aces and Jacks)
Burkinator99: shows [Ks Ts] (a straight, Ten to Ace)
Burkinator99 collected $0.61 from pot
*** SUMMARY ***
Total pot $0.64 | Rake $0.03 
Board [Ah Jh Qh 5h 6c]
Seat 1: mastervanek (button) folded before Flop (didn't bet)
Seat 2: GGssmeda (small blind) folded before Flop
Seat 3: hojen666 (big blind) showed [Js Ad] and lost with two pair, Aces and Jacks
Seat 4: FoR_Shai folded before Flop (didn't bet)
Seat 5: HubertusB folded before Flop (didn't bet)
Seat 6: Burkinator99 showed [Ks Ts] and won ($0.61) with a straight, Ten to Ace



PokerStars Zoom Hand #186687784930:  Hold'em No Limit ($0.02/$0.05) - 2018/05/21 21:13:16 CCT [2018/05/21 9:13:16 ET]
Table 'Donati' 6-max Seat #1 is the button
Seat 1: Zheka-Alaei ($5 in chips) 
Seat 2: HubertusB ($4.22 in chips) 
Seat 3: kranovoy22 ($6.54 in chips) 
Seat 4: pashqadk ($5 in chips) 
Seat 5: RAIN_ACID ($5.63 in chips) 
Seat 6: serge87100 ($11.48 in chips) 
HubertusB: posts small blind $0.02
kranovoy22: posts big blind $0.05
*** HOLE CARDS ***
Dealt to HubertusB [3s 3d]
pashqadk: folds 
RAIN_ACID: folds 
serge87100: raises $0.07 to $0.12
Zheka-Alaei: folds 
HubertusB: folds 
kranovoy22: folds 
Uncalled bet ($0.07) returned to serge87100
serge87100 collected $0.12 from pot
serge87100: doesn't show hand 
*** SUMMARY ***
Total pot $0.12 | Rake $0 
Seat 1: Zheka-Alaei (button) folded before Flop (didn't bet)
Seat 2: HubertusB (small blind) folded before Flop
Seat 3: kranovoy22 (big blind) folded before Flop
Seat 4: pashqadk folded before Flop (didn't bet)
Seat 5: RAIN_ACID folded before Flop (didn't bet)
Seat 6: serge87100 collected ($0.12)



PokerStars Zoom Hand #186687788228:  Hold'em No Limit ($0.02/$0.05) - 2018/05/21 21:13:23 CCT [2018/05/21 9:13:23 ET]
Table 'Donati' 6-max Seat #1 is the button
Seat 1: SereGka228 ($5 in chips) 
Seat 2: ANN11061962 ($10.88 in chips) 
Seat 3: Izaak247 ($4.77 in chips) 
Seat 4: Antrax3067 ($4.71 in chips) 
Seat 5: xainer007 ($2.63 in chips) 
Seat 6: HubertusB ($4.20 in chips) 
ANN11061962: posts small blind $0.02
Izaak247: posts big blind $0.05
*** HOLE CARDS ***
Dealt to HubertusB [Ah Jh]
Antrax3067: folds 
xainer007: folds 
HubertusB: raises $0.10 to $0.15
SereGka228: folds 
ANN11061962: folds 
Izaak247: folds 
Uncalled bet ($0.10) returned to HubertusB
HubertusB collected $0.12 from pot
HubertusB: doesn't show hand 
*** SUMMARY ***
Total pot $0.12 | Rake $0 
Seat 1: SereGka228 (button) folded before Flop (didn't bet)
Seat 2: ANN11061962 (small blind) folded before Flop
Seat 3: Izaak247 (big blind) folded before Flop
Seat 4: Antrax3067 folded before Flop (didn't bet)
Seat 5: xainer007 folded before Flop (didn't bet)
Seat 6: HubertusB collected ($0.12)



PokerStars Zoom Hand #186687794845:  Hold'em No Limit ($0.02/$0.05) - 2018/05/21 21:13:37 CCT [2018/05/21 9:13:37 ET]
Table 'Donati' 6-max Seat #1 is the button
Seat 1: leonidsss ($10.88 in chips) 
Seat 2: smudge120681 ($5 in chips) 
Seat 3: msskmss ($6.30 in chips) 
Seat 4: HubertusB ($4.27 in chips) 
Seat 5: Gissbon ($5.51 in chips) 
Seat 6: winn3r99 ($5 in chips) 
smudge120681: posts small blind $0.02
msskmss: posts big blind $0.05
*** HOLE CARDS ***
Dealt to HubertusB [Kd 6h]
HubertusB: folds 
Gissbon: folds 
winn3r99: folds 
leonidsss: raises $0.05 to $0.10
smudge120681: folds 
msskmss: calls $0.05
*** FLOP *** [9d 9s 4h]
msskmss: checks 
leonidsss: checks 
*** TURN *** [9d 9s 4h] [Ad]
msskmss: checks 
leonidsss: checks 
*** RIVER *** [9d 9s 4h Ad] [Jh]
msskmss: checks 
leonidsss: checks 
*** SHOW DOWN ***
msskmss: shows [Ts Qh] (a pair of Nines)
leonidsss: shows [7c Kc] (a pair of Nines - Ace+King kicker)
leonidsss collected $0.21 from pot
*** SUMMARY ***
Total pot $0.22 | Rake $0.01 
Board [9d 9s 4h Ad Jh]
Seat 1: leonidsss (button) showed [7c Kc] and won ($0.21) with a pair of Nines
Seat 2: smudge120681 (small blind) folded before Flop
Seat 3: msskmss (big blind) showed [Ts Qh] and lost with a pair of Nines
Seat 4: HubertusB folded before Flop (didn't bet)
Seat 5: Gissbon folded before Flop (didn't bet)
Seat 6: winn3r99 folded before Flop (didn't bet)



PokerStars Zoom Hand #186687797208:  Hold'em No Limit ($0.02/$0.05) - 2018/05/21 21:13:42 CCT [2018/05/21 9:13:42 ET]
Table 'Donati' 6-max Seat #1 is the button
Seat 1: MeLLWiNN ($8.12 in chips) 
Seat 2: 510suzy ($2.46 in chips) 
Seat 3: HubertusB ($4.27 in chips) 
Seat 4: chordoma ($3.96 in chips) 
Seat 5: sam2207 ($7.42 in chips) 
Seat 6: Gissbon ($5.51 in chips) 
510suzy: posts small blind $0.02
HubertusB: posts big blind $0.05
*** HOLE CARDS ***
Dealt to HubertusB [As 3s]
chordoma: calls $0.05
sam2207: folds 
Gissbon: folds 
MeLLWiNN: raises $0.10 to $0.15
510suzy: folds 
HubertusB: folds 
chordoma: calls $0.10
*** FLOP *** [8s 7c Ad]
chordoma: checks 
MeLLWiNN: bets $0.21
chordoma: calls $0.21
*** TURN *** [8s 7c Ad] [Jh]
chordoma: checks 
MeLLWiNN: checks 
*** RIVER *** [8s 7c Ad Jh] [Jc]
chordoma: checks 
MeLLWiNN: checks 
*** SHOW DOWN ***
chordoma: shows [8d 4d] (two pair, Jacks and Eights)
MeLLWiNN: shows [Qs Qc] (two pair, Queens and Jacks)
MeLLWiNN collected $0.76 from pot
*** SUMMARY ***
Total pot $0.79 | Rake $0.03 
Board [8s 7c Ad Jh Jc]
Seat 1: MeLLWiNN (button) showed [Qs Qc] and won ($0.76) with two pair, Queens and Jacks
Seat 2: 510suzy (small blind) folded before Flop
Seat 3: HubertusB (big blind) folded before Flop
Seat 4: chordoma showed [8d 4d] and lost with two pair, Jacks and Eights
Seat 5: sam2207 folded before Flop (didn't bet)
Seat 6: Gissbon folded before Flop (didn't bet)



PokerStars Zoom Hand #186687802422:  Hold'em No Limit ($0.02/$0.05) - 2018/05/21 21:13:53 CCT [2018/05/21 9:13:53 ET]
Table 'Donati' 6-max Seat #1 is the button
Seat 1: Gissbon ($5.67 in chips) 
Seat 2: belgas33 ($8.24 in chips) 
Seat 3: sss77108 ($8.76 in chips) 
Seat 4: richymen_15 ($5.05 in chips) 
Seat 5: jeffpig16 ($9.75 in chips) 
Seat 6: HubertusB ($4.22 in chips) 
belgas33: posts small blind $0.02
sss77108: posts big blind $0.05
*** HOLE CARDS ***
Dealt to HubertusB [2c Ac]
richymen_15: raises $0.07 to $0.12
jeffpig16: folds 
HubertusB: calls $0.12
Gissbon: folds 
belgas33: folds 
sss77108: raises $0.68 to $0.80
richymen_15: folds 
HubertusB: folds 
Uncalled bet ($0.68) returned to sss77108
sss77108 collected $0.38 from pot
sss77108: doesn't show hand 
*** SUMMARY ***
Total pot $0.38 | Rake $0 
Seat 1: Gissbon (button) folded before Flop (didn't bet)
Seat 2: belgas33 (small blind) folded before Flop
Seat 3: sss77108 (big blind) collected ($0.38)
Seat 4: richymen_15 folded before Flop
Seat 5: jeffpig16 folded before Flop (didn't bet)
Seat 6: HubertusB folded before Flop



PokerStars Zoom Hand #186687815184:  Hold'em No Limit ($0.02/$0.05) - 2018/05/21 21:14:20 CCT [2018/05/21 9:14:20 ET]
Table 'Donati' 6-max Seat #1 is the button
Seat 1: positano7373 ($5.36 in chips) 
Seat 2: siver79 ($5 in chips) 
Seat 3: Grecu95 ($6.02 in chips) 
Seat 4: rutsanaM ($6.33 in chips) 
Seat 5: HubertusB ($4.10 in chips) 
Seat 6: Chapaev136 ($4.93 in chips) 
siver79: posts small blind $0.02
Grecu95: posts big blind $0.05
*** HOLE CARDS ***
Dealt to HubertusB [Ks 4c]
rutsanaM: folds 
HubertusB: folds 
Chapaev136: folds 
positano7373: folds 
siver79: folds 
Uncalled bet ($0.03) returned to Grecu95
Grecu95 collected $0.04 from pot
Grecu95: doesn't show hand 
*** SUMMARY ***
Total pot $0.04 | Rake $0 
Seat 1: positano7373 (button) folded before Flop (didn't bet)
Seat 2: siver79 (small blind) folded before Flop
Seat 3: Grecu95 (big blind) collected ($0.04)
Seat 4: rutsanaM folded before Flop (didn't bet)
Seat 5: HubertusB folded before Flop (didn't bet)
Seat 6: Chapaev136 folded before Flop (didn't bet)



PokerStars Zoom Hand #186687817615:  Hold'em No Limit ($0.02/$0.05) - 2018/05/21 21:14:25 CCT [2018/05/21 9:14:25 ET]
Table 'Donati' 6-max Seat #1 is the button
Seat 1: ViktarRudzen ($1.50 in chips) 
Seat 2: HubertusB ($4.10 in chips) 
Seat 3: tomidzu ($3.69 in chips) 
Seat 4: whitedust666 ($6.43 in chips) 
Seat 5: Impaxz ($2.30 in chips) 
Seat 6: trelogiatrs3 ($4.57 in chips) 
HubertusB: posts small blind $0.02
tomidzu: posts big blind $0.05
*** HOLE CARDS ***
Dealt to HubertusB [9h 6d]
whitedust666: folds 
Impaxz: folds 
trelogiatrs3: folds 
ViktarRudzen: raises $0.10 to $0.15
HubertusB: folds 
tomidzu: folds 
Uncalled bet ($0.10) returned to ViktarRudzen
ViktarRudzen collected $0.12 from pot
ViktarRudzen: doesn't show hand 
*** SUMMARY ***
Total pot $0.12 | Rake $0 
Seat 1: ViktarRudzen (button) collected ($0.12)
Seat 2: HubertusB (small blind) folded before Flop
Seat 3: tomidzu (big blind) folded before Flop
Seat 4: whitedust666 folded before Flop (didn't bet)
Seat 5: Impaxz folded before Flop (didn't bet)
Seat 6: trelogiatrs3 folded before Flop (didn't bet)



PokerStars Zoom Hand #186687782538:  Hold'em No Limit ($0.02/$0.05) - 2018/05/21 21:13:11 CCT [2018/05/21 9:13:11 ET]
Table 'Donati' 6-max Seat #1 is the button
Seat 1: HubertusB ($4.22 in chips) 
Seat 2: Raika_364 ($7.34 in chips) 
Seat 3: xiazhen ($5.50 in chips) 
Seat 4: pashqadk ($5 in chips) 
Seat 5: OsloVest ($9.59 in chips) 
Seat 6: ANANATOR ($6.09 in chips) 
Raika_364: posts small blind $0.02
xiazhen: posts big blind $0.05
*** HOLE CARDS ***
Dealt to HubertusB [2c As]
pashqadk: folds 
OsloVest: folds 
ANANATOR: raises $0.07 to $0.12
HubertusB: folds 
Raika_364: folds 
xiazhen: calls $0.07
*** FLOP *** [Jh 6c 7d]
xiazhen: checks 
ANANATOR: bets $0.12
xiazhen: calls $0.12
*** TURN *** [Jh 6c 7d] [Kc]
xiazhen: checks 
ANANATOR: bets $0.25
xiazhen: raises $0.25 to $0.50
ANANATOR: calls $0.25
*** RIVER *** [Jh 6c 7d Kc] [8c]
xiazhen: bets $0.79
ANANATOR: raises $1.58 to $2.37
xiazhen: folds 
Uncalled bet ($1.58) returned to ANANATOR
ANANATOR collected $2.95 from pot
ANANATOR: doesn't show hand 
*** SUMMARY ***
Total pot $3.08 | Rake $0.13 
Board [Jh 6c 7d Kc 8c]
Seat 1: HubertusB (button) folded before Flop (didn't bet)
Seat 2: Raika_364 (small blind) folded before Flop
Seat 3: xiazhen (big blind) folded on the River
Seat 4: pashqadk folded before Flop (didn't bet)
Seat 5: OsloVest folded before Flop (didn't bet)
Seat 6: ANANATOR collected ($2.95)



PokerStars Zoom Hand #186687822905:  Hold'em No Limit ($0.02/$0.05) - 2018/05/21 21:14:36 CCT [2018/05/21 9:14:36 ET]
Table 'Donati' 6-max Seat #1 is the button
Seat 1: HubertusB ($4.08 in chips) 
Seat 2: FACCHETADE$ ($3.46 in chips) 
Seat 3: UltraRunnerr ($18.75 in chips) 
Seat 4: Phil Ounce ($8.80 in chips) 
Seat 5: jason032323 ($5.05 in chips) 
Seat 6: Xibaze ($5 in chips) 
FACCHETADE$: posts small blind $0.02
UltraRunnerr: posts big blind $0.05
*** HOLE CARDS ***
Dealt to HubertusB [Qs Ts]
Phil Ounce: folds 
jason032323: folds 
Xibaze: folds 
HubertusB: raises $0.10 to $0.15
FACCHETADE$: calls $0.13
UltraRunnerr: folds 
*** FLOP *** [4h 4d 9h]
FACCHETADE$: checks 
HubertusB: checks 
*** TURN *** [4h 4d 9h] [6c]
FACCHETADE$: bets $0.23
HubertusB: folds 
Uncalled bet ($0.23) returned to FACCHETADE$
FACCHETADE$ collected $0.34 from pot
FACCHETADE$: doesn't show hand 
*** SUMMARY ***
Total pot $0.35 | Rake $0.01 
Board [4h 4d 9h 6c]
Seat 1: HubertusB (button) folded on the Turn
Seat 2: FACCHETADE$ (small blind) collected ($0.34)
Seat 3: UltraRunnerr (big blind) folded before Flop
Seat 4: Phil Ounce folded before Flop (didn't bet)
Seat 5: jason032323 folded before Flop (didn't bet)
Seat 6: Xibaze folded before Flop (didn't bet)



PokerStars Zoom Hand #186687820033:  Hold'em No Limit ($0.02/$0.05) - 2018/05/21 21:14:30 CCT [2018/05/21 9:14:30 ET]
Table 'Donati' 6-max Seat #1 is the button
Seat 1: fedkAa ($12.33 in chips) 
Seat 2: kax1385 ($1.22 in chips) 
Seat 3: judith.f ($4.15 in chips) 
Seat 4: Fallen Ang00 ($4.81 in chips) 
Seat 5: HubertusB ($4.08 in chips) 
Seat 6: Levison ($6.17 in chips) 
kax1385: posts small blind $0.02
judith.f: posts big blind $0.05
*** HOLE CARDS ***
Dealt to HubertusB [Tc 5c]
Fallen Ang00 has timed out
Fallen Ang00: folds 
HubertusB: folds 
Levison: folds 
fedkAa: raises $0.10 to $0.15
kax1385: folds 
judith.f: folds 
Uncalled bet ($0.10) returned to fedkAa
fedkAa collected $0.12 from pot
fedkAa: doesn't show hand 
*** SUMMARY ***
Total pot $0.12 | Rake $0 
Seat 1: fedkAa (button) collected ($0.12)
Seat 2: kax1385 (small blind) folded before Flop
Seat 3: judith.f (big blind) folded before Flop
Seat 4: Fallen Ang00 folded before Flop (didn't bet)
Seat 5: HubertusB folded before Flop (didn't bet)
Seat 6: Levison folded before Flop (didn't bet)



PokerStars Zoom Hand #186687835168:  Hold'em No Limit ($0.02/$0.05) - 2018/05/21 21:15:02 CCT [2018/05/21 9:15:02 ET]
Table 'Donati' 6-max Seat #1 is the button
Seat 1: chirva007 ($5 in chips) 
Seat 2: shogi17 ($6.86 in chips) 
Seat 3: HubertusB ($3.93 in chips) 
Seat 4: eliasfleitas ($10.87 in chips) 
Seat 5: winn3r99 ($5 in chips) 
Seat 6: born8sleepy ($5.92 in chips) 
shogi17: posts small blind $0.02
HubertusB: posts big blind $0.05
*** HOLE CARDS ***
Dealt to HubertusB [3d 3h]
eliasfleitas: folds 
winn3r99: folds 
born8sleepy: folds 
chirva007: folds 
shogi17: raises $0.10 to $0.15
HubertusB: raises $0.30 to $0.45
shogi17: folds 
Uncalled bet ($0.30) returned to HubertusB
HubertusB collected $0.30 from pot
HubertusB: doesn't show hand 
*** SUMMARY ***
Total pot $0.30 | Rake $0 
Seat 1: chirva007 (button) folded before Flop (didn't bet)
Seat 2: shogi17 (small blind) folded before Flop
Seat 3: HubertusB (big blind) collected ($0.30)
Seat 4: eliasfleitas folded before Flop (didn't bet)
Seat 5: winn3r99 folded before Flop (didn't bet)
Seat 6: born8sleepy folded before Flop (didn't bet)



PokerStars Zoom Hand #186687845587:  Hold'em No Limit ($0.02/$0.05) - 2018/05/21 21:15:24 CCT [2018/05/21 9:15:24 ET]
Table 'Donati' 6-max Seat #1 is the button
Seat 1: Jeime_Lan ($6.15 in chips) 
Seat 2: MeLLWiNN ($2.16 in chips) 
Seat 3: Igor86554 ($10.59 in chips) 
Seat 4: HubertusB ($4.08 in chips) 
Seat 5: dbr03001 ($5 in chips) 
Seat 6: whitedust666 ($6.51 in chips) 
MeLLWiNN: posts small blind $0.02
Igor86554: posts big blind $0.05
*** HOLE CARDS ***
Dealt to HubertusB [Kd Js]
HubertusB: folds 
dbr03001: folds 
whitedust666: folds 
Jeime_Lan: folds 
MeLLWiNN: folds 
Uncalled bet ($0.03) returned to Igor86554
Igor86554 collected $0.04 from pot
Igor86554: doesn't show hand 
*** SUMMARY ***
Total pot $0.04 | Rake $0 
Seat 1: Jeime_Lan (button) folded before Flop (didn't bet)
Seat 2: MeLLWiNN (small blind) folded before Flop
Seat 3: Igor86554 (big blind) collected ($0.04)
Seat 4: HubertusB folded before Flop (didn't bet)
Seat 5: dbr03001 folded before Flop (didn't bet)
Seat 6: whitedust666 folded before Flop (didn't bet)



PokerStars Zoom Hand #186687850395:  Hold'em No Limit ($0.02/$0.05) - 2018/05/21 21:15:34 CCT [2018/05/21 9:15:34 ET]
Table 'Donati' 6-max Seat #1 is the button
Seat 1: HubertusB ($4.08 in chips) 
Seat 2: sam2207 ($6.91 in chips) 
Seat 3: Adry0616 ($5.43 in chips) 
Seat 4: Yaha 09 ($5 in chips) 
Seat 5: AleksandarMi ($9.35 in chips) 
Seat 6: marcioadrs ($5.67 in chips) 
sam2207: posts small blind $0.02
Adry0616: posts big blind $0.05
*** HOLE CARDS ***
Dealt to HubertusB [8s 4c]
Yaha 09: folds 
AleksandarMi: folds 
marcioadrs: folds 
HubertusB: folds 
sam2207: raises $0.05 to $0.10
Adry0616: folds 
Uncalled bet ($0.05) returned to sam2207
sam2207 collected $0.10 from pot
sam2207: doesn't show hand 
*** SUMMARY ***
Total pot $0.10 | Rake $0 
Seat 1: HubertusB (button) folded before Flop (didn't bet)
Seat 2: sam2207 (small blind) collected ($0.10)
Seat 3: Adry0616 (big blind) folded before Flop
Seat 4: Yaha 09 folded before Flop (didn't bet)
Seat 5: AleksandarMi folded before Flop (didn't bet)
Seat 6: marcioadrs folded before Flop (didn't bet)



PokerStars Zoom Hand #186687852315:  Hold'em No Limit ($0.02/$0.05) - 2018/05/21 21:15:38 CCT [2018/05/21 9:15:38 ET]
Table 'Donati' 6-max Seat #1 is the button
Seat 1: random4iq ($9.92 in chips) 
Seat 2: Fighter485 ($6.32 in chips) 
Seat 3: arti192837 ($5.14 in chips) 
Seat 4: Fredchie ($7.37 in chips) 
Seat 5: mopsrenat ($3.98 in chips) 
Seat 6: HubertusB ($4.08 in chips) 
Fighter485: posts small blind $0.02
arti192837: posts big blind $0.05
*** HOLE CARDS ***
Dealt to HubertusB [6d 4s]
Fredchie: folds 
mopsrenat: folds 
HubertusB: folds 
random4iq: raises $0.07 to $0.12
Fighter485: folds 
arti192837: folds 
Uncalled bet ($0.07) returned to random4iq
random4iq collected $0.12 from pot
random4iq: doesn't show hand 
*** SUMMARY ***
Total pot $0.12 | Rake $0 
Seat 1: random4iq (button) collected ($0.12)
Seat 2: Fighter485 (small blind) folded before Flop
Seat 3: arti192837 (big blind) folded before Flop
Seat 4: Fredchie folded before Flop (didn't bet)
Seat 5: mopsrenat folded before Flop (didn't bet)
Seat 6: HubertusB folded before Flop (didn't bet)



PokerStars Zoom Hand #186687857619:  Hold'em No Limit ($0.02/$0.05) - 2018/05/21 21:15:49 CCT [2018/05/21 9:15:49 ET]
Table 'Donati' 6-max Seat #1 is the button
Seat 1: HubertusB ($4.06 in chips) 
Seat 2: Burkinator99 ($5.08 in chips) 
Seat 3: Raika_364 ($5 in chips) 
Seat 4: Paviloco ($1.24 in chips) 
Seat 5: Ovcharovas ($7.05 in chips) 
Seat 6: fbimerg86 ($6.22 in chips) 
Burkinator99: posts small blind $0.02
Raika_364: posts big blind $0.05
*** HOLE CARDS ***
Dealt to HubertusB [Ah Td]
Paviloco: folds 
Ovcharovas: folds 
fbimerg86: folds 
HubertusB: raises $0.10 to $0.15
Burkinator99: folds 
Raika_364: folds 
Uncalled bet ($0.10) returned to HubertusB
HubertusB collected $0.12 from pot
HubertusB: doesn't show hand 
*** SUMMARY ***
Total pot $0.12 | Rake $0 
Seat 1: HubertusB (button) collected ($0.12)
Seat 2: Burkinator99 (small blind) folded before Flop
Seat 3: Raika_364 (big blind) folded before Flop
Seat 4: Paviloco folded before Flop (didn't bet)
Seat 5: Ovcharovas folded before Flop (didn't bet)
Seat 6: fbimerg86 folded before Flop (didn't bet)



PokerStars Zoom Hand #186687847538:  Hold'em No Limit ($0.02/$0.05) - 2018/05/21 21:15:28 CCT [2018/05/21 9:15:28 ET]
Table 'Donati' 6-max Seat #1 is the button
Seat 1: random4iq ($5.77 in chips) 
Seat 2: luka1981good ($5 in chips) 
Seat 3: MeLLWiNN ($2.14 in chips) 
Seat 4: HubertusB ($4.08 in chips) 
Seat 5: belmain.by ($5.40 in chips) 
Seat 6: value_ftw ($5.18 in chips) 
luka1981good: posts small blind $0.02
MeLLWiNN: posts big blind $0.05
*** HOLE CARDS ***
Dealt to HubertusB [6s Qh]
HubertusB: folds 
belmain.by: raises $0.10 to $0.15
value_ftw: folds 
random4iq: folds 
luka1981good: raises $0.35 to $0.50
MeLLWiNN: folds 
belmain.by: folds 
Uncalled bet ($0.35) returned to luka1981good
luka1981good collected $0.35 from pot
luka1981good: doesn't show hand 
*** SUMMARY ***
Total pot $0.35 | Rake $0 
Seat 1: random4iq (button) folded before Flop (didn't bet)
Seat 2: luka1981good (small blind) collected ($0.35)
Seat 3: MeLLWiNN (big blind) folded before Flop
Seat 4: HubertusB folded before Flop (didn't bet)
Seat 5: belmain.by folded before Flop
Seat 6: value_ftw folded before Flop (didn't bet)



PokerStars Zoom Hand #186687867607:  Hold'em No Limit ($0.02/$0.05) - 2018/05/21 21:16:10 CCT [2018/05/21 9:16:10 ET]
Table 'Donati' 6-max Seat #1 is the button
Seat 1: xiazhen ($6.49 in chips) 
Seat 2: arulary ($7.15 in chips) 
Seat 3: HubertusB ($4.13 in chips) 
Seat 4: Fysio_Logia ($5.92 in chips) 
Seat 5: AleksandarMi ($8.25 in chips) 
Seat 6: judith.f ($3.95 in chips) 
arulary: posts small blind $0.02
HubertusB: posts big blind $0.05
*** HOLE CARDS ***
Dealt to HubertusB [Tc 5h]
Fysio_Logia: raises $0.07 to $0.12
AleksandarMi: folds 
judith.f: folds 
xiazhen: folds 
arulary: folds 
HubertusB: folds 
Uncalled bet ($0.07) returned to Fysio_Logia
Fysio_Logia collected $0.12 from pot
Fysio_Logia: doesn't show hand 
*** SUMMARY ***
Total pot $0.12 | Rake $0 
Seat 1: xiazhen (button) folded before Flop (didn't bet)
Seat 2: arulary (small blind) folded before Flop
Seat 3: HubertusB (big blind) folded before Flop
Seat 4: Fysio_Logia collected ($0.12)
Seat 5: AleksandarMi folded before Flop (didn't bet)
Seat 6: judith.f folded before Flop (didn't bet)



PokerStars Zoom Hand #186687873344:  Hold'em No Limit ($0.02/$0.05) - 2018/05/21 21:16:22 CCT [2018/05/21 9:16:22 ET]
Table 'Donati' 6-max Seat #1 is the button
Seat 1: ilsol ($12.79 in chips) 
Seat 2: mggL89 ($3.11 in chips) 
Seat 3: Ovcharovas ($7.14 in chips) 
Seat 4: ivagro91 ($5.23 in chips) 
Seat 5: HubertusB ($4.08 in chips) 
Seat 6: mvsz06 ($5.35 in chips) 
mggL89: posts small blind $0.02
Ovcharovas: posts big blind $0.05
*** HOLE CARDS ***
Dealt to HubertusB [Ah 9s]
ivagro91: folds 
HubertusB: folds 
mvsz06: folds 
ilsol: raises $0.10 to $0.15
mggL89: folds 
Ovcharovas: folds 
Uncalled bet ($0.10) returned to ilsol
ilsol collected $0.12 from pot
ilsol: doesn't show hand 
*** SUMMARY ***
Total pot $0.12 | Rake $0 
Seat 1: ilsol (button) collected ($0.12)
Seat 2: mggL89 (small blind) folded before Flop
Seat 3: Ovcharovas (big blind) folded before Flop
Seat 4: ivagro91 folded before Flop (didn't bet)
Seat 5: HubertusB folded before Flop (didn't bet)
Seat 6: mvsz06 folded before Flop (didn't bet)



PokerStars Zoom Hand #186687854757:  Hold'em No Limit ($0.02/$0.05) - 2018/05/21 21:15:43 CCT [2018/05/21 9:15:43 ET]
Table 'Donati' 6-max Seat #1 is the button
Seat 1: mopsrenat ($3.98 in chips) 
Seat 2: HubertusB ($4.08 in chips) 
Seat 3: Reesor01 ($5.05 in chips) 
Seat 4: Fredchie ($6.94 in chips) 
Seat 5: Danil548 ($5.65 in chips) 
Seat 6: Dokerokk23 ($21.19 in chips) 
HubertusB: posts small blind $0.02
Reesor01: posts big blind $0.05
*** HOLE CARDS ***
Dealt to HubertusB [4d 2d]
Fredchie: raises $0.10 to $0.15
Danil548: folds 
Dokerokk23: folds 
mopsrenat: folds 
HubertusB: folds 
Reesor01: calls $0.10
*** FLOP *** [Jh 2c 7d]
Reesor01: checks 
Fredchie: bets $0.16
Reesor01: calls $0.16
*** TURN *** [Jh 2c 7d] [8d]
Reesor01: checks 
Fredchie: bets $0.32
Reesor01: calls $0.32
*** RIVER *** [Jh 2c 7d 8d] [2h]
Reesor01: checks 
Fredchie: bets $0.60
Reesor01: raises $0.70 to $1.30
Fredchie: calls $0.70
*** SHOW DOWN ***
Reesor01: shows [Qc Qh] (two pair, Queens and Deuces)
Fredchie: mucks hand 
Reesor01 collected $3.72 from pot
*** SUMMARY ***
Total pot $3.88 | Rake $0.16 
Board [Jh 2c 7d 8d 2h]
Seat 1: mopsrenat (button) folded before Flop (didn't bet)
Seat 2: HubertusB (small blind) folded before Flop
Seat 3: Reesor01 (big blind) showed [Qc Qh] and won ($3.72) with two pair, Queens and Deuces
Seat 4: Fredchie mucked [Js Kd]
Seat 5: Danil548 folded before Flop (didn't bet)
Seat 6: Dokerokk23 folded before Flop (didn't bet)



PokerStars Zoom Hand #186687876683:  Hold'em No Limit ($0.02/$0.05) - 2018/05/21 21:16:29 CCT [2018/05/21 9:16:29 ET]
Table 'Donati' 6-max Seat #1 is the button
Seat 1: eliasfleitas ($11 in chips) 
Seat 2: HubertusB ($4.08 in chips) 
Seat 3: CARE_FULL_Z ($14.06 in chips) 
Seat 4: Ruabe ($5 in chips) 
Seat 5: arti192837 ($5.07 in chips) 
Seat 6: luka1981good ($5.09 in chips) 
HubertusB: posts small blind $0.02
CARE_FULL_Z: posts big blind $0.05
*** HOLE CARDS ***
Dealt to HubertusB [7s 6h]
Ruabe: folds 
arti192837: folds 
luka1981good: folds 
eliasfleitas: raises $0.07 to $0.12
HubertusB: folds 
CARE_FULL_Z: calls $0.07
*** FLOP *** [Qc As 3c]
CARE_FULL_Z: bets $0.25
eliasfleitas: folds 
Uncalled bet ($0.25) returned to CARE_FULL_Z
CARE_FULL_Z collected $0.25 from pot
CARE_FULL_Z: doesn't show hand 
*** SUMMARY ***
Total pot $0.26 | Rake $0.01 
Board [Qc As 3c]
Seat 1: eliasfleitas (button) folded on the Flop
Seat 2: HubertusB (small blind) folded before Flop
Seat 3: CARE_FULL_Z (big blind) collected ($0.25)
Seat 4: Ruabe folded before Flop (didn't bet)
Seat 5: arti192837 folded before Flop (didn't bet)
Seat 6: luka1981good folded before Flop (didn't bet)



PokerStars Zoom Hand #186687880136:  Hold'em No Limit ($0.02/$0.05) - 2018/05/21 21:16:36 CCT [2018/05/21 9:16:36 ET]
Table 'Donati' 6-max Seat #1 is the button
Seat 1: PaupauK92 ($14.43 in chips) 
Seat 2: jason032323 ($5.39 in chips) 
Seat 3: Tomov322 ($4.19 in chips) 
Seat 4: Gissbon ($5.45 in chips) 
Seat 5: Truth711 ($8.25 in chips) 
Seat 6: HubertusB ($4.06 in chips) 
jason032323: posts small blind $0.02
Tomov322: posts big blind $0.05
*** HOLE CARDS ***
Dealt to HubertusB [Kd Jh]
Gissbon: folds 
Truth711: folds 
HubertusB: raises $0.05 to $0.10
PaupauK92: folds 
jason032323: folds 
Tomov322: calls $0.05
*** FLOP *** [Qh Ts 4d]
Tomov322: checks 
HubertusB: bets $0.10
Tomov322: calls $0.10
*** TURN *** [Qh Ts 4d] [9h]
Tomov322: checks 
HubertusB: bets $0.20
Tomov322: calls $0.20
*** RIVER *** [Qh Ts 4d 9h] [6d]
Tomov322: checks 
HubertusB: bets $0.45
Tomov322: calls $0.45
*** SHOW DOWN ***
HubertusB: shows [Kd Jh] (a straight, Nine to King)
Tomov322: mucks hand 
HubertusB collected $1.65 from pot
*** SUMMARY ***
Total pot $1.72 | Rake $0.07 
Board [Qh Ts 4d 9h 6d]
Seat 1: PaupauK92 (button) folded before Flop (didn't bet)
Seat 2: jason032323 (small blind) folded before Flop
Seat 3: Tomov322 (big blind) mucked [Jc 9c]
Seat 4: Gissbon folded before Flop (didn't bet)
Seat 5: Truth711 folded before Flop (didn't bet)
Seat 6: HubertusB showed [Kd Jh] and won ($1.65) with a straight, Nine to King



PokerStars Zoom Hand #186687896340:  Hold'em No Limit ($0.02/$0.05) - 2018/05/21 21:17:10 CCT [2018/05/21 9:17:10 ET]
Table 'Donati' 6-max Seat #1 is the button
Seat 1: Michel Mata ($5 in chips) 
Seat 2: richymen_15 ($5.17 in chips) 
Seat 3: Kaumov Rufis ($5.21 in chips) 
Seat 4: HubertusB ($4.86 in chips) 
Seat 5: lovela$$44 ($3.60 in chips) 
Seat 6: Saayooo ($5.95 in chips) 
richymen_15: posts small blind $0.02
Kaumov Rufis: posts big blind $0.05
*** HOLE CARDS ***
Dealt to HubertusB [3s Kh]
HubertusB: folds 
lovela$$44: folds 
Saayooo: folds 
Michel Mata: raises $0.07 to $0.12
richymen_15: folds 
Kaumov Rufis: folds 
Uncalled bet ($0.07) returned to Michel Mata
Michel Mata collected $0.12 from pot
Michel Mata: doesn't show hand 
*** SUMMARY ***
Total pot $0.12 | Rake $0 
Seat 1: Michel Mata (button) collected ($0.12)
Seat 2: richymen_15 (small blind) folded before Flop
Seat 3: Kaumov Rufis (big blind) folded before Flop
Seat 4: HubertusB folded before Flop (didn't bet)
Seat 5: lovela$$44 folded before Flop (didn't bet)
Seat 6: Saayooo folded before Flop (didn't bet)



PokerStars Zoom Hand #186687905021:  Hold'em No Limit ($0.02/$0.05) - 2018/05/21 21:17:28 CCT [2018/05/21 9:17:28 ET]
Table 'Donati' 6-max Seat #1 is the button
Seat 1: born8sleepy ($5 in chips) 
Seat 2: cRaZyEiGhT85 ($7.75 in chips) 
Seat 3: dynbalance ($5 in chips) 
Seat 4: HubertusB ($4.86 in chips) 
Seat 5: cazro 77 ($5.48 in chips) 
Seat 6: swimmingsu ($6 in chips) 
cRaZyEiGhT85: posts small blind $0.02
dynbalance: posts big blind $0.05
*** HOLE CARDS ***
Dealt to HubertusB [9d 9c]
HubertusB: raises $0.05 to $0.10
cazro 77: folds 
swimmingsu: folds 
born8sleepy has timed out
born8sleepy: folds 
cRaZyEiGhT85: folds 
dynbalance: folds 
Uncalled bet ($0.05) returned to HubertusB
HubertusB collected $0.12 from pot
HubertusB: doesn't show hand 
*** SUMMARY ***
Total pot $0.12 | Rake $0 
Seat 1: born8sleepy (button) folded before Flop (didn't bet)
Seat 2: cRaZyEiGhT85 (small blind) folded before Flop
Seat 3: dynbalance (big blind) folded before Flop
Seat 4: HubertusB collected ($0.12)
Seat 5: cazro 77 folded before Flop (didn't bet)
Seat 6: swimmingsu folded before Flop (didn't bet)



PokerStars Zoom Hand #186687902680:  Hold'em No Limit ($0.02/$0.05) - 2018/05/21 21:17:23 CCT [2018/05/21 9:17:23 ET]
Table 'Donati' 6-max Seat #1 is the button
Seat 1: JadesWrath ($5.15 in chips) 
Seat 2: FoR_Shai ($13.44 in chips) 
Seat 3: higebon ($4.45 in chips) 
Seat 4: UltraRunnerr ($18.64 in chips) 
Seat 5: HubertusB ($4.86 in chips) 
Seat 6: Burkinator99 ($6.96 in chips) 
FoR_Shai: posts small blind $0.02
higebon: posts big blind $0.05
*** HOLE CARDS ***
Dealt to HubertusB [Qc 2d]
UltraRunnerr: folds 
HubertusB: folds 
Burkinator99: raises $0.07 to $0.12
JadesWrath: calls $0.12
FoR_Shai: folds 
higebon: calls $0.07
*** FLOP *** [9s Ac Kd]
higebon: checks 
Burkinator99: bets $0.27
JadesWrath: calls $0.27
higebon: folds 
*** TURN *** [9s Ac Kd] [As]
Burkinator99: bets $0.79
JadesWrath: folds 
Uncalled bet ($0.79) returned to Burkinator99
Burkinator99 collected $0.88 from pot
Burkinator99: doesn't show hand 
*** SUMMARY ***
Total pot $0.92 | Rake $0.04 
Board [9s Ac Kd As]
Seat 1: JadesWrath (button) folded on the Turn
Seat 2: FoR_Shai (small blind) folded before Flop
Seat 3: higebon (big blind) folded on the Flop
Seat 4: UltraRunnerr folded before Flop (didn't bet)
Seat 5: HubertusB folded before Flop (didn't bet)
Seat 6: Burkinator99 collected ($0.88)



PokerStars Zoom Hand #186687917695:  Hold'em No Limit ($0.02/$0.05) - 2018/05/21 21:17:54 CCT [2018/05/21 9:17:54 ET]
Table 'Donati' 6-max Seat #1 is the button
Seat 1: serge87100 ($11.56 in chips) 
Seat 2: higebon ($4.33 in chips) 
Seat 3: HubertusB ($4.93 in chips) 
Seat 4: Gissbon ($5.95 in chips) 
Seat 5: Fysio_Logia ($4.88 in chips) 
Seat 6: mopsrenat ($4.50 in chips) 
higebon: posts small blind $0.02
HubertusB: posts big blind $0.05
*** HOLE CARDS ***
Dealt to HubertusB [Qd Jc]
Gissbon: folds 
Fysio_Logia: folds 
mopsrenat: folds 
serge87100: folds 
higebon: raises $0.10 to $0.15
HubertusB: calls $0.10
*** FLOP *** [8d 6c 7h]
higebon: bets $0.20
HubertusB: folds 
Uncalled bet ($0.20) returned to higebon
higebon collected $0.29 from pot
higebon: doesn't show hand 
*** SUMMARY ***
Total pot $0.30 | Rake $0.01 
Board [8d 6c 7h]
Seat 1: serge87100 (button) folded before Flop (didn't bet)
Seat 2: higebon (small blind) collected ($0.29)
Seat 3: HubertusB (big blind) folded on the Flop
Seat 4: Gissbon folded before Flop (didn't bet)
Seat 5: Fysio_Logia folded before Flop (didn't bet)
Seat 6: mopsrenat folded before Flop (didn't bet)



PokerStars Zoom Hand #186687935912:  Hold'em No Limit ($0.02/$0.05) - 2018/05/21 21:18:24 CCT [2018/05/21 9:18:24 ET]
Table 'Donati' 6-max Seat #1 is the button
Seat 1: HubertusB ($4.78 in chips) 
Seat 2: Chapaev136 ($5.24 in chips) 
Seat 3: joop119 ($5 in chips) 
Seat 4: marcioadrs ($5.48 in chips) 
Seat 5: williemarto ($5.44 in chips) 
Seat 6: egiu28 ($4.90 in chips) 
Chapaev136: posts small blind $0.02
joop119: posts big blind $0.05
*** HOLE CARDS ***
Dealt to HubertusB [7d 3h]
marcioadrs: folds 
williemarto: folds 
egiu28: raises $0.05 to $0.10
HubertusB: folds 
Chapaev136: folds 
joop119: folds 
Uncalled bet ($0.05) returned to egiu28
egiu28 collected $0.12 from pot
egiu28: doesn't show hand 
*** SUMMARY ***
Total pot $0.12 | Rake $0 
Seat 1: HubertusB (button) folded before Flop (didn't bet)
Seat 2: Chapaev136 (small blind) folded before Flop
Seat 3: joop119 (big blind) folded before Flop
Seat 4: marcioadrs folded before Flop (didn't bet)
Seat 5: williemarto folded before Flop (didn't bet)
Seat 6: egiu28 collected ($0.12)



PokerStars Zoom Hand #186687939216:  Hold'em No Limit ($0.02/$0.05) - 2018/05/21 21:18:31 CCT [2018/05/21 9:18:31 ET]
Table 'Donati' 6-max Seat #1 is the button
Seat 1: BuBBleBoy548 ($5 in chips) 
Seat 2: HubertusB ($4.78 in chips) 
Seat 3: Reece1985 ($9.01 in chips) 
Seat 4: 1oleg1973 ($5.39 in chips) 
Seat 5: GG-WPSPS ($8.02 in chips) 
Seat 6: value_ftw ($7.10 in chips) 
HubertusB: posts small blind $0.02
Reece1985: posts big blind $0.05
*** HOLE CARDS ***
Dealt to HubertusB [Qs Jh]
1oleg1973: raises $0.05 to $0.10
GG-WPSPS: folds 
value_ftw: calls $0.10
BuBBleBoy548: folds 
HubertusB: calls $0.08
Reece1985: folds 
*** FLOP *** [4c 8d 2d]
HubertusB: checks 
1oleg1973: checks 
value_ftw: checks 
*** TURN *** [4c 8d 2d] [6c]
HubertusB: checks 
1oleg1973: checks 
value_ftw: checks 
*** RIVER *** [4c 8d 2d 6c] [6d]
HubertusB: checks 
1oleg1973: checks 
value_ftw: checks 
*** SHOW DOWN ***
HubertusB: shows [Qs Jh] (a pair of Sixes)
1oleg1973: mucks hand 
value_ftw: mucks hand 
HubertusB collected $0.34 from pot
*** SUMMARY ***
Total pot $0.35 | Rake $0.01 
Board [4c 8d 2d 6c 6d]
Seat 1: BuBBleBoy548 (button) folded before Flop (didn't bet)
Seat 2: HubertusB (small blind) showed [Qs Jh] and won ($0.34) with a pair of Sixes
Seat 3: Reece1985 (big blind) folded before Flop
Seat 4: 1oleg1973 mucked [Td Jc]
Seat 5: GG-WPSPS folded before Flop (didn't bet)
Seat 6: value_ftw mucked [Ts Js]



PokerStars Zoom Hand #186687955005:  Hold'em No Limit ($0.02/$0.05) - 2018/05/21 21:19:04 CCT [2018/05/21 9:19:04 ET]
Table 'Donati' 6-max Seat #1 is the button
Seat 1: SilverSatori ($5.47 in chips) 
Seat 2: lissuka ($5.94 in chips) 
Seat 3: darlika774 ($4.81 in chips) 
Seat 4: KenTanimura ($5.08 in chips) 
Seat 5: whitedust666 ($6.46 in chips) 
Seat 6: HubertusB ($5.02 in chips) 
lissuka: posts small blind $0.02
darlika774: posts big blind $0.05
*** HOLE CARDS ***
Dealt to HubertusB [Jd Ts]
KenTanimura: folds 
whitedust666: folds 
HubertusB: folds 
SilverSatori: folds 
lissuka: folds 
Uncalled bet ($0.03) returned to darlika774
darlika774 collected $0.04 from pot
darlika774: doesn't show hand 
*** SUMMARY ***
Total pot $0.04 | Rake $0 
Seat 1: SilverSatori (button) folded before Flop (didn't bet)
Seat 2: lissuka (small blind) folded before Flop
Seat 3: darlika774 (big blind) collected ($0.04)
Seat 4: KenTanimura folded before Flop (didn't bet)
Seat 5: whitedust666 folded before Flop (didn't bet)
Seat 6: HubertusB folded before Flop (didn't bet)



PokerStars Zoom Hand #186687958414:  Hold'em No Limit ($0.02/$0.05) - 2018/05/21 21:19:11 CCT [2018/05/21 9:19:11 ET]
Table 'Donati' 6-max Seat #1 is the button
Seat 1: zwetok ($16.78 in chips) 
Seat 2: ali3nt0mmy ($5.10 in chips) 
Seat 3: poongyai ($4.12 in chips) 
Seat 4: Mr. Roquim ($7.15 in chips) 
Seat 5: RAIN_ACID ($4.52 in chips) 
Seat 6: HubertusB ($5.02 in chips) 
ali3nt0mmy: posts small blind $0.02
poongyai: posts big blind $0.05
*** HOLE CARDS ***
Dealt to HubertusB [3s Qs]
Mr. Roquim: folds 
RAIN_ACID: folds 
HubertusB: folds 
zwetok: folds 
ali3nt0mmy: folds 
Uncalled bet ($0.03) returned to poongyai
poongyai collected $0.04 from pot
poongyai: doesn't show hand 
*** SUMMARY ***
Total pot $0.04 | Rake $0 
Seat 1: zwetok (button) folded before Flop (didn't bet)
Seat 2: ali3nt0mmy (small blind) folded before Flop
Seat 3: poongyai (big blind) collected ($0.04)
Seat 4: Mr. Roquim folded before Flop (didn't bet)
Seat 5: RAIN_ACID folded before Flop (didn't bet)
Seat 6: HubertusB folded before Flop (didn't bet)



PokerStars Zoom Hand #186687960746:  Hold'em No Limit ($0.02/$0.05) - 2018/05/21 21:19:16 CCT [2018/05/21 9:19:16 ET]
Table 'Donati' 6-max Seat #1 is the button
Seat 1: r shaman ($2.10 in chips) 
Seat 2: trelogiatrs3 ($3.98 in chips) 
Seat 3: HubertusB ($5.02 in chips) 
Seat 4: joker_95rus ($7.92 in chips) 
Seat 5: ANANATOR ($5.14 in chips) 
Seat 6: TheFibonachi ($6.34 in chips) 
trelogiatrs3: posts small blind $0.02
HubertusB: posts big blind $0.05
*** HOLE CARDS ***
Dealt to HubertusB [Td 8s]
joker_95rus: folds 
ANANATOR: folds 
TheFibonachi: raises $0.07 to $0.12
r shaman: folds 
trelogiatrs3: folds 
HubertusB: folds 
Uncalled bet ($0.07) returned to TheFibonachi
TheFibonachi collected $0.12 from pot
TheFibonachi: doesn't show hand 
*** SUMMARY ***
Total pot $0.12 | Rake $0 
Seat 1: r shaman (button) folded before Flop (didn't bet)
Seat 2: trelogiatrs3 (small blind) folded before Flop
Seat 3: HubertusB (big blind) folded before Flop
Seat 4: joker_95rus folded before Flop (didn't bet)
Seat 5: ANANATOR folded before Flop (didn't bet)
Seat 6: TheFibonachi collected ($0.12)



PokerStars Zoom Hand #186687966525:  Hold'em No Limit ($0.02/$0.05) - 2018/05/21 21:19:28 CCT [2018/05/21 9:19:28 ET]
Table 'Donati' 6-max Seat #1 is the button
Seat 1: HubertusB ($4.97 in chips) 
Seat 2: BuBBleBoy548 ($5 in chips) 
Seat 3: Gissbon ($5.65 in chips) 
Seat 4: ivagro91 ($4.67 in chips) 
Seat 5: ReFleXHH ($7.67 in chips) 
Seat 6: richymen_15 ($5.16 in chips) 
BuBBleBoy548: posts small blind $0.02
Gissbon: posts big blind $0.05
*** HOLE CARDS ***
Dealt to HubertusB [4d 7s]
ivagro91: folds 
ReFleXHH: folds 
richymen_15: raises $0.07 to $0.12
HubertusB: folds 
BuBBleBoy548: folds 
Gissbon: folds 
Uncalled bet ($0.07) returned to richymen_15
richymen_15 collected $0.12 from pot
richymen_15: doesn't show hand 
*** SUMMARY ***
Total pot $0.12 | Rake $0 
Seat 1: HubertusB (button) folded before Flop (didn't bet)
Seat 2: BuBBleBoy548 (small blind) folded before Flop
Seat 3: Gissbon (big blind) folded before Flop
Seat 4: ivagro91 folded before Flop (didn't bet)
Seat 5: ReFleXHH folded before Flop (didn't bet)
Seat 6: richymen_15 collected ($0.12)



PokerStars Zoom Hand #186687969352:  Hold'em No Limit ($0.02/$0.05) - 2018/05/21 21:19:34 CCT [2018/05/21 9:19:34 ET]
Table 'Donati' 6-max Seat #1 is the button
Seat 1: Yaha 09 ($5.09 in chips) 
Seat 2: Spudzoe ($6.49 in chips) 
Seat 3: draft_skille ($2.89 in chips) 
Seat 4: BigRafael ($4.38 in chips) 
Seat 5: HubertusB ($4.97 in chips) 
Seat 6: kranovoy22 ($6.71 in chips) 
Spudzoe: posts small blind $0.02
draft_skille: posts big blind $0.05
*** HOLE CARDS ***
Dealt to HubertusB [9d 5d]
BigRafael: folds 
HubertusB: folds 
kranovoy22: raises $0.07 to $0.12
Yaha 09: folds 
Spudzoe: folds 
draft_skille: raises $0.26 to $0.38
kranovoy22: folds 
Uncalled bet ($0.26) returned to draft_skille
draft_skille collected $0.26 from pot
draft_skille: doesn't show hand 
*** SUMMARY ***
Total pot $0.26 | Rake $0 
Seat 1: Yaha 09 (button) folded before Flop (didn't bet)
Seat 2: Spudzoe (small blind) folded before Flop
Seat 3: draft_skille (big blind) collected ($0.26)
Seat 4: BigRafael folded before Flop (didn't bet)
Seat 5: HubertusB folded before Flop (didn't bet)
Seat 6: kranovoy22 folded before Flop



PokerStars Zoom Hand #186687971711:  Hold'em No Limit ($0.02/$0.05) - 2018/05/21 21:19:39 CCT [2018/05/21 9:19:39 ET]
Table 'Donati' 6-max Seat #1 is the button
Seat 1: bolseiroo ($7.11 in chips) 
Seat 2: margo103 ($2.91 in chips) 
Seat 3: bur_poker88 ($10.60 in chips) 
Seat 4: HubertusB ($4.97 in chips) 
Seat 5: 1Sania1 ($6.18 in chips) 
Seat 6: mggL89 ($3.53 in chips) 
margo103: posts small blind $0.02
bur_poker88: posts big blind $0.05
*** HOLE CARDS ***
Dealt to HubertusB [Jc Tc]
HubertusB: raises $0.10 to $0.15
1Sania1: folds 
mggL89: folds 
bolseiroo: folds 
margo103: calls $0.13
bur_poker88: folds 
*** FLOP *** [5c Ad 7d]
margo103: checks 
HubertusB: checks 
*** TURN *** [5c Ad 7d] [5h]
margo103: checks 
HubertusB: checks 
*** RIVER *** [5c Ad 7d 5h] [Ah]
margo103: bets $0.45
HubertusB: folds 
Uncalled bet ($0.45) returned to margo103
margo103 collected $0.34 from pot
margo103: doesn't show hand 
*** SUMMARY ***
Total pot $0.35 | Rake $0.01 
Board [5c Ad 7d 5h Ah]
Seat 1: bolseiroo (button) folded before Flop (didn't bet)
Seat 2: margo103 (small blind) collected ($0.34)
Seat 3: bur_poker88 (big blind) folded before Flop
Seat 4: HubertusB folded on the River
Seat 5: 1Sania1 folded before Flop (didn't bet)
Seat 6: mggL89 folded before Flop (didn't bet)



PokerStars Zoom Hand #186687998915:  Hold'em No Limit ($0.02/$0.05) - 2018/05/21 21:20:36 CCT [2018/05/21 9:20:36 ET]
Table 'Donati' 6-max Seat #1 is the button
Seat 1: opopo0009 ($5.98 in chips) 
Seat 2: Snegul ($2.06 in chips) 
Seat 3: marcioadrs ($5.53 in chips) 
Seat 4: dominant111 ($5 in chips) 
Seat 5: HubertusB ($4.80 in chips) 
Seat 6: dvernik ($5.41 in chips) 
Snegul: posts small blind $0.02
marcioadrs: posts big blind $0.05
*** HOLE CARDS ***
Dealt to HubertusB [Js 3d]
dominant111: folds 
HubertusB: folds 
dvernik: folds 
opopo0009: folds 
Snegul: folds 
Uncalled bet ($0.03) returned to marcioadrs
marcioadrs collected $0.04 from pot
marcioadrs: doesn't show hand 
*** SUMMARY ***
Total pot $0.04 | Rake $0 
Seat 1: opopo0009 (button) folded before Flop (didn't bet)
Seat 2: Snegul (small blind) folded before Flop
Seat 3: marcioadrs (big blind) collected ($0.04)
Seat 4: dominant111 folded before Flop (didn't bet)
Seat 5: HubertusB folded before Flop (didn't bet)
Seat 6: dvernik folded before Flop (didn't bet)



PokerStars Zoom Hand #186688001362:  Hold'em No Limit ($0.02/$0.05) - 2018/05/21 21:20:41 CCT [2018/05/21 9:20:41 ET]
Table 'Donati' 6-max Seat #1 is the button
Seat 1: HubertusB ($4.80 in chips) 
Seat 2: xyyR ($5.10 in chips) 
Seat 3: Gasosa420 ($7.29 in chips) 
Seat 4: TheFibonachi ($1.81 in chips) 
Seat 5: Michel Mata ($5 in chips) 
Seat 6: carchlodnia ($5.65 in chips) 
xyyR: posts small blind $0.02
Gasosa420: posts big blind $0.05
*** HOLE CARDS ***
Dealt to HubertusB [8c Kc]
TheFibonachi: raises $0.10 to $0.15
Michel Mata: folds 
carchlodnia: folds 
HubertusB: folds 
xyyR: folds 
Gasosa420: calls $0.10
*** FLOP *** [Ad Td 2d]
Gasosa420: checks 
TheFibonachi: bets $0.15
Gasosa420: folds 
Uncalled bet ($0.15) returned to TheFibonachi
TheFibonachi collected $0.31 from pot
TheFibonachi: doesn't show hand 
*** SUMMARY ***
Total pot $0.32 | Rake $0.01 
Board [Ad Td 2d]
Seat 1: HubertusB (button) folded before Flop (didn't bet)
Seat 2: xyyR (small blind) folded before Flop
Seat 3: Gasosa420 (big blind) folded on the Flop
Seat 4: TheFibonachi collected ($0.31)
Seat 5: Michel Mata folded before Flop (didn't bet)
Seat 6: carchlodnia folded before Flop (didn't bet)



PokerStars Zoom Hand #186688004209:  Hold'em No Limit ($0.02/$0.05) - 2018/05/21 21:20:47 CCT [2018/05/21 9:20:47 ET]
Table 'Donati' 6-max Seat #1 is the button
Seat 1: sam2207 ($5.54 in chips) 
Seat 2: trelogiatrs3 ($3.83 in chips) 
Seat 3: random4iq ($8.60 in chips) 
Seat 4: 87Good ($5 in chips) 
Seat 5: Rio918 ($5.35 in chips) 
Seat 6: HubertusB ($4.80 in chips) 
trelogiatrs3: posts small blind $0.02
random4iq: posts big blind $0.05
*** HOLE CARDS ***
Dealt to HubertusB [2d Ad]
87Good: folds 
Rio918: raises $0.10 to $0.15
HubertusB: folds 
sam2207: folds 
trelogiatrs3: folds 
random4iq: folds 
Uncalled bet ($0.10) returned to Rio918
Rio918 collected $0.12 from pot
Rio918: doesn't show hand 
*** SUMMARY ***
Total pot $0.12 | Rake $0 
Seat 1: sam2207 (button) folded before Flop (didn't bet)
Seat 2: trelogiatrs3 (small blind) folded before Flop
Seat 3: random4iq (big blind) folded before Flop
Seat 4: 87Good folded before Flop (didn't bet)
Seat 5: Rio918 collected ($0.12)
Seat 6: HubertusB folded before Flop (didn't bet)



PokerStars Zoom Hand #186687996524:  Hold'em No Limit ($0.02/$0.05) - 2018/05/21 21:20:31 CCT [2018/05/21 9:20:31 ET]
Table 'Donati' 6-max Seat #1 is the button
Seat 1: matko031 ($5.06 in chips) 
Seat 2: HubertusB ($4.82 in chips) 
Seat 3: Zarnica ($5 in chips) 
Seat 4: Roode fluch ($2.11 in chips) 
Seat 5: FoR_Shai ($8.44 in chips) 
Seat 6: lemonylime ($6.63 in chips) 
HubertusB: posts small blind $0.02
Zarnica: posts big blind $0.05
*** HOLE CARDS ***
Dealt to HubertusB [Qh 2s]
Roode fluch: calls $0.05
FoR_Shai: folds 
lemonylime: folds 
matko031: folds 
HubertusB: folds 
Zarnica: checks 
*** FLOP *** [Jd 7h Kd]
Zarnica: checks 
Roode fluch: bets $0.05
Zarnica: folds 
Uncalled bet ($0.05) returned to Roode fluch
Roode fluch collected $0.12 from pot
Roode fluch: doesn't show hand 
*** SUMMARY ***
Total pot $0.12 | Rake $0 
Board [Jd 7h Kd]
Seat 1: matko031 (button) folded before Flop (didn't bet)
Seat 2: HubertusB (small blind) folded before Flop
Seat 3: Zarnica (big blind) folded on the Flop
Seat 4: Roode fluch collected ($0.12)
Seat 5: FoR_Shai folded before Flop (didn't bet)
Seat 6: lemonylime folded before Flop (didn't bet)



PokerStars Zoom Hand #186688009916:  Hold'em No Limit ($0.02/$0.05) - 2018/05/21 21:20:59 CCT [2018/05/21 9:20:59 ET]
Table 'Donati' 6-max Seat #1 is the button
Seat 1: Truth711 ($10.64 in chips) 
Seat 2: cRaZyEiGhT85 ($5.02 in chips) 
Seat 3: HubertusB ($4.80 in chips) 
Seat 4: r4ulz1n ($5.97 in chips) 
Seat 5: judith.f ($29.24 in chips) 
Seat 6: jason032323 ($5 in chips) 
cRaZyEiGhT85: posts small blind $0.02
HubertusB: posts big blind $0.05
*** HOLE CARDS ***
Dealt to HubertusB [Qh 7d]
r4ulz1n: raises $0.10 to $0.15
judith.f: folds 
jason032323: raises $0.25 to $0.40
Truth711: folds 
cRaZyEiGhT85: folds 
HubertusB: folds 
r4ulz1n: folds 
Uncalled bet ($0.25) returned to jason032323
jason032323 collected $0.37 from pot
jason032323: doesn't show hand 
*** SUMMARY ***
Total pot $0.37 | Rake $0 
Seat 1: Truth711 (button) folded before Flop (didn't bet)
Seat 2: cRaZyEiGhT85 (small blind) folded before Flop
Seat 3: HubertusB (big blind) folded before Flop
Seat 4: r4ulz1n folded before Flop
Seat 5: judith.f folded before Flop (didn't bet)
Seat 6: jason032323 collected ($0.37)



PokerStars Zoom Hand #186688013765:  Hold'em No Limit ($0.02/$0.05) - 2018/05/21 21:21:07 CCT [2018/05/21 9:21:07 ET]
Table 'Donati' 6-max Seat #1 is the button
Seat 1: Xibaze ($5.21 in chips) 
Seat 2: random4iq ($8.55 in chips) 
Seat 3: JNeoh ($14.87 in chips) 
Seat 4: HubertusB ($4.75 in chips) 
Seat 5: cRaZyEiGhT85 ($5 in chips) 
Seat 6: ali3nt0mmy ($16.35 in chips) 
random4iq: posts small blind $0.02
JNeoh: posts big blind $0.05
*** HOLE CARDS ***
Dealt to HubertusB [3s Ad]
HubertusB: folds 
cRaZyEiGhT85: folds 
ali3nt0mmy: raises $0.07 to $0.12
Xibaze: raises $0.28 to $0.40
random4iq: folds 
JNeoh: folds 
ali3nt0mmy: folds 
Uncalled bet ($0.28) returned to Xibaze
Xibaze collected $0.31 from pot
Xibaze: doesn't show hand 
*** SUMMARY ***
Total pot $0.31 | Rake $0 
Seat 1: Xibaze (button) collected ($0.31)
Seat 2: random4iq (small blind) folded before Flop
Seat 3: JNeoh (big blind) folded before Flop
Seat 4: HubertusB folded before Flop (didn't bet)
Seat 5: cRaZyEiGhT85 folded before Flop (didn't bet)
Seat 6: ali3nt0mmy folded before Flop



PokerStars Zoom Hand #186688018999:  Hold'em No Limit ($0.02/$0.05) - 2018/05/21 21:21:18 CCT [2018/05/21 9:21:18 ET]
Table 'Donati' 6-max Seat #1 is the button
Seat 1: Jeime_Lan ($5.49 in chips) 
Seat 2: HubertusB ($4.75 in chips) 
Seat 3: Yamma18 ($6.18 in chips) 
Seat 4: Raika_364 ($5.26 in chips) 
Seat 5: Ovcharovas ($11.89 in chips) 
Seat 6: JNeoh ($14.82 in chips) 
HubertusB: posts small blind $0.02
Yamma18: posts big blind $0.05
*** HOLE CARDS ***
Dealt to HubertusB [Jc Qc]
Raika_364: folds 
Ovcharovas: folds 
JNeoh: folds 
Jeime_Lan: folds 
HubertusB: raises $0.10 to $0.15
Yamma18: folds 
Uncalled bet ($0.10) returned to HubertusB
HubertusB collected $0.10 from pot
HubertusB: doesn't show hand 
*** SUMMARY ***
Total pot $0.10 | Rake $0 
Seat 1: Jeime_Lan (button) folded before Flop (didn't bet)
Seat 2: HubertusB (small blind) collected ($0.10)
Seat 3: Yamma18 (big blind) folded before Flop
Seat 4: Raika_364 folded before Flop (didn't bet)
Seat 5: Ovcharovas folded before Flop (didn't bet)
Seat 6: JNeoh folded before Flop (didn't bet)



PokerStars Zoom Hand #186688026524:  Hold'em No Limit ($0.02/$0.05) - 2018/05/21 21:21:34 CCT [2018/05/21 9:21:34 ET]
Table 'Donati' 6-max Seat #1 is the button
Seat 1: HubertusB ($4.80 in chips) 
Seat 2: progre$$or ($5.70 in chips) 
Seat 3: joop119 ($5.41 in chips) 
Seat 4: Raika_364 ($5.07 in chips) 
Seat 5: threeson ($5 in chips) 
Seat 6: xyyR ($4.91 in chips) 
progre$$or: posts small blind $0.02
joop119: posts big blind $0.05
*** HOLE CARDS ***
Dealt to HubertusB [8d 5h]
Raika_364: folds 
threeson: folds 
xyyR: folds 
HubertusB: folds 
progre$$or: folds 
Uncalled bet ($0.03) returned to joop119
joop119 collected $0.04 from pot
joop119: doesn't show hand 
*** SUMMARY ***
Total pot $0.04 | Rake $0 
Seat 1: HubertusB (button) folded before Flop (didn't bet)
Seat 2: progre$$or (small blind) folded before Flop
Seat 3: joop119 (big blind) collected ($0.04)
Seat 4: Raika_364 folded before Flop (didn't bet)
Seat 5: threeson folded before Flop (didn't bet)
Seat 6: xyyR folded before Flop (didn't bet)



PokerStars Zoom Hand #186688016133:  Hold'em No Limit ($0.02/$0.05) - 2018/05/21 21:21:12 CCT [2018/05/21 9:21:12 ET]
Table 'Donati' 6-max Seat #1 is the button
Seat 1: sersom555 ($0.87 in chips) 
Seat 2: fk9843 ($10.04 in chips) 
Seat 3: $ly4ss ($5 in chips) 
Seat 4: HubertusB ($4.75 in chips) 
Seat 5: artles007 ($6.27 in chips) 
Seat 6: xyyR ($4.93 in chips) 
fk9843: posts small blind $0.02
$ly4ss: posts big blind $0.05
*** HOLE CARDS ***
Dealt to HubertusB [3c Td]
HubertusB: folds 
artles007: folds 
xyyR: folds 
sersom555: raises $0.07 to $0.12
fk9843: folds 
$ly4ss: calls $0.07
*** FLOP *** [2h 6c Jc]
$ly4ss: checks 
sersom555: bets $0.13
$ly4ss: raises $0.38 to $0.51
sersom555: folds 
Uncalled bet ($0.38) returned to $ly4ss
$ly4ss collected $0.50 from pot
$ly4ss: doesn't show hand 
*** SUMMARY ***
Total pot $0.52 | Rake $0.02 
Board [2h 6c Jc]
Seat 1: sersom555 (button) folded on the Flop
Seat 2: fk9843 (small blind) folded before Flop
Seat 3: $ly4ss (big blind) collected ($0.50)
Seat 4: HubertusB folded before Flop (didn't bet)
Seat 5: artles007 folded before Flop (didn't bet)
Seat 6: xyyR folded before Flop (didn't bet)



PokerStars Zoom Hand #186688024163:  Hold'em No Limit ($0.02/$0.05) - 2018/05/21 21:21:29 CCT [2018/05/21 9:21:29 ET]
Table 'Donati' 6-max Seat #1 is the button
Seat 1: BL4CK11 ($6.43 in chips) 
Seat 2: FoR_Shai ($10.02 in chips) 
Seat 3: maltrine ($5.30 in chips) 
Seat 4: józsef188 ($20.26 in chips) 
Seat 5: GG-WPSPS ($8.46 in chips) 
Seat 6: HubertusB ($4.80 in chips) 
FoR_Shai: posts small blind $0.02
maltrine: posts big blind $0.05
*** HOLE CARDS ***
Dealt to HubertusB [Qd 5h]
józsef188: calls $0.05
GG-WPSPS: folds 
HubertusB: folds 
BL4CK11: raises $0.15 to $0.20
FoR_Shai: folds 
maltrine: folds 
józsef188: calls $0.15
*** FLOP *** [Kh Qh Js]
józsef188: checks 
BL4CK11: bets $0.25
józsef188: folds 
Uncalled bet ($0.25) returned to BL4CK11
BL4CK11 collected $0.45 from pot
BL4CK11: doesn't show hand 
*** SUMMARY ***
Total pot $0.47 | Rake $0.02 
Board [Kh Qh Js]
Seat 1: BL4CK11 (button) collected ($0.45)
Seat 2: FoR_Shai (small blind) folded before Flop
Seat 3: maltrine (big blind) folded before Flop
Seat 4: józsef188 folded on the Flop
Seat 5: GG-WPSPS folded before Flop (didn't bet)
Seat 6: HubertusB folded before Flop (didn't bet)



