PokerStars Zoom Hand #186688940930:  Hold'em No Limit ($0.02/$0.05) - 2018/05/21 21:52:59 CCT [2018/05/21 9:52:59 ET]
Table 'Donati' 6-max Seat #1 is the button
Seat 1: Estevancvel ($5 in chips) 
Seat 2: HubertusB ($4.95 in chips) 
Seat 3: smoot21 ($5.53 in chips) 
Seat 4: Zagrebaiu ($5.27 in chips) 
Seat 5: smasaken ($5 in chips) 
Seat 6: Korrigana ($2.81 in chips) 
HubertusB: posts small blind $0.02
smoot21: posts big blind $0.05
*** HOLE CARDS ***
Dealt to HubertusB [Ks Js]
Zagrebaiu: folds 
smasaken: folds 
Korrigana: folds 
Estevancvel: raises $0.10 to $0.15
HubertusB: raises $0.30 to $0.45
smoot21: folds 
Estevancvel: folds 
Uncalled bet ($0.30) returned to HubertusB
HubertusB collected $0.35 from pot
HubertusB: doesn't show hand 
*** SUMMARY ***
Total pot $0.35 | Rake $0 
Seat 1: Estevancvel (button) folded before Flop
Seat 2: HubertusB (small blind) collected ($0.35)
Seat 3: smoot21 (big blind) folded before Flop
Seat 4: Zagrebaiu folded before Flop (didn't bet)
Seat 5: smasaken folded before Flop (didn't bet)
Seat 6: Korrigana folded before Flop (didn't bet)



PokerStars Zoom Hand #186688951404:  Hold'em No Limit ($0.02/$0.05) - 2018/05/21 21:53:20 CCT [2018/05/21 9:53:20 ET]
Table 'Donati' 6-max Seat #1 is the button
Seat 1: HubertusB ($5.15 in chips) 
Seat 2: whipwhipcn ($5.02 in chips) 
Seat 3: Badboy429 ($2.50 in chips) 
Seat 4: Rusherito87 ($11.05 in chips) 
Seat 5: smudge120681 ($6.83 in chips) 
Seat 6: Savavlad97 ($11.27 in chips) 
whipwhipcn: posts small blind $0.02
Badboy429: posts big blind $0.05
*** HOLE CARDS ***
Dealt to HubertusB [7h 2c]
Rusherito87: folds 
smudge120681: folds 
Savavlad97: folds 
HubertusB: folds 
whipwhipcn: folds 
Uncalled bet ($0.03) returned to Badboy429
Badboy429 collected $0.04 from pot
Badboy429: doesn't show hand 
*** SUMMARY ***
Total pot $0.04 | Rake $0 
Seat 1: HubertusB (button) folded before Flop (didn't bet)
Seat 2: whipwhipcn (small blind) folded before Flop
Seat 3: Badboy429 (big blind) collected ($0.04)
Seat 4: Rusherito87 folded before Flop (didn't bet)
Seat 5: smudge120681 folded before Flop (didn't bet)
Seat 6: Savavlad97 folded before Flop (didn't bet)



PokerStars Zoom Hand #186688934089:  Hold'em No Limit ($0.02/$0.05) - 2018/05/21 21:52:45 CCT [2018/05/21 9:52:45 ET]
Table 'Donati' 6-max Seat #1 is the button
Seat 1: Pegan P. ($2.78 in chips) 
Seat 2: eliasfleitas ($12.38 in chips) 
Seat 3: HubertusB ($5 in chips) 
Seat 4: Faku710 ($12.74 in chips) 
Seat 5: BL4CK11 ($8 in chips) 
Seat 6: tarogame ($6.22 in chips) 
eliasfleitas: posts small blind $0.02
HubertusB: posts big blind $0.05
*** HOLE CARDS ***
Dealt to HubertusB [As 2d]
Faku710: raises $0.10 to $0.15
BL4CK11: folds 
tarogame: folds 
Pegan P.: calls $0.15
eliasfleitas: folds 
HubertusB: folds 
*** FLOP *** [Kc Tc 4d]
Faku710: checks 
Pegan P.: bets $0.30
Faku710: calls $0.30
*** TURN *** [Kc Tc 4d] [3d]
Faku710: checks 
Pegan P.: bets $0.60
Faku710: folds 
Uncalled bet ($0.60) returned to Pegan P.
Pegan P. collected $0.93 from pot
Pegan P.: doesn't show hand 
*** SUMMARY ***
Total pot $0.97 | Rake $0.04 
Board [Kc Tc 4d 3d]
Seat 1: Pegan P. (button) collected ($0.93)
Seat 2: eliasfleitas (small blind) folded before Flop
Seat 3: HubertusB (big blind) folded before Flop
Seat 4: Faku710 folded on the Turn
Seat 5: BL4CK11 folded before Flop (didn't bet)
Seat 6: tarogame folded before Flop (didn't bet)



PokerStars Zoom Hand #186688953922:  Hold'em No Limit ($0.02/$0.05) - 2018/05/21 21:53:25 CCT [2018/05/21 9:53:25 ET]
Table 'Donati' 6-max Seat #1 is the button
Seat 1: vakalo ($4.25 in chips) 
Seat 2: Dokerokk23 ($23.46 in chips) 
Seat 3: Leopoldia ($2.88 in chips) 
Seat 4: Omicron333 ($11.91 in chips) 
Seat 5: kranovoy22 ($5.79 in chips) 
Seat 6: HubertusB ($5.15 in chips) 
Dokerokk23: posts small blind $0.02
Leopoldia: posts big blind $0.05
*** HOLE CARDS ***
Dealt to HubertusB [3d 2c]
Omicron333: folds 
kranovoy22: folds 
HubertusB: folds 
vakalo: folds 
Dokerokk23: folds 
Uncalled bet ($0.03) returned to Leopoldia
Leopoldia collected $0.04 from pot
Leopoldia: doesn't show hand 
*** SUMMARY ***
Total pot $0.04 | Rake $0 
Seat 1: vakalo (button) folded before Flop (didn't bet)
Seat 2: Dokerokk23 (small blind) folded before Flop
Seat 3: Leopoldia (big blind) collected ($0.04)
Seat 4: Omicron333 folded before Flop (didn't bet)
Seat 5: kranovoy22 folded before Flop (didn't bet)
Seat 6: HubertusB folded before Flop (didn't bet)



PokerStars Zoom Hand #186688959860:  Hold'em No Limit ($0.02/$0.05) - 2018/05/21 21:53:37 CCT [2018/05/21 9:53:37 ET]
Table 'Donati' 6-max Seat #1 is the button
Seat 1: Fighter485 ($5 in chips) 
Seat 2: sizuu1225 ($5 in chips) 
Seat 3: HubertusB ($5.15 in chips) 
Seat 4: marrchelo_ ($4.34 in chips) 
Seat 5: NA(N_N)0 ($5 in chips) 
Seat 6: HajluM ($12.80 in chips) 
sizuu1225: posts small blind $0.02
HubertusB: posts big blind $0.05
*** HOLE CARDS ***
Dealt to HubertusB [3h 6s]
marrchelo_: folds 
NA(N_N)0: folds 
HajluM: folds 
Fighter485: folds 
sizuu1225: raises $0.10 to $0.15
HubertusB: folds 
Uncalled bet ($0.10) returned to sizuu1225
sizuu1225 collected $0.10 from pot
sizuu1225: doesn't show hand 
*** SUMMARY ***
Total pot $0.10 | Rake $0 
Seat 1: Fighter485 (button) folded before Flop (didn't bet)
Seat 2: sizuu1225 (small blind) collected ($0.10)
Seat 3: HubertusB (big blind) folded before Flop
Seat 4: marrchelo_ folded before Flop (didn't bet)
Seat 5: NA(N_N)0 folded before Flop (didn't bet)
Seat 6: HajluM folded before Flop (didn't bet)



PokerStars Zoom Hand #186688957354:  Hold'em No Limit ($0.02/$0.05) - 2018/05/21 21:53:32 CCT [2018/05/21 9:53:32 ET]
Table 'Donati' 6-max Seat #1 is the button
Seat 1: swimmingsu ($5 in chips) 
Seat 2: vakalo ($4.25 in chips) 
Seat 3: take29 ($11.20 in chips) 
Seat 4: heejunblue02 ($5.53 in chips) 
Seat 5: HubertusB ($5.15 in chips) 
Seat 6: anrom888 ($3.31 in chips) 
vakalo: posts small blind $0.02
take29: posts big blind $0.05
*** HOLE CARDS ***
Dealt to HubertusB [Qc 8h]
heejunblue02: raises $0.10 to $0.15
HubertusB: folds 
anrom888: folds 
swimmingsu: folds 
vakalo: folds 
take29: calls $0.10
*** FLOP *** [Jd 8c 9s]
take29: checks 
heejunblue02: bets $0.16
take29: folds 
Uncalled bet ($0.16) returned to heejunblue02
heejunblue02 collected $0.31 from pot
heejunblue02: doesn't show hand 
*** SUMMARY ***
Total pot $0.32 | Rake $0.01 
Board [Jd 8c 9s]
Seat 1: swimmingsu (button) folded before Flop (didn't bet)
Seat 2: vakalo (small blind) folded before Flop
Seat 3: take29 (big blind) folded on the Flop
Seat 4: heejunblue02 collected ($0.31)
Seat 5: HubertusB folded before Flop (didn't bet)
Seat 6: anrom888 folded before Flop (didn't bet)



PokerStars Zoom Hand #186688968655:  Hold'em No Limit ($0.02/$0.05) - 2018/05/21 21:53:55 CCT [2018/05/21 9:53:55 ET]
Table 'Donati' 6-max Seat #1 is the button
Seat 1: CapoEU ($5.74 in chips) 
Seat 2: HubertusB ($5.10 in chips) 
Seat 3: ProjetRed ($5 in chips) 
Seat 4: trol_panda ($5.20 in chips) 
Seat 5: dyuh555 ($2.96 in chips) 
Seat 6: qk rodriguez ($5 in chips) 
HubertusB: posts small blind $0.02
ProjetRed: posts big blind $0.05
*** HOLE CARDS ***
Dealt to HubertusB [9d Ad]
trol_panda: folds 
dyuh555: folds 
qk rodriguez: folds 
CapoEU: raises $0.07 to $0.12
HubertusB: raises $0.23 to $0.35
ProjetRed: folds 
CapoEU: folds 
Uncalled bet ($0.23) returned to HubertusB
HubertusB collected $0.29 from pot
HubertusB: doesn't show hand 
*** SUMMARY ***
Total pot $0.29 | Rake $0 
Seat 1: CapoEU (button) folded before Flop
Seat 2: HubertusB (small blind) collected ($0.29)
Seat 3: ProjetRed (big blind) folded before Flop
Seat 4: trol_panda folded before Flop (didn't bet)
Seat 5: dyuh555 folded before Flop (didn't bet)
Seat 6: qk rodriguez folded before Flop (didn't bet)



PokerStars Zoom Hand #186688966155:  Hold'em No Limit ($0.02/$0.05) - 2018/05/21 21:53:50 CCT [2018/05/21 9:53:50 ET]
Table 'Donati' 6-max Seat #1 is the button
Seat 1: Quellesurpr ($5.98 in chips) 
Seat 2: tema43 ($2.51 in chips) 
Seat 3: Omicron333 ($5.53 in chips) 
Seat 4: HubertusB ($5.10 in chips) 
Seat 5: 0cipsev0 ($5.07 in chips) 
Seat 6: paiva_015 ($11.66 in chips) 
tema43: posts small blind $0.02
Omicron333: posts big blind $0.05
*** HOLE CARDS ***
Dealt to HubertusB [3d 9d]
HubertusB: folds 
0cipsev0: raises $0.07 to $0.12
paiva_015: folds 
Quellesurpr: folds 
tema43: folds 
Omicron333: calls $0.07
*** FLOP *** [6c 8s 3s]
Omicron333: checks 
0cipsev0: checks 
*** TURN *** [6c 8s 3s] [8d]
Omicron333: bets $0.17
0cipsev0: calls $0.17
*** RIVER *** [6c 8s 3s 8d] [9h]
Omicron333: bets $0.44
0cipsev0: calls $0.44
*** SHOW DOWN ***
Omicron333: shows [Ks Th] (a pair of Eights)
0cipsev0: shows [Kc 9c] (two pair, Nines and Eights)
0cipsev0 collected $1.42 from pot
*** SUMMARY ***
Total pot $1.48 | Rake $0.06 
Board [6c 8s 3s 8d 9h]
Seat 1: Quellesurpr (button) folded before Flop (didn't bet)
Seat 2: tema43 (small blind) folded before Flop
Seat 3: Omicron333 (big blind) showed [Ks Th] and lost with a pair of Eights
Seat 4: HubertusB folded before Flop (didn't bet)
Seat 5: 0cipsev0 showed [Kc 9c] and won ($1.42) with two pair, Nines and Eights
Seat 6: paiva_015 folded before Flop (didn't bet)



PokerStars Zoom Hand #186688980140:  Hold'em No Limit ($0.02/$0.05) - 2018/05/21 21:54:18 CCT [2018/05/21 9:54:18 ET]
Table 'Donati' 6-max Seat #1 is the button
Seat 1: HubertusB ($5.27 in chips) 
Seat 2: VoneRT ($5 in chips) 
Seat 3: Estevancvel ($7.73 in chips) 
Seat 4: Kandrat ($5.67 in chips) 
Seat 5: $ly4ss ($11.40 in chips) 
Seat 6: PiNe4ppLe ($8.92 in chips) 
VoneRT: posts small blind $0.02
Estevancvel: posts big blind $0.05
*** HOLE CARDS ***
Dealt to HubertusB [Ac Jd]
Kandrat: folds 
$ly4ss: folds 
PiNe4ppLe: folds 
HubertusB: raises $0.05 to $0.10
VoneRT: folds 
Estevancvel: folds 
Uncalled bet ($0.05) returned to HubertusB
HubertusB collected $0.12 from pot
HubertusB: doesn't show hand 
*** SUMMARY ***
Total pot $0.12 | Rake $0 
Seat 1: HubertusB (button) collected ($0.12)
Seat 2: VoneRT (small blind) folded before Flop
Seat 3: Estevancvel (big blind) folded before Flop
Seat 4: Kandrat folded before Flop (didn't bet)
Seat 5: $ly4ss folded before Flop (didn't bet)
Seat 6: PiNe4ppLe folded before Flop (didn't bet)



PokerStars Zoom Hand #186688987450:  Hold'em No Limit ($0.02/$0.05) - 2018/05/21 21:54:33 CCT [2018/05/21 9:54:33 ET]
Table 'Donati' 6-max Seat #1 is the button
Seat 1: Raika_364 ($6.59 in chips) 
Seat 2: schmilf ($5.30 in chips) 
Seat 3: Rusherito87 ($6.61 in chips) 
Seat 4: Estevancvel ($5 in chips) 
Seat 5: Teeddyy KGB ($4.96 in chips) 
Seat 6: HubertusB ($5.34 in chips) 
schmilf: posts small blind $0.02
Rusherito87: posts big blind $0.05
*** HOLE CARDS ***
Dealt to HubertusB [Kh 8c]
Estevancvel: folds 
Teeddyy KGB: folds 
HubertusB: folds 
Raika_364: folds 
schmilf: folds 
Uncalled bet ($0.03) returned to Rusherito87
Rusherito87 collected $0.04 from pot
Rusherito87: doesn't show hand 
*** SUMMARY ***
Total pot $0.04 | Rake $0 
Seat 1: Raika_364 (button) folded before Flop (didn't bet)
Seat 2: schmilf (small blind) folded before Flop
Seat 3: Rusherito87 (big blind) collected ($0.04)
Seat 4: Estevancvel folded before Flop (didn't bet)
Seat 5: Teeddyy KGB folded before Flop (didn't bet)
Seat 6: HubertusB folded before Flop (didn't bet)



PokerStars Zoom Hand #186688993380:  Hold'em No Limit ($0.02/$0.05) - 2018/05/21 21:54:45 CCT [2018/05/21 9:54:45 ET]
Table 'Donati' 6-max Seat #1 is the button
Seat 1: BL4CK11 ($5 in chips) 
Seat 2: Levison ($7.72 in chips) 
Seat 3: HubertusB ($5.34 in chips) 
Seat 4: umekichi88 ($4.27 in chips) 
Seat 5: PiNe4ppLe ($5 in chips) 
Seat 6: onisek88 ($4.24 in chips) 
Levison: posts small blind $0.02
HubertusB: posts big blind $0.05
*** HOLE CARDS ***
Dealt to HubertusB [4h Kd]
umekichi88: folds 
PiNe4ppLe: folds 
onisek88: folds 
BL4CK11: raises $0.10 to $0.15
Levison: folds 
HubertusB: folds 
Uncalled bet ($0.10) returned to BL4CK11
BL4CK11 collected $0.12 from pot
BL4CK11: doesn't show hand 
*** SUMMARY ***
Total pot $0.12 | Rake $0 
Seat 1: BL4CK11 (button) collected ($0.12)
Seat 2: Levison (small blind) folded before Flop
Seat 3: HubertusB (big blind) folded before Flop
Seat 4: umekichi88 folded before Flop (didn't bet)
Seat 5: PiNe4ppLe folded before Flop (didn't bet)
Seat 6: onisek88 folded before Flop (didn't bet)



PokerStars Zoom Hand #186688999302:  Hold'em No Limit ($0.02/$0.05) - 2018/05/21 21:54:57 CCT [2018/05/21 9:54:57 ET]
Table 'Donati' 6-max Seat #1 is the button
Seat 1: WEIPEI1 ($5.62 in chips) 
Seat 2: HubertusB ($5.29 in chips) 
Seat 3: Ky3M14 ($11.99 in chips) 
Seat 4: tarogame ($6.93 in chips) 
Seat 5: cRaZyEiGhT85 ($19.64 in chips) 
Seat 6: pashqadk ($5.07 in chips) 
HubertusB: posts small blind $0.02
Ky3M14: posts big blind $0.05
*** HOLE CARDS ***
Dealt to HubertusB [Qs Qh]
tarogame: raises $0.10 to $0.15
cRaZyEiGhT85: calls $0.15
pashqadk: folds 
WEIPEI1: folds 
HubertusB: raises $0.50 to $0.65
Ky3M14: folds 
tarogame: folds 
cRaZyEiGhT85: calls $0.50
*** FLOP *** [Qc 6h 9h]
HubertusB: bets $0.70
cRaZyEiGhT85: folds 
Uncalled bet ($0.70) returned to HubertusB
HubertusB collected $1.44 from pot
HubertusB: doesn't show hand 
*** SUMMARY ***
Total pot $1.50 | Rake $0.06 
Board [Qc 6h 9h]
Seat 1: WEIPEI1 (button) folded before Flop (didn't bet)
Seat 2: HubertusB (small blind) collected ($1.44)
Seat 3: Ky3M14 (big blind) folded before Flop
Seat 4: tarogame folded before Flop
Seat 5: cRaZyEiGhT85 folded on the Flop
Seat 6: pashqadk folded before Flop (didn't bet)



PokerStars Zoom Hand #186688990392:  Hold'em No Limit ($0.02/$0.05) - 2018/05/21 21:54:39 CCT [2018/05/21 9:54:39 ET]
Table 'Donati' 6-max Seat #1 is the button
Seat 1: ioakiminio ($4.24 in chips) 
Seat 2: Adry0616 ($4.55 in chips) 
Seat 3: VitaliiVV89 ($11.73 in chips) 
Seat 4: drk55 ($9.40 in chips) 
Seat 5: HubertusB ($5.34 in chips) 
Seat 6: Vilzivul ($6.93 in chips) 
Adry0616: posts small blind $0.02
VitaliiVV89: posts big blind $0.05
*** HOLE CARDS ***
Dealt to HubertusB [7c 9h]
drk55: folds 
HubertusB: folds 
Vilzivul: folds 
ioakiminio: calls $0.05
Adry0616: calls $0.03
VitaliiVV89: raises $0.15 to $0.20
ioakiminio: raises $0.15 to $0.35
Adry0616: folds 
VitaliiVV89: calls $0.15
*** FLOP *** [6c 2s 5d]
VitaliiVV89: bets $0.36
ioakiminio: calls $0.36
*** TURN *** [6c 2s 5d] [7s]
VitaliiVV89: checks 
ioakiminio: checks 
*** RIVER *** [6c 2s 5d 7s] [2h]
VitaliiVV89: checks 
ioakiminio: checks 
*** SHOW DOWN ***
VitaliiVV89: shows [7h Ac] (two pair, Sevens and Deuces)
ioakiminio: mucks hand 
VitaliiVV89 collected $1.41 from pot
*** SUMMARY ***
Total pot $1.47 | Rake $0.06 
Board [6c 2s 5d 7s 2h]
Seat 1: ioakiminio (button) mucked [Ad Qd]
Seat 2: Adry0616 (small blind) folded before Flop
Seat 3: VitaliiVV89 (big blind) showed [7h Ac] and won ($1.41) with two pair, Sevens and Deuces
Seat 4: drk55 folded before Flop (didn't bet)
Seat 5: HubertusB folded before Flop (didn't bet)
Seat 6: Vilzivul folded before Flop (didn't bet)



PokerStars Zoom Hand #186689012862:  Hold'em No Limit ($0.02/$0.05) - 2018/05/21 21:55:28 CCT [2018/05/21 9:55:28 ET]
Table 'Donati' 6-max Seat #1 is the button
Seat 1: Raika_364 ($7.46 in chips) 
Seat 2: HajluM ($6.14 in chips) 
Seat 3: vabako ($7.55 in chips) 
Seat 4: HubertusB ($6.08 in chips) 
Seat 5: PiNe4ppLe ($5 in chips) 
Seat 6: fourtyseven1 ($6.17 in chips) 
HajluM: posts small blind $0.02
vabako: posts big blind $0.05
*** HOLE CARDS ***
Dealt to HubertusB [Jc 4c]
HubertusB: folds 
PiNe4ppLe: folds 
fourtyseven1: folds 
Raika_364: folds 
HajluM: folds 
Uncalled bet ($0.03) returned to vabako
vabako collected $0.04 from pot
vabako: doesn't show hand 
*** SUMMARY ***
Total pot $0.04 | Rake $0 
Seat 1: Raika_364 (button) folded before Flop (didn't bet)
Seat 2: HajluM (small blind) folded before Flop
Seat 3: vabako (big blind) collected ($0.04)
Seat 4: HubertusB folded before Flop (didn't bet)
Seat 5: PiNe4ppLe folded before Flop (didn't bet)
Seat 6: fourtyseven1 folded before Flop (didn't bet)



PokerStars Zoom Hand #186689014958:  Hold'em No Limit ($0.02/$0.05) - 2018/05/21 21:55:33 CCT [2018/05/21 9:55:33 ET]
Table 'Donati' 6-max Seat #1 is the button
Seat 1: petrvolk ($11.18 in chips) 
Seat 2: Jinxers ($5.54 in chips) 
Seat 3: zopyrik88 ($3.13 in chips) 
Seat 4: HubertusB ($6.08 in chips) 
Seat 5: VladTim ($9.23 in chips) 
Seat 6: ioakiminio ($3.53 in chips) 
Jinxers: posts small blind $0.02
zopyrik88: posts big blind $0.05
*** HOLE CARDS ***
Dealt to HubertusB [2h 5h]
HubertusB: folds 
VladTim: folds 
ioakiminio: folds 
petrvolk: folds 
Jinxers: folds 
Uncalled bet ($0.03) returned to zopyrik88
zopyrik88 collected $0.04 from pot
zopyrik88: doesn't show hand 
*** SUMMARY ***
Total pot $0.04 | Rake $0 
Seat 1: petrvolk (button) folded before Flop (didn't bet)
Seat 2: Jinxers (small blind) folded before Flop
Seat 3: zopyrik88 (big blind) collected ($0.04)
Seat 4: HubertusB folded before Flop (didn't bet)
Seat 5: VladTim folded before Flop (didn't bet)
Seat 6: ioakiminio folded before Flop (didn't bet)



PokerStars Zoom Hand #186689017046:  Hold'em No Limit ($0.02/$0.05) - 2018/05/21 21:55:38 CCT [2018/05/21 9:55:38 ET]
Table 'Donati' 6-max Seat #1 is the button
Seat 1: HubertusB ($6.08 in chips) 
Seat 2: UltraRunnerr ($5.92 in chips) 
Seat 3: titop_Vector ($5.07 in chips) 
Seat 4: Reece1985 ($4.58 in chips) 
Seat 5: svererii ($5.93 in chips) 
Seat 6: STARteamPR0 ($5.17 in chips) 
UltraRunnerr: posts small blind $0.02
titop_Vector: posts big blind $0.05
*** HOLE CARDS ***
Dealt to HubertusB [4d 4s]
Reece1985: raises $0.12 to $0.17
svererii: folds 
STARteamPR0: folds 
HubertusB: calls $0.17
UltraRunnerr: folds 
titop_Vector: folds 
*** FLOP *** [8s Jh Tc]
Reece1985: checks 
HubertusB: bets $0.31
Reece1985: calls $0.31
*** TURN *** [8s Jh Tc] [7h]
Reece1985: checks 
HubertusB: checks 
*** RIVER *** [8s Jh Tc 7h] [7d]
Reece1985: checks 
HubertusB: checks 
*** SHOW DOWN ***
Reece1985: shows [Qs Ah] (a pair of Sevens)
HubertusB: shows [4d 4s] (two pair, Sevens and Fours)
HubertusB collected $0.99 from pot
*** SUMMARY ***
Total pot $1.03 | Rake $0.04 
Board [8s Jh Tc 7h 7d]
Seat 1: HubertusB (button) showed [4d 4s] and won ($0.99) with two pair, Sevens and Fours
Seat 2: UltraRunnerr (small blind) folded before Flop
Seat 3: titop_Vector (big blind) folded before Flop
Seat 4: Reece1985 showed [Qs Ah] and lost with a pair of Sevens
Seat 5: svererii folded before Flop (didn't bet)
Seat 6: STARteamPR0 folded before Flop (didn't bet)



PokerStars Zoom Hand #186689038155:  Hold'em No Limit ($0.02/$0.05) - 2018/05/21 21:56:28 CCT [2018/05/21 9:56:28 ET]
Table 'Donati' 6-max Seat #1 is the button
Seat 1: take29 ($10.53 in chips) 
Seat 2: Landmark7 ($7.51 in chips) 
Seat 3: Reece1985 ($4.10 in chips) 
Seat 4: Timxx7 ($5 in chips) 
Seat 5: rutsanaM ($15.62 in chips) 
Seat 6: HubertusB ($6.59 in chips) 
Landmark7: posts small blind $0.02
Reece1985: posts big blind $0.05
*** HOLE CARDS ***
Dealt to HubertusB [2d 3c]
Timxx7: folds 
rutsanaM: raises $0.10 to $0.15
HubertusB: folds 
take29: folds 
Landmark7: folds 
Reece1985: folds 
Uncalled bet ($0.10) returned to rutsanaM
rutsanaM collected $0.12 from pot
rutsanaM: doesn't show hand 
*** SUMMARY ***
Total pot $0.12 | Rake $0 
Seat 1: take29 (button) folded before Flop (didn't bet)
Seat 2: Landmark7 (small blind) folded before Flop
Seat 3: Reece1985 (big blind) folded before Flop
Seat 4: Timxx7 folded before Flop (didn't bet)
Seat 5: rutsanaM collected ($0.12)
Seat 6: HubertusB folded before Flop (didn't bet)



PokerStars Zoom Hand #186689040300:  Hold'em No Limit ($0.02/$0.05) - 2018/05/21 21:56:33 CCT [2018/05/21 9:56:33 ET]
Table 'Donati' 6-max Seat #1 is the button
Seat 1: sam2207 ($5.85 in chips) 
Seat 2: krzys19697 ($2.29 in chips) 
Seat 3: poshla_nazuy ($4.22 in chips) 
Seat 4: Ente1512 ($4.98 in chips) 
Seat 5: HubertusB ($6.59 in chips) 
Seat 6: kasta33 ($2.45 in chips) 
krzys19697: posts small blind $0.02
poshla_nazuy: posts big blind $0.05
*** HOLE CARDS ***
Dealt to HubertusB [Kd Qd]
Ente1512: folds 
HubertusB: raises $0.05 to $0.10
kasta33: calls $0.10
sam2207: folds 
krzys19697: folds 
poshla_nazuy: folds 
*** FLOP *** [3c 7s As]
HubertusB: checks 
kasta33: bets $0.13
HubertusB: folds 
Uncalled bet ($0.13) returned to kasta33
kasta33 collected $0.26 from pot
kasta33: doesn't show hand 
*** SUMMARY ***
Total pot $0.27 | Rake $0.01 
Board [3c 7s As]
Seat 1: sam2207 (button) folded before Flop (didn't bet)
Seat 2: krzys19697 (small blind) folded before Flop
Seat 3: poshla_nazuy (big blind) folded before Flop
Seat 4: Ente1512 folded before Flop (didn't bet)
Seat 5: HubertusB folded on the Flop
Seat 6: kasta33 collected ($0.26)



PokerStars Zoom Hand #186689048659:  Hold'em No Limit ($0.02/$0.05) - 2018/05/21 21:56:53 CCT [2018/05/21 9:56:53 ET]
Table 'Donati' 6-max Seat #1 is the button
Seat 1: HubertusB ($6.49 in chips) 
Seat 2: APBray ($18.79 in chips) 
Seat 3: trippu-s ($5 in chips) 
Seat 4: KIT426 ($1.18 in chips) 
Seat 5: Alexjke55 ($1.79 in chips) 
Seat 6: Kandrat ($5.10 in chips) 
APBray: posts small blind $0.02
trippu-s: posts big blind $0.05
*** HOLE CARDS ***
Dealt to HubertusB [Kc Ah]
KIT426: folds 
Alexjke55: raises $1.74 to $1.79 and is all-in
Kandrat: folds 
HubertusB: raises $4.70 to $6.49 and is all-in
APBray: folds 
trippu-s: folds 
Uncalled bet ($4.70) returned to HubertusB
*** FLOP *** [5d 9h 4h]
*** TURN *** [5d 9h 4h] [5c]
*** RIVER *** [5d 9h 4h 5c] [3s]
*** SHOW DOWN ***
Alexjke55: shows [8s 8h] (two pair, Eights and Fives)
HubertusB: shows [Kc Ah] (a pair of Fives)
Alexjke55 collected $3.50 from pot
*** SUMMARY ***
Total pot $3.65 | Rake $0.15 
Board [5d 9h 4h 5c 3s]
Seat 1: HubertusB (button) showed [Kc Ah] and lost with a pair of Fives
Seat 2: APBray (small blind) folded before Flop
Seat 3: trippu-s (big blind) folded before Flop
Seat 4: KIT426 folded before Flop (didn't bet)
Seat 5: Alexjke55 showed [8s 8h] and won ($3.50) with two pair, Eights and Fives
Seat 6: Kandrat folded before Flop (didn't bet)



PokerStars Zoom Hand #186689059312:  Hold'em No Limit ($0.02/$0.05) - 2018/05/21 21:57:18 CCT [2018/05/21 9:57:18 ET]
Table 'Donati' 6-max Seat #1 is the button
Seat 1: Timxx7 ($5.62 in chips) 
Seat 2: adiaspora12 ($5.85 in chips) 
Seat 3: HubertusB ($4.70 in chips) 
Seat 4: Dokerokk23 ($12.54 in chips) 
Seat 5: pashqadk ($5.47 in chips) 
Seat 6: swimmingsu ($6.33 in chips) 
adiaspora12: posts small blind $0.02
HubertusB: posts big blind $0.05
*** HOLE CARDS ***
Dealt to HubertusB [Js 5h]
Dokerokk23: folds 
pashqadk: folds 
swimmingsu: folds 
Timxx7: raises $0.05 to $0.10
adiaspora12: calls $0.08
HubertusB: folds 
*** FLOP *** [Kc 6s 7h]
adiaspora12: checks 
Timxx7: checks 
*** TURN *** [Kc 6s 7h] [3c]
adiaspora12: checks 
Timxx7: checks 
*** RIVER *** [Kc 6s 7h 3c] [Ac]
adiaspora12: checks 
Timxx7: checks 
*** SHOW DOWN ***
adiaspora12: shows [5d 5c] (a pair of Fives)
Timxx7: mucks hand 
adiaspora12 collected $0.24 from pot
*** SUMMARY ***
Total pot $0.25 | Rake $0.01 
Board [Kc 6s 7h 3c Ac]
Seat 1: Timxx7 (button) mucked [Jh Td]
Seat 2: adiaspora12 (small blind) showed [5d 5c] and won ($0.24) with a pair of Fives
Seat 3: HubertusB (big blind) folded before Flop
Seat 4: Dokerokk23 folded before Flop (didn't bet)
Seat 5: pashqadk folded before Flop (didn't bet)
Seat 6: swimmingsu folded before Flop (didn't bet)



PokerStars Zoom Hand #186689068707:  Hold'em No Limit ($0.02/$0.05) - 2018/05/21 21:57:40 CCT [2018/05/21 9:57:40 ET]
Table 'Donati' 6-max Seat #1 is the button
Seat 1: xkrycha81 ($4.31 in chips) 
Seat 2: cRaZyEiGhT85 ($7.44 in chips) 
Seat 3: offuca ($5.07 in chips) 
Seat 4: jdanystar ($6.42 in chips) 
Seat 5: CapoEU ($5.94 in chips) 
Seat 6: HubertusB ($4.63 in chips) 
cRaZyEiGhT85: posts small blind $0.02
offuca: posts big blind $0.05
*** HOLE CARDS ***
Dealt to HubertusB [Qh Jc]
jdanystar: folds 
CapoEU: folds 
HubertusB: raises $0.05 to $0.10
xkrycha81: folds 
cRaZyEiGhT85: folds 
offuca: folds 
Uncalled bet ($0.05) returned to HubertusB
HubertusB collected $0.12 from pot
HubertusB: doesn't show hand 
*** SUMMARY ***
Total pot $0.12 | Rake $0 
Seat 1: xkrycha81 (button) folded before Flop (didn't bet)
Seat 2: cRaZyEiGhT85 (small blind) folded before Flop
Seat 3: offuca (big blind) folded before Flop
Seat 4: jdanystar folded before Flop (didn't bet)
Seat 5: CapoEU folded before Flop (didn't bet)
Seat 6: HubertusB collected ($0.12)



PokerStars Zoom Hand #186689066192:  Hold'em No Limit ($0.02/$0.05) - 2018/05/21 21:57:34 CCT [2018/05/21 9:57:34 ET]
Table 'Donati' 6-max Seat #1 is the button
Seat 1: judith.f ($30.24 in chips) 
Seat 2: HubertusB ($4.65 in chips) 
Seat 3: laraLeno ($4.29 in chips) 
Seat 4: natali477 ($3.72 in chips) 
Seat 5: zoneafly ($7.18 in chips) 
Seat 6: Ornivas ($9.24 in chips) 
HubertusB: posts small blind $0.02
laraLeno: posts big blind $0.05
*** HOLE CARDS ***
Dealt to HubertusB [9s 5c]
natali477: folds 
zoneafly: raises $0.12 to $0.17
Ornivas: folds 
judith.f: folds 
HubertusB: folds 
laraLeno: calls $0.12
*** FLOP *** [7h Jh 2s]
laraLeno: checks 
zoneafly: checks 
*** TURN *** [7h Jh 2s] [3d]
laraLeno: checks 
zoneafly: checks 
*** RIVER *** [7h Jh 2s 3d] [Qh]
laraLeno: checks 
zoneafly: checks 
*** SHOW DOWN ***
laraLeno: shows [9d 5d] (high card Queen)
zoneafly: shows [Kd As] (high card Ace)
zoneafly collected $0.35 from pot
*** SUMMARY ***
Total pot $0.36 | Rake $0.01 
Board [7h Jh 2s 3d Qh]
Seat 1: judith.f (button) folded before Flop (didn't bet)
Seat 2: HubertusB (small blind) folded before Flop
Seat 3: laraLeno (big blind) showed [9d 5d] and lost with high card Queen
Seat 4: natali477 folded before Flop (didn't bet)
Seat 5: zoneafly showed [Kd As] and won ($0.35) with high card Ace
Seat 6: Ornivas folded before Flop (didn't bet)



PokerStars Zoom Hand #186689075578:  Hold'em No Limit ($0.02/$0.05) - 2018/05/21 21:57:56 CCT [2018/05/21 9:57:56 ET]
Table 'Donati' 6-max Seat #1 is the button
Seat 1: etd.poker ($5.15 in chips) 
Seat 2: st_john888 ($7.41 in chips) 
Seat 3: HubertusB ($4.70 in chips) 
Seat 4: petitdemon5 ($6.88 in chips) 
Seat 5: judith.f ($5 in chips) 
Seat 6: Rataj89 ($4.78 in chips) 
st_john888: posts small blind $0.02
HubertusB: posts big blind $0.05
*** HOLE CARDS ***
Dealt to HubertusB [6s 3h]
petitdemon5: folds 
judith.f: folds 
Rataj89: raises $0.10 to $0.15
etd.poker: folds 
st_john888: folds 
HubertusB: folds 
Uncalled bet ($0.10) returned to Rataj89
Rataj89 collected $0.12 from pot
Rataj89: doesn't show hand 
*** SUMMARY ***
Total pot $0.12 | Rake $0 
Seat 1: etd.poker (button) folded before Flop (didn't bet)
Seat 2: st_john888 (small blind) folded before Flop
Seat 3: HubertusB (big blind) folded before Flop
Seat 4: petitdemon5 folded before Flop (didn't bet)
Seat 5: judith.f folded before Flop (didn't bet)
Seat 6: Rataj89 collected ($0.12)



PokerStars Zoom Hand #186689063568:  Hold'em No Limit ($0.02/$0.05) - 2018/05/21 21:57:28 CCT [2018/05/21 9:57:28 ET]
Table 'Donati' 6-max Seat #1 is the button
Seat 1: CTPEJIOK ($6.26 in chips) 
Seat 2: $ly4ss ($7.18 in chips) 
Seat 3: VladTim ($5 in chips) 
Seat 4: HubertusB ($4.65 in chips) 
Seat 5: Olimhon ($5.38 in chips) 
Seat 6: falcao991 ($5.71 in chips) 
$ly4ss: posts small blind $0.02
VladTim: posts big blind $0.05
*** HOLE CARDS ***
Dealt to HubertusB [7s 5d]
HubertusB: folds 
Olimhon: folds 
falcao991: folds 
CTPEJIOK has timed out
CTPEJIOK: folds 
$ly4ss: raises $0.07 to $0.12
VladTim: calls $0.07
*** FLOP *** [7c Qh 4c]
$ly4ss: checks 
VladTim: checks 
*** TURN *** [7c Qh 4c] [Ac]
$ly4ss: checks 
VladTim: bets $0.15
$ly4ss: folds 
Uncalled bet ($0.15) returned to VladTim
VladTim collected $0.23 from pot
VladTim: doesn't show hand 
*** SUMMARY ***
Total pot $0.24 | Rake $0.01 
Board [7c Qh 4c Ac]
Seat 1: CTPEJIOK (button) folded before Flop (didn't bet)
Seat 2: $ly4ss (small blind) folded on the Turn
Seat 3: VladTim (big blind) collected ($0.23)
Seat 4: HubertusB folded before Flop (didn't bet)
Seat 5: Olimhon folded before Flop (didn't bet)
Seat 6: falcao991 folded before Flop (didn't bet)



PokerStars Zoom Hand #186689084094:  Hold'em No Limit ($0.02/$0.05) - 2018/05/21 21:58:16 CCT [2018/05/21 9:58:16 ET]
Table 'Donati' 6-max Seat #1 is the button
Seat 1: GLaDOS2 ($5.07 in chips) 
Seat 2: HubertusB ($4.65 in chips) 
Seat 3: Draugsvoll ($6.67 in chips) 
Seat 4: Guzyaka ($7.58 in chips) 
Seat 5: józsef188 ($23.76 in chips) 
Seat 6: neselov ($5.72 in chips) 
HubertusB: posts small blind $0.02
Draugsvoll: posts big blind $0.05
*** HOLE CARDS ***
Dealt to HubertusB [5s 8s]
Guzyaka: folds 
józsef188: calls $0.05
neselov: raises $0.07 to $0.12
GLaDOS2: folds 
HubertusB: raises $0.23 to $0.35
Draugsvoll: folds 
józsef188: calls $0.30
neselov: folds 
*** FLOP *** [Jc 2s Kc]
HubertusB: bets $0.45
józsef188: calls $0.45
*** TURN *** [Jc 2s Kc] [4h]
HubertusB: checks 
józsef188: checks 
*** RIVER *** [Jc 2s Kc 4h] [8c]
HubertusB: checks 
józsef188: bets $0.25
HubertusB: calls $0.25
*** SHOW DOWN ***
józsef188: shows [Kd 7d] (a pair of Kings)
HubertusB: mucks hand 
józsef188 collected $2.18 from pot
*** SUMMARY ***
Total pot $2.27 | Rake $0.09 
Board [Jc 2s Kc 4h 8c]
Seat 1: GLaDOS2 (button) folded before Flop (didn't bet)
Seat 2: HubertusB (small blind) mucked [5s 8s]
Seat 3: Draugsvoll (big blind) folded before Flop
Seat 4: Guzyaka folded before Flop (didn't bet)
Seat 5: józsef188 showed [Kd 7d] and won ($2.18) with a pair of Kings
Seat 6: neselov folded before Flop



PokerStars Zoom Hand #186689116492:  Hold'em No Limit ($0.02/$0.05) - 2018/05/21 21:59:32 CCT [2018/05/21 9:59:32 ET]
Table 'Donati' 6-max Seat #1 is the button
Seat 1: HubertusB ($3.60 in chips) 
Seat 2: Reesor01 ($16.66 in chips) 
Seat 3: RAIN_ACID ($4.32 in chips) 
Seat 4: avdbr ($4.02 in chips) 
Seat 5: ess3L ($27.92 in chips) 
Seat 6: maltrine ($5 in chips) 
Reesor01: posts small blind $0.02
RAIN_ACID: posts big blind $0.05
*** HOLE CARDS ***
Dealt to HubertusB [5d As]
avdbr: raises $0.10 to $0.15
ess3L: folds 
maltrine: folds 
HubertusB: folds 
Reesor01: folds 
RAIN_ACID: folds 
Uncalled bet ($0.10) returned to avdbr
avdbr collected $0.12 from pot
avdbr: doesn't show hand 
*** SUMMARY ***
Total pot $0.12 | Rake $0 
Seat 1: HubertusB (button) folded before Flop (didn't bet)
Seat 2: Reesor01 (small blind) folded before Flop
Seat 3: RAIN_ACID (big blind) folded before Flop
Seat 4: avdbr collected ($0.12)
Seat 5: ess3L folded before Flop (didn't bet)
Seat 6: maltrine folded before Flop (didn't bet)



PokerStars Zoom Hand #186689104547:  Hold'em No Limit ($0.02/$0.05) - 2018/05/21 21:59:04 CCT [2018/05/21 9:59:04 ET]
Table 'Donati' 6-max Seat #1 is the button
Seat 1: avdbr ($4 in chips) 
Seat 2: HARTEN1 ($7.30 in chips) 
Seat 3: Mr.Link1 ($3.50 in chips) 
Seat 4: 11parkjj1 ($6.86 in chips) 
Seat 5: HubertusB ($3.60 in chips) 
Seat 6: eliasfleitas ($5.96 in chips) 
HARTEN1: posts small blind $0.02
Mr.Link1: posts big blind $0.05
*** HOLE CARDS ***
Dealt to HubertusB [5d Th]
11parkjj1: folds 
HubertusB: folds 
eliasfleitas: folds 
avdbr: raises $0.10 to $0.15
HARTEN1: calls $0.13
Mr.Link1: calls $0.10
*** FLOP *** [Qh 4s 2s]
HARTEN1: checks 
Mr.Link1: checks 
avdbr: checks 
*** TURN *** [Qh 4s 2s] [Tc]
HARTEN1: checks 
Mr.Link1: bets $0.22
avdbr: folds 
HARTEN1: folds 
Uncalled bet ($0.22) returned to Mr.Link1
Mr.Link1 collected $0.43 from pot
Mr.Link1: doesn't show hand 
*** SUMMARY ***
Total pot $0.45 | Rake $0.02 
Board [Qh 4s 2s Tc]
Seat 1: avdbr (button) folded on the Turn
Seat 2: HARTEN1 (small blind) folded on the Turn
Seat 3: Mr.Link1 (big blind) collected ($0.43)
Seat 4: 11parkjj1 folded before Flop (didn't bet)
Seat 5: HubertusB folded before Flop (didn't bet)
Seat 6: eliasfleitas folded before Flop (didn't bet)



PokerStars Zoom Hand #186689119994:  Hold'em No Limit ($0.02/$0.05) - 2018/05/21 21:59:40 CCT [2018/05/21 9:59:40 ET]
Table 'Donati' 6-max Seat #1 is the button
Seat 1: Dmigri ($9.72 in chips) 
Seat 2: miaolegemi ($7.06 in chips) 
Seat 3: AlexDa88 ($5.52 in chips) 
Seat 4: ninix17 ($6.31 in chips) 
Seat 5: HubertusB ($3.60 in chips) 
Seat 6: OoShooked ($5.43 in chips) 
miaolegemi: posts small blind $0.02
AlexDa88: posts big blind $0.05
*** HOLE CARDS ***
Dealt to HubertusB [4c 2d]
ninix17: folds 
HubertusB: folds 
OoShooked: folds 
Dmigri: folds 
miaolegemi: folds 
Uncalled bet ($0.03) returned to AlexDa88
AlexDa88 collected $0.04 from pot
AlexDa88: doesn't show hand 
*** SUMMARY ***
Total pot $0.04 | Rake $0 
Seat 1: Dmigri (button) folded before Flop (didn't bet)
Seat 2: miaolegemi (small blind) folded before Flop
Seat 3: AlexDa88 (big blind) collected ($0.04)
Seat 4: ninix17 folded before Flop (didn't bet)
Seat 5: HubertusB folded before Flop (didn't bet)
Seat 6: OoShooked folded before Flop (didn't bet)



PokerStars Zoom Hand #186689110519:  Hold'em No Limit ($0.02/$0.05) - 2018/05/21 21:59:18 CCT [2018/05/21 9:59:18 ET]
Table 'Donati' 6-max Seat #1 is the button
Seat 1: The BEST3700 ($2.43 in chips) 
Seat 2: RAIN_ACID ($4.54 in chips) 
Seat 3: rellesario ($5 in chips) 
Seat 4: neselov ($4.97 in chips) 
Seat 5: Kammav1 ($5.02 in chips) 
Seat 6: HubertusB ($3.60 in chips) 
RAIN_ACID: posts small blind $0.02
rellesario: posts big blind $0.05
*** HOLE CARDS ***
Dealt to HubertusB [2h Qh]
neselov: raises $0.17 to $0.22
Kammav1: folds 
HubertusB: folds 
The BEST3700: calls $0.22
RAIN_ACID: folds 
rellesario: folds 
*** FLOP *** [Qs 6s 5s]
neselov: bets $0.32
The BEST3700: calls $0.32
*** TURN *** [Qs 6s 5s] [Ac]
neselov: bets $0.73
The BEST3700: calls $0.73
*** RIVER *** [Qs 6s 5s Ac] [8s]
neselov: bets $2.03
The BEST3700: calls $1.16 and is all-in
Uncalled bet ($0.87) returned to neselov
*** SHOW DOWN ***
neselov: shows [As Kh] (a flush, Ace high)
The BEST3700: shows [Js Jh] (a flush, Queen high)
neselov collected $4.73 from pot
*** SUMMARY ***
Total pot $4.93 | Rake $0.20 
Board [Qs 6s 5s Ac 8s]
Seat 1: The BEST3700 (button) showed [Js Jh] and lost with a flush, Queen high
Seat 2: RAIN_ACID (small blind) folded before Flop
Seat 3: rellesario (big blind) folded before Flop
Seat 4: neselov showed [As Kh] and won ($4.73) with a flush, Ace high
Seat 5: Kammav1 folded before Flop (didn't bet)
Seat 6: HubertusB folded before Flop (didn't bet)



PokerStars Zoom Hand #186689123832:  Hold'em No Limit ($0.02/$0.05) - 2018/05/21 21:59:49 CCT [2018/05/21 9:59:49 ET]
Table 'Donati' 6-max Seat #1 is the button
Seat 1: mastervanek ($6.24 in chips) 
Seat 2: Omicron333 ($11.07 in chips) 
Seat 3: paiva_015 ($13.64 in chips) 
Seat 4: HubertusB ($3.60 in chips) 
Seat 5: mopsrenat ($3.77 in chips) 
Seat 6: Tqlkkk-_- ($5 in chips) 
Omicron333: posts small blind $0.02
paiva_015: posts big blind $0.05
*** HOLE CARDS ***
Dealt to HubertusB [Qs Kd]
HubertusB: raises $0.05 to $0.10
mopsrenat: folds 
Tqlkkk-_-: folds 
mastervanek: calls $0.10
Omicron333: folds 
paiva_015: calls $0.05
*** FLOP *** [Ah 7d 4c]
paiva_015: checks 
HubertusB: bets $0.20
mastervanek: calls $0.20
paiva_015: folds 
*** TURN *** [Ah 7d 4c] [6d]
HubertusB: bets $0.45
mastervanek: raises $0.45 to $0.90
HubertusB: folds 
Uncalled bet ($0.45) returned to mastervanek
mastervanek collected $1.55 from pot
mastervanek: doesn't show hand 
*** SUMMARY ***
Total pot $1.62 | Rake $0.07 
Board [Ah 7d 4c 6d]
Seat 1: mastervanek (button) collected ($1.55)
Seat 2: Omicron333 (small blind) folded before Flop
Seat 3: paiva_015 (big blind) folded on the Flop
Seat 4: HubertusB folded on the Turn
Seat 5: mopsrenat folded before Flop (didn't bet)
Seat 6: Tqlkkk-_- folded before Flop (didn't bet)



PokerStars Zoom Hand #186689143072:  Hold'em No Limit ($0.02/$0.05) - 2018/05/21 22:00:33 CCT [2018/05/21 10:00:33 ET]
Table 'Donati' 6-max Seat #1 is the button
Seat 1: schmilf ($5.17 in chips) 
Seat 2: OsloVest ($5.80 in chips) 
Seat 3: monstro6988 ($2.74 in chips) 
Seat 4: STARteamPR0 ($5 in chips) 
Seat 5: HubertusB ($2.85 in chips) 
Seat 6: ProjetRed ($10.05 in chips) 
OsloVest: posts small blind $0.02
monstro6988: posts big blind $0.05
*** HOLE CARDS ***
Dealt to HubertusB [5s 8d]
STARteamPR0: raises $0.10 to $0.15
HubertusB: folds 
ProjetRed: folds 
schmilf: folds 
OsloVest: folds 
monstro6988: folds 
Uncalled bet ($0.10) returned to STARteamPR0
STARteamPR0 collected $0.12 from pot
STARteamPR0: doesn't show hand 
*** SUMMARY ***
Total pot $0.12 | Rake $0 
Seat 1: schmilf (button) folded before Flop (didn't bet)
Seat 2: OsloVest (small blind) folded before Flop
Seat 3: monstro6988 (big blind) folded before Flop
Seat 4: STARteamPR0 collected ($0.12)
Seat 5: HubertusB folded before Flop (didn't bet)
Seat 6: ProjetRed folded before Flop (didn't bet)



PokerStars Zoom Hand #186689145328:  Hold'em No Limit ($0.02/$0.05) - 2018/05/21 22:00:38 CCT [2018/05/21 10:00:38 ET]
Table 'Donati' 6-max Seat #1 is the button
Seat 1: laraLeno ($7.10 in chips) 
Seat 2: marcioadrs ($9.19 in chips) 
Seat 3: HubertusB ($2.85 in chips) 
Seat 4: 99coco ($2.54 in chips) 
Seat 5: ThePainter63 ($4.33 in chips) 
Seat 6: swimmingsu ($9.86 in chips) 
marcioadrs: posts small blind $0.02
HubertusB: posts big blind $0.05
*** HOLE CARDS ***
Dealt to HubertusB [8d Jh]
99coco: folds 
ThePainter63: raises $0.10 to $0.15
swimmingsu: folds 
laraLeno: folds 
marcioadrs: folds 
HubertusB: folds 
Uncalled bet ($0.10) returned to ThePainter63
ThePainter63 collected $0.12 from pot
ThePainter63: doesn't show hand 
*** SUMMARY ***
Total pot $0.12 | Rake $0 
Seat 1: laraLeno (button) folded before Flop (didn't bet)
Seat 2: marcioadrs (small blind) folded before Flop
Seat 3: HubertusB (big blind) folded before Flop
Seat 4: 99coco folded before Flop (didn't bet)
Seat 5: ThePainter63 collected ($0.12)
Seat 6: swimmingsu folded before Flop (didn't bet)



PokerStars Zoom Hand #186689150798:  Hold'em No Limit ($0.02/$0.05) - 2018/05/21 22:00:50 CCT [2018/05/21 10:00:50 ET]
Table 'Donati' 6-max Seat #1 is the button
Seat 1: whitewhisper ($5 in chips) 
Seat 2: HubertusB ($2.80 in chips) 
Seat 3: WEIPEI1 ($5.22 in chips) 
Seat 4: kerasounlis ($4.21 in chips) 
Seat 5: HPV1209 ($3.29 in chips) 
Seat 6: bolseiroo ($5.31 in chips) 
HubertusB: posts small blind $0.02
WEIPEI1: posts big blind $0.05
*** HOLE CARDS ***
Dealt to HubertusB [4c 6d]
kerasounlis: folds 
HPV1209: folds 
bolseiroo: raises $0.09 to $0.14
whitewhisper: folds 
HubertusB: folds 
WEIPEI1: folds 
Uncalled bet ($0.09) returned to bolseiroo
bolseiroo collected $0.12 from pot
bolseiroo: doesn't show hand 
*** SUMMARY ***
Total pot $0.12 | Rake $0 
Seat 1: whitewhisper (button) folded before Flop (didn't bet)
Seat 2: HubertusB (small blind) folded before Flop
Seat 3: WEIPEI1 (big blind) folded before Flop
Seat 4: kerasounlis folded before Flop (didn't bet)
Seat 5: HPV1209 folded before Flop (didn't bet)
Seat 6: bolseiroo collected ($0.12)



PokerStars Zoom Hand #186689153072:  Hold'em No Limit ($0.02/$0.05) - 2018/05/21 22:00:55 CCT [2018/05/21 10:00:55 ET]
Table 'Donati' 6-max Seat #1 is the button
Seat 1: HubertusB ($2.78 in chips) 
Seat 2: yumi2003 ($4.95 in chips) 
Seat 3: arti192837 ($8.26 in chips) 
Seat 4: PiNe4ppLe ($5.05 in chips) 
Seat 5: metalblack ($4.55 in chips) 
Seat 6: smasaken ($9.80 in chips) 
yumi2003: posts small blind $0.02
arti192837: posts big blind $0.05
*** HOLE CARDS ***
Dealt to HubertusB [Js As]
PiNe4ppLe: folds 
metalblack: raises $0.07 to $0.12
smasaken: folds 
HubertusB: raises $0.23 to $0.35
yumi2003: folds 
arti192837: folds 
metalblack: folds 
Uncalled bet ($0.23) returned to HubertusB
HubertusB collected $0.31 from pot
HubertusB: doesn't show hand 
*** SUMMARY ***
Total pot $0.31 | Rake $0 
Seat 1: HubertusB (button) collected ($0.31)
Seat 2: yumi2003 (small blind) folded before Flop
Seat 3: arti192837 (big blind) folded before Flop
Seat 4: PiNe4ppLe folded before Flop (didn't bet)
Seat 5: metalblack folded before Flop
Seat 6: smasaken folded before Flop (didn't bet)



PokerStars Zoom Hand #186689164031:  Hold'em No Limit ($0.02/$0.05) - 2018/05/21 22:01:18 CCT [2018/05/21 10:01:18 ET]
Table 'Donati' 6-max Seat #1 is the button
Seat 1: Mimmihaj ($2.07 in chips) 
Seat 2: ILNAZ2307 ($4.69 in chips) 
Seat 3: joop119 ($6.89 in chips) 
Seat 4: Arutyuu ($4.28 in chips) 
Seat 5: pesotti ($3.80 in chips) 
Seat 6: HubertusB ($2.97 in chips) 
ILNAZ2307: posts small blind $0.02
joop119: posts big blind $0.05
*** HOLE CARDS ***
Dealt to HubertusB [Th Ah]
Arutyuu: folds 
pesotti: folds 
HubertusB: raises $0.05 to $0.10
Mimmihaj: folds 
ILNAZ2307: folds 
joop119: folds 
Uncalled bet ($0.05) returned to HubertusB
HubertusB collected $0.12 from pot
HubertusB: doesn't show hand 
*** SUMMARY ***
Total pot $0.12 | Rake $0 
Seat 1: Mimmihaj (button) folded before Flop (didn't bet)
Seat 2: ILNAZ2307 (small blind) folded before Flop
Seat 3: joop119 (big blind) folded before Flop
Seat 4: Arutyuu folded before Flop (didn't bet)
Seat 5: pesotti folded before Flop (didn't bet)
Seat 6: HubertusB collected ($0.12)



PokerStars Zoom Hand #186689170904:  Hold'em No Limit ($0.02/$0.05) - 2018/05/21 22:01:32 CCT [2018/05/21 10:01:32 ET]
Table 'Donati' 6-max Seat #1 is the button
Seat 1: fool_rabbit ($8.69 in chips) 
Seat 2: svererii ($8.61 in chips) 
Seat 3: qk rodriguez ($5.13 in chips) 
Seat 4: HubertusB ($3.04 in chips) 
Seat 5: Pegan P. ($2.62 in chips) 
Seat 6: aaw990619 ($7.11 in chips) 
svererii: posts small blind $0.02
qk rodriguez: posts big blind $0.05
*** HOLE CARDS ***
Dealt to HubertusB [8h As]
HubertusB: folds 
Pegan P.: folds 
aaw990619: folds 
fool_rabbit: folds 
svererii: folds 
Uncalled bet ($0.03) returned to qk rodriguez
qk rodriguez collected $0.04 from pot
qk rodriguez: doesn't show hand 
*** SUMMARY ***
Total pot $0.04 | Rake $0 
Seat 1: fool_rabbit (button) folded before Flop (didn't bet)
Seat 2: svererii (small blind) folded before Flop
Seat 3: qk rodriguez (big blind) collected ($0.04)
Seat 4: HubertusB folded before Flop (didn't bet)
Seat 5: Pegan P. folded before Flop (didn't bet)
Seat 6: aaw990619 folded before Flop (didn't bet)



PokerStars Zoom Hand #186689177086:  Hold'em No Limit ($0.02/$0.05) - 2018/05/21 22:01:45 CCT [2018/05/21 10:01:45 ET]
Table 'Donati' 6-max Seat #1 is the button
Seat 1: FightMe!-LOOSER ($8.83 in chips) 
Seat 2: swimmingsu ($10.09 in chips) 
Seat 3: HubertusB ($3.04 in chips) 
Seat 4: naoyuki10 ($5.20 in chips) 
Seat 5: TheFibonachi ($6.67 in chips) 
Seat 6: schmilf ($5.88 in chips) 
swimmingsu: posts small blind $0.02
HubertusB: posts big blind $0.05
*** HOLE CARDS ***
Dealt to HubertusB [5h 2c]
naoyuki10: folds 
TheFibonachi: folds 
schmilf: folds 
FightMe!-LOOSER: folds 
swimmingsu: raises $0.10 to $0.15
HubertusB: folds 
Uncalled bet ($0.10) returned to swimmingsu
swimmingsu collected $0.10 from pot
swimmingsu: doesn't show hand 
*** SUMMARY ***
Total pot $0.10 | Rake $0 
Seat 1: FightMe!-LOOSER (button) folded before Flop (didn't bet)
Seat 2: swimmingsu (small blind) collected ($0.10)
Seat 3: HubertusB (big blind) folded before Flop
Seat 4: naoyuki10 folded before Flop (didn't bet)
Seat 5: TheFibonachi folded before Flop (didn't bet)
Seat 6: schmilf folded before Flop (didn't bet)



PokerStars Zoom Hand #186689186771:  Hold'em No Limit ($0.02/$0.05) - 2018/05/21 22:02:04 CCT [2018/05/21 10:02:04 ET]
Table 'Donati' 6-max Seat #1 is the button
Seat 1: Marian V. 31 ($5 in chips) 
Seat 2: fool_rabbit ($5 in chips) 
Seat 3: 99coco ($2.47 in chips) 
Seat 4: Moskvich951 ($14.96 in chips) 
Seat 5: ivagro91 ($4.93 in chips) 
Seat 6: HubertusB ($2.99 in chips) 
fool_rabbit: posts small blind $0.02
99coco: posts big blind $0.05
*** HOLE CARDS ***
Dealt to HubertusB [Qc 9h]
Moskvich951: raises $0.10 to $0.15
ivagro91: folds 
HubertusB: folds 
Marian V. 31: folds 
fool_rabbit: folds 
99coco: folds 
Uncalled bet ($0.10) returned to Moskvich951
Moskvich951 collected $0.12 from pot
Moskvich951: doesn't show hand 
*** SUMMARY ***
Total pot $0.12 | Rake $0 
Seat 1: Marian V. 31 (button) folded before Flop (didn't bet)
Seat 2: fool_rabbit (small blind) folded before Flop
Seat 3: 99coco (big blind) folded before Flop
Seat 4: Moskvich951 collected ($0.12)
Seat 5: ivagro91 folded before Flop (didn't bet)
Seat 6: HubertusB folded before Flop (didn't bet)



PokerStars Zoom Hand #186689183795:  Hold'em No Limit ($0.02/$0.05) - 2018/05/21 22:01:58 CCT [2018/05/21 10:01:58 ET]
Table 'Donati' 6-max Seat #1 is the button
Seat 1: BoSs00 ($6.82 in chips) 
Seat 2: piotrek1305 ($4.24 in chips) 
Seat 3: Rataj89 ($6.72 in chips) 
Seat 4: Bot1729 ($5.89 in chips) 
Seat 5: HubertusB ($2.99 in chips) 
Seat 6: ZulundeR ($3.86 in chips) 
piotrek1305: posts small blind $0.02
Rataj89: posts big blind $0.05
*** HOLE CARDS ***
Dealt to HubertusB [Qd 7c]
Bot1729: folds 
HubertusB: folds 
ZulundeR: raises $0.12 to $0.17
BoSs00: folds 
piotrek1305: calls $0.15
Rataj89: folds 
*** FLOP *** [9h 3s 6s]
piotrek1305: checks 
ZulundeR: checks 
*** TURN *** [9h 3s 6s] [7d]
piotrek1305: checks 
ZulundeR: checks 
*** RIVER *** [9h 3s 6s 7d] [2h]
piotrek1305: bets $0.35
ZulundeR: calls $0.35
*** SHOW DOWN ***
piotrek1305: shows [Jh Kh] (high card King)
ZulundeR: shows [6c Ah] (a pair of Sixes)
ZulundeR collected $1.04 from pot
*** SUMMARY ***
Total pot $1.09 | Rake $0.05 
Board [9h 3s 6s 7d 2h]
Seat 1: BoSs00 (button) folded before Flop (didn't bet)
Seat 2: piotrek1305 (small blind) showed [Jh Kh] and lost with high card King
Seat 3: Rataj89 (big blind) folded before Flop
Seat 4: Bot1729 folded before Flop (didn't bet)
Seat 5: HubertusB folded before Flop (didn't bet)
Seat 6: ZulundeR showed [6c Ah] and won ($1.04) with a pair of Sixes



PokerStars Zoom Hand #186689189706:  Hold'em No Limit ($0.02/$0.05) - 2018/05/21 22:02:10 CCT [2018/05/21 10:02:10 ET]
Table 'Donati' 6-max Seat #1 is the button
Seat 1: LQ Wu ($4.80 in chips) 
Seat 2: HubertusB ($2.99 in chips) 
Seat 3: cRaZyEiGhT85 ($7.84 in chips) 
Seat 4: bolseiroo ($8.97 in chips) 
Seat 5: JNeoh ($6.25 in chips) 
Seat 6: Landmark7 ($7.11 in chips) 
HubertusB: posts small blind $0.02
cRaZyEiGhT85: posts big blind $0.05
*** HOLE CARDS ***
Dealt to HubertusB [4s Qd]
bolseiroo: folds 
JNeoh: folds 
Landmark7: raises $0.10 to $0.15
LQ Wu: folds 
HubertusB: folds 
cRaZyEiGhT85: folds 
Uncalled bet ($0.10) returned to Landmark7
Landmark7 collected $0.12 from pot
Landmark7: doesn't show hand 
*** SUMMARY ***
Total pot $0.12 | Rake $0 
Seat 1: LQ Wu (button) folded before Flop (didn't bet)
Seat 2: HubertusB (small blind) folded before Flop
Seat 3: cRaZyEiGhT85 (big blind) folded before Flop
Seat 4: bolseiroo folded before Flop (didn't bet)
Seat 5: JNeoh folded before Flop (didn't bet)
Seat 6: Landmark7 collected ($0.12)



PokerStars Zoom Hand #186689200418:  Hold'em No Limit ($0.02/$0.05) - 2018/05/21 22:02:32 CCT [2018/05/21 10:02:32 ET]
Table 'Donati' 6-max Seat #1 is the button
Seat 1: HubertusB ($2.97 in chips) 
Seat 2: miaolegemi ($6.98 in chips) 
Seat 3: Dokerokk23 ($9.78 in chips) 
Seat 4: Bismarck0308 ($5.20 in chips) 
Seat 5: Dyadya17 ($6.17 in chips) 
Seat 6: jeffpig16 ($6.90 in chips) 
miaolegemi: posts small blind $0.02
Dokerokk23: posts big blind $0.05
*** HOLE CARDS ***
Dealt to HubertusB [Jc 3c]
Bismarck0308: folds 
Dyadya17: folds 
jeffpig16: folds 
HubertusB: raises $0.05 to $0.10
miaolegemi: folds 
Dokerokk23: folds 
Uncalled bet ($0.05) returned to HubertusB
HubertusB collected $0.12 from pot
HubertusB: doesn't show hand 
*** SUMMARY ***
Total pot $0.12 | Rake $0 
Seat 1: HubertusB (button) collected ($0.12)
Seat 2: miaolegemi (small blind) folded before Flop
Seat 3: Dokerokk23 (big blind) folded before Flop
Seat 4: Bismarck0308 folded before Flop (didn't bet)
Seat 5: Dyadya17 folded before Flop (didn't bet)
Seat 6: jeffpig16 folded before Flop (didn't bet)



PokerStars Zoom Hand #186689228211:  Hold'em No Limit ($0.02/$0.05) - 2018/05/21 22:03:29 CCT [2018/05/21 10:03:29 ET]
Table 'Donati' 6-max Seat #1 is the button
Seat 1: Moskvich951 ($15.56 in chips) 
Seat 2: NA(N_N)0 ($5.33 in chips) 
Seat 3: IGOR14RUS ($5 in chips) 
Seat 4: 99coco ($2.42 in chips) 
Seat 5: Rataj89 ($5.07 in chips) 
Seat 6: HubertusB ($2.94 in chips) 
NA(N_N)0: posts small blind $0.02
IGOR14RUS: posts big blind $0.05
*** HOLE CARDS ***
Dealt to HubertusB [6c 9d]
99coco: folds 
Rataj89: folds 
HubertusB: folds 
Moskvich951: folds 
NA(N_N)0: folds 
Uncalled bet ($0.03) returned to IGOR14RUS
IGOR14RUS collected $0.04 from pot
IGOR14RUS: doesn't show hand 
*** SUMMARY ***
Total pot $0.04 | Rake $0 
Seat 1: Moskvich951 (button) folded before Flop (didn't bet)
Seat 2: NA(N_N)0 (small blind) folded before Flop
Seat 3: IGOR14RUS (big blind) collected ($0.04)
Seat 4: 99coco folded before Flop (didn't bet)
Seat 5: Rataj89 folded before Flop (didn't bet)
Seat 6: HubertusB folded before Flop (didn't bet)



PokerStars Zoom Hand #186689231174:  Hold'em No Limit ($0.02/$0.05) - 2018/05/21 22:03:35 CCT [2018/05/21 10:03:35 ET]
Table 'Donati' 6-max Seat #1 is the button
Seat 1: belmain.by ($5.28 in chips) 
Seat 2: Mimmihaj ($2.16 in chips) 
Seat 3: HubertusB ($2.94 in chips) 
Seat 4: naoyuki10 ($4.88 in chips) 
Seat 5: Katalysator8 ($5 in chips) 
Seat 6: offuca ($5 in chips) 
Mimmihaj: posts small blind $0.02
HubertusB: posts big blind $0.05
*** HOLE CARDS ***
Dealt to HubertusB [8s 6c]
naoyuki10: folds 
Katalysator8: folds 
offuca: folds 
belmain.by: raises $0.06 to $0.11
Mimmihaj: folds 
HubertusB: folds 
Uncalled bet ($0.06) returned to belmain.by
belmain.by collected $0.12 from pot
belmain.by: doesn't show hand 
*** SUMMARY ***
Total pot $0.12 | Rake $0 
Seat 1: belmain.by (button) collected ($0.12)
Seat 2: Mimmihaj (small blind) folded before Flop
Seat 3: HubertusB (big blind) folded before Flop
Seat 4: naoyuki10 folded before Flop (didn't bet)
Seat 5: Katalysator8 folded before Flop (didn't bet)
Seat 6: offuca folded before Flop (didn't bet)



PokerStars Zoom Hand #186689225269:  Hold'em No Limit ($0.02/$0.05) - 2018/05/21 22:03:23 CCT [2018/05/21 10:03:23 ET]
Table 'Donati' 6-max Seat #1 is the button
Seat 1: jeffpig16 ($6.92 in chips) 
Seat 2: neselov ($5.78 in chips) 
Seat 3: Jinxers ($9.19 in chips) 
Seat 4: adyrnicc ($7.95 in chips) 
Seat 5: HubertusB ($2.94 in chips) 
Seat 6: oleg777886 ($5 in chips) 
neselov: posts small blind $0.02
Jinxers: posts big blind $0.05
*** HOLE CARDS ***
Dealt to HubertusB [8c Kh]
adyrnicc: raises $0.07 to $0.12
HubertusB: folds 
oleg777886: folds 
jeffpig16: folds 
neselov: calls $0.10
Jinxers: folds 
*** FLOP *** [6h 3s 3h]
neselov: checks 
adyrnicc: bets $0.14
neselov: folds 
Uncalled bet ($0.14) returned to adyrnicc
adyrnicc collected $0.28 from pot
adyrnicc: doesn't show hand 
*** SUMMARY ***
Total pot $0.29 | Rake $0.01 
Board [6h 3s 3h]
Seat 1: jeffpig16 (button) folded before Flop (didn't bet)
Seat 2: neselov (small blind) folded on the Flop
Seat 3: Jinxers (big blind) folded before Flop
Seat 4: adyrnicc collected ($0.28)
Seat 5: HubertusB folded before Flop (didn't bet)
Seat 6: oleg777886 folded before Flop (didn't bet)



PokerStars Zoom Hand #186689210575:  Hold'em No Limit ($0.02/$0.05) - 2018/05/21 22:02:53 CCT [2018/05/21 10:02:53 ET]
Table 'Donati' 6-max Seat #1 is the button
Seat 1: schmilf ($5.66 in chips) 
Seat 2: titop_Vector ($5.49 in chips) 
Seat 3: aDYTKINa ($5 in chips) 
Seat 4: HubertusB ($3.04 in chips) 
Seat 5: Dokerokk23 ($23.80 in chips) 
Seat 6: rutsanaM ($18.53 in chips) 
titop_Vector: posts small blind $0.02
aDYTKINa: posts big blind $0.05
*** HOLE CARDS ***
Dealt to HubertusB [6s As]
HubertusB: raises $0.05 to $0.10
Dokerokk23: folds 
rutsanaM: calls $0.10
schmilf: calls $0.10
titop_Vector: raises $0.50 to $0.60
aDYTKINa: folds 
HubertusB: folds 
rutsanaM: calls $0.50
schmilf: folds 
*** FLOP *** [4h 9d 2d]
titop_Vector: bets $0.70
rutsanaM: calls $0.70
*** TURN *** [4h 9d 2d] [Tc]
titop_Vector: checks 
rutsanaM: checks 
*** RIVER *** [4h 9d 2d Tc] [Qs]
titop_Vector: bets $1.50
rutsanaM: calls $1.50
*** SHOW DOWN ***
titop_Vector: shows [Ac Ad] (a pair of Aces)
rutsanaM: mucks hand 
titop_Vector collected $5.61 from pot
*** SUMMARY ***
Total pot $5.85 | Rake $0.24 
Board [4h 9d 2d Tc Qs]
Seat 1: schmilf (button) folded before Flop
Seat 2: titop_Vector (small blind) showed [Ac Ad] and won ($5.61) with a pair of Aces
Seat 3: aDYTKINa (big blind) folded before Flop
Seat 4: HubertusB folded before Flop
Seat 5: Dokerokk23 folded before Flop (didn't bet)
Seat 6: rutsanaM mucked [9s Js]



PokerStars Zoom Hand #186689237227:  Hold'em No Limit ($0.02/$0.05) - 2018/05/21 22:03:47 CCT [2018/05/21 10:03:47 ET]
Table 'Donati' 6-max Seat #1 is the button
Seat 1: jeffpig16 ($5.88 in chips) 
Seat 2: HubertusB ($2.89 in chips) 
Seat 3: drago2027 ($2.78 in chips) 
Seat 4: Savavlad97 ($5.86 in chips) 
Seat 5: pesotti ($3.96 in chips) 
Seat 6: Xibaze ($5 in chips) 
HubertusB: posts small blind $0.02
drago2027: posts big blind $0.05
*** HOLE CARDS ***
Dealt to HubertusB [Jh Jc]
Savavlad97: folds 
pesotti: folds 
Xibaze: raises $0.07 to $0.12
jeffpig16: folds 
HubertusB: raises $0.23 to $0.35
drago2027: folds 
Xibaze: folds 
Uncalled bet ($0.23) returned to HubertusB
HubertusB collected $0.29 from pot
HubertusB: doesn't show hand 
*** SUMMARY ***
Total pot $0.29 | Rake $0 
Seat 1: jeffpig16 (button) folded before Flop (didn't bet)
Seat 2: HubertusB (small blind) collected ($0.29)
Seat 3: drago2027 (big blind) folded before Flop
Seat 4: Savavlad97 folded before Flop (didn't bet)
Seat 5: pesotti folded before Flop (didn't bet)
Seat 6: Xibaze folded before Flop



PokerStars Zoom Hand #186689258596:  Hold'em No Limit ($0.02/$0.05) - 2018/05/21 22:04:30 CCT [2018/05/21 10:04:30 ET]
Table 'Donati' 6-max Seat #1 is the button
Seat 1: M4il4o ($5 in chips) 
Seat 2: safa250513 ($4.49 in chips) 
Seat 3: HubertusB ($3.06 in chips) 
Seat 4: rellesario ($8.39 in chips) 
Seat 5: CapoEU ($5 in chips) 
Seat 6: Rusherito87 ($5.31 in chips) 
safa250513: posts small blind $0.02
HubertusB: posts big blind $0.05
*** HOLE CARDS ***
Dealt to HubertusB [3c As]
rellesario: folds 
CapoEU: folds 
Rusherito87: folds 
M4il4o: raises $0.07 to $0.12
safa250513: calls $0.10
HubertusB: folds 
*** FLOP *** [Tc Qd Td]
safa250513: bets $0.30
M4il4o: folds 
Uncalled bet ($0.30) returned to safa250513
safa250513 collected $0.28 from pot
safa250513: doesn't show hand 
*** SUMMARY ***
Total pot $0.29 | Rake $0.01 
Board [Tc Qd Td]
Seat 1: M4il4o (button) folded on the Flop
Seat 2: safa250513 (small blind) collected ($0.28)
Seat 3: HubertusB (big blind) folded before Flop
Seat 4: rellesario folded before Flop (didn't bet)
Seat 5: CapoEU folded before Flop (didn't bet)
Seat 6: Rusherito87 folded before Flop (didn't bet)



PokerStars Zoom Hand #186689251612:  Hold'em No Limit ($0.02/$0.05) - 2018/05/21 22:04:16 CCT [2018/05/21 10:04:16 ET]
Table 'Donati' 6-max Seat #1 is the button
Seat 1: HubertusB ($3.06 in chips) 
Seat 2: GG-WPSPS ($9.17 in chips) 
Seat 3: pk_yo_bro ($8.93 in chips) 
Seat 4: arti192837 ($11.28 in chips) 
Seat 5: ilynskiy ($4.08 in chips) 
Seat 6: bL0ty ($4.26 in chips) 
GG-WPSPS: posts small blind $0.02
pk_yo_bro: posts big blind $0.05
*** HOLE CARDS ***
Dealt to HubertusB [Ts 7h]
arti192837: folds 
ilynskiy: folds 
bL0ty: raises $0.10 to $0.15
HubertusB: folds 
GG-WPSPS: raises $0.10 to $0.25
pk_yo_bro: folds 
bL0ty: calls $0.10
*** FLOP *** [6s 7c Qh]
GG-WPSPS: bets $0.35
bL0ty: calls $0.35
*** TURN *** [6s 7c Qh] [Qc]
GG-WPSPS: bets $0.70
bL0ty: calls $0.70
*** RIVER *** [6s 7c Qh Qc] [5c]
GG-WPSPS: bets $1.40
bL0ty: calls $1.40
*** SHOW DOWN ***
GG-WPSPS: shows [4d 4h] (two pair, Queens and Fours)
bL0ty: shows [Tc Qd] (three of a kind, Queens)
bL0ty collected $5.22 from pot
*** SUMMARY ***
Total pot $5.45 | Rake $0.23 
Board [6s 7c Qh Qc 5c]
Seat 1: HubertusB (button) folded before Flop (didn't bet)
Seat 2: GG-WPSPS (small blind) showed [4d 4h] and lost with two pair, Queens and Fours
Seat 3: pk_yo_bro (big blind) folded before Flop
Seat 4: arti192837 folded before Flop (didn't bet)
Seat 5: ilynskiy folded before Flop (didn't bet)
Seat 6: bL0ty showed [Tc Qd] and won ($5.22) with three of a kind, Queens



PokerStars Zoom Hand #186689269086:  Hold'em No Limit ($0.02/$0.05) - 2018/05/21 22:04:51 CCT [2018/05/21 10:04:51 ET]
Table 'Donati' 6-max Seat #1 is the button
Seat 1: Jidowskoy ($5 in chips) 
Seat 2: HubertusB ($3.01 in chips) 
Seat 3: Yroslav Mudr ($15.06 in chips) 
Seat 4: SHMAG3L ($5.15 in chips) 
Seat 5: born8sleepy ($5.42 in chips) 
Seat 6: OsloVest ($8.30 in chips) 
HubertusB: posts small blind $0.02
Yroslav Mudr: posts big blind $0.05
*** HOLE CARDS ***
Dealt to HubertusB [7c 8d]
SHMAG3L: folds 
born8sleepy: folds 
OsloVest: folds 
Jidowskoy: raises $0.07 to $0.12
HubertusB: folds 
Yroslav Mudr: folds 
Uncalled bet ($0.07) returned to Jidowskoy
Jidowskoy collected $0.12 from pot
Jidowskoy: doesn't show hand 
*** SUMMARY ***
Total pot $0.12 | Rake $0 
Seat 1: Jidowskoy (button) collected ($0.12)
Seat 2: HubertusB (small blind) folded before Flop
Seat 3: Yroslav Mudr (big blind) folded before Flop
Seat 4: SHMAG3L folded before Flop (didn't bet)
Seat 5: born8sleepy folded before Flop (didn't bet)
Seat 6: OsloVest folded before Flop (didn't bet)



PokerStars Zoom Hand #186689265542:  Hold'em No Limit ($0.02/$0.05) - 2018/05/21 22:04:44 CCT [2018/05/21 10:04:44 ET]
Table 'Donati' 6-max Seat #1 is the button
Seat 1: shopaloc ($3.81 in chips) 
Seat 2: cRaZyEiGhT85 ($7.55 in chips) 
Seat 3: Bismarck0308 ($5.15 in chips) 
Seat 4: zopyrik88 ($17.10 in chips) 
Seat 5: HubertusB ($3.01 in chips) 
Seat 6: dominant111 ($9.47 in chips) 
cRaZyEiGhT85: posts small blind $0.02
Bismarck0308: posts big blind $0.05
*** HOLE CARDS ***
Dealt to HubertusB [Th 8c]
zopyrik88: raises $0.10 to $0.15
HubertusB: folds 
dominant111: folds 
shopaloc: calls $0.15
cRaZyEiGhT85: folds 
Bismarck0308: folds 
*** FLOP *** [Jd Qc 6h]
zopyrik88: checks 
shopaloc: checks 
*** TURN *** [Jd Qc 6h] [6d]
zopyrik88: checks 
shopaloc: bets $0.35
zopyrik88: folds 
Uncalled bet ($0.35) returned to shopaloc
shopaloc collected $0.35 from pot
shopaloc: doesn't show hand 
*** SUMMARY ***
Total pot $0.37 | Rake $0.02 
Board [Jd Qc 6h 6d]
Seat 1: shopaloc (button) collected ($0.35)
Seat 2: cRaZyEiGhT85 (small blind) folded before Flop
Seat 3: Bismarck0308 (big blind) folded before Flop
Seat 4: zopyrik88 folded on the Turn
Seat 5: HubertusB folded before Flop (didn't bet)
Seat 6: dominant111 folded before Flop (didn't bet)



PokerStars Zoom Hand #186689272063:  Hold'em No Limit ($0.02/$0.05) - 2018/05/21 22:04:57 CCT [2018/05/21 10:04:57 ET]
Table 'Donati' 6-max Seat #1 is the button
Seat 1: 1kewe ($4.93 in chips) 
Seat 2: MolodoyVanya ($6.43 in chips) 
Seat 3: LRS888 ($9.97 in chips) 
Seat 4: MoòSh ($6.53 in chips) 
Seat 5: tema43 ($3.68 in chips) 
Seat 6: HubertusB ($2.99 in chips) 
MolodoyVanya: posts small blind $0.02
LRS888: posts big blind $0.05
*** HOLE CARDS ***
Dealt to HubertusB [2h 7c]
MoòSh: folds 
tema43: raises $0.10 to $0.15
HubertusB: folds 
1kewe: folds 
MolodoyVanya: folds 
LRS888: folds 
Uncalled bet ($0.10) returned to tema43
tema43 collected $0.12 from pot
tema43: doesn't show hand 
*** SUMMARY ***
Total pot $0.12 | Rake $0 
Seat 1: 1kewe (button) folded before Flop (didn't bet)
Seat 2: MolodoyVanya (small blind) folded before Flop
Seat 3: LRS888 (big blind) folded before Flop
Seat 4: MoòSh folded before Flop (didn't bet)
Seat 5: tema43 collected ($0.12)
Seat 6: HubertusB folded before Flop (didn't bet)



PokerStars Zoom Hand #186689255597:  Hold'em No Limit ($0.02/$0.05) - 2018/05/21 22:04:24 CCT [2018/05/21 10:04:24 ET]
Table 'Donati' 6-max Seat #1 is the button
Seat 1: jeffpig16 ($6.92 in chips) 
Seat 2: MeT10Prib ($4.77 in chips) 
Seat 3: dntp ($5 in chips) 
Seat 4: HubertusB ($3.06 in chips) 
Seat 5: schmilf ($5.87 in chips) 
Seat 6: IGOR14RUS ($5.17 in chips) 
MeT10Prib: posts small blind $0.02
dntp: posts big blind $0.05
*** HOLE CARDS ***
Dealt to HubertusB [8d Qh]
HubertusB: folds 
schmilf: folds 
IGOR14RUS: folds 
jeffpig16: folds 
MeT10Prib: raises $0.10 to $0.15
dntp: raises $0.25 to $0.40
MeT10Prib: calls $0.25
*** FLOP *** [Td 7s Kh]
MeT10Prib: bets $0.77
dntp: calls $0.77
*** TURN *** [Td 7s Kh] [7c]
MeT10Prib: bets $2.24
dntp: calls $2.24
*** RIVER *** [Td 7s Kh 7c] [Kd]
MeT10Prib: checks 
dntp: bets $1.59 and is all-in
MeT10Prib: calls $1.36 and is all-in
Uncalled bet ($0.23) returned to dntp
*** SHOW DOWN ***
dntp: shows [Ac Kc] (a full house, Kings full of Sevens)
MeT10Prib: shows [Jh 7h] (a full house, Sevens full of Kings)
dntp collected $9.14 from pot
*** SUMMARY ***
Total pot $9.54 | Rake $0.40 
Board [Td 7s Kh 7c Kd]
Seat 1: jeffpig16 (button) folded before Flop (didn't bet)
Seat 2: MeT10Prib (small blind) showed [Jh 7h] and lost with a full house, Sevens full of Kings
Seat 3: dntp (big blind) showed [Ac Kc] and won ($9.14) with a full house, Kings full of Sevens
Seat 4: HubertusB folded before Flop (didn't bet)
Seat 5: schmilf folded before Flop (didn't bet)
Seat 6: IGOR14RUS folded before Flop (didn't bet)



PokerStars Zoom Hand #186689276657:  Hold'em No Limit ($0.02/$0.05) - 2018/05/21 22:05:06 CCT [2018/05/21 10:05:06 ET]
Table 'Donati' 6-max Seat #1 is the button
Seat 1: HubertusB ($2.99 in chips) 
Seat 2: putya-putya ($5.30 in chips) 
Seat 3: NA(N_N)0 ($5 in chips) 
Seat 4: M4il4o ($7.92 in chips) 
Seat 5: edger4013 ($5.07 in chips) 
Seat 6: GLaDOS2 ($7.69 in chips) 
putya-putya: posts small blind $0.02
NA(N_N)0: posts big blind $0.05
*** HOLE CARDS ***
Dealt to HubertusB [3c 4c]
M4il4o: folds 
edger4013: folds 
GLaDOS2: folds 
HubertusB: raises $0.05 to $0.10
putya-putya: calls $0.08
NA(N_N)0: folds 
*** FLOP *** [Jc 2h 5h]
putya-putya: checks 
HubertusB: bets $0.12
putya-putya: calls $0.12
*** TURN *** [Jc 2h 5h] [3s]
putya-putya: checks 
HubertusB: checks 
*** RIVER *** [Jc 2h 5h 3s] [As]
putya-putya: bets $0.24
HubertusB: raises $0.71 to $0.95
putya-putya: folds 
Uncalled bet ($0.71) returned to HubertusB
HubertusB collected $0.93 from pot
HubertusB: doesn't show hand 
*** SUMMARY ***
Total pot $0.97 | Rake $0.04 
Board [Jc 2h 5h 3s As]
Seat 1: HubertusB (button) collected ($0.93)
Seat 2: putya-putya (small blind) folded on the River
Seat 3: NA(N_N)0 (big blind) folded before Flop
Seat 4: M4il4o folded before Flop (didn't bet)
Seat 5: edger4013 folded before Flop (didn't bet)
Seat 6: GLaDOS2 folded before Flop (didn't bet)



PokerStars Zoom Hand #186689296781:  Hold'em No Limit ($0.02/$0.05) - 2018/05/21 22:05:46 CCT [2018/05/21 10:05:46 ET]
Table 'Donati' 6-max Seat #1 is the button
Seat 1: Fighter485 ($6.17 in chips) 
Seat 2: DaQQQ ($4.56 in chips) 
Seat 3: HubertusB ($3.46 in chips) 
Seat 4: Yaha 09 ($5 in chips) 
Seat 5: Snegul ($1.37 in chips) 
Seat 6: dntp ($5 in chips) 
DaQQQ: posts small blind $0.02
HubertusB: posts big blind $0.05
*** HOLE CARDS ***
Dealt to HubertusB [9h 2c]
Yaha 09: folds 
Snegul: folds 
dntp: folds 
Fighter485: folds 
DaQQQ: raises $0.10 to $0.15
HubertusB: folds 
Uncalled bet ($0.10) returned to DaQQQ
DaQQQ collected $0.10 from pot
DaQQQ: doesn't show hand 
*** SUMMARY ***
Total pot $0.10 | Rake $0 
Seat 1: Fighter485 (button) folded before Flop (didn't bet)
Seat 2: DaQQQ (small blind) collected ($0.10)
Seat 3: HubertusB (big blind) folded before Flop
Seat 4: Yaha 09 folded before Flop (didn't bet)
Seat 5: Snegul folded before Flop (didn't bet)
Seat 6: dntp folded before Flop (didn't bet)



PokerStars Zoom Hand #186689309530:  Hold'em No Limit ($0.02/$0.05) - 2018/05/21 22:06:11 CCT [2018/05/21 10:06:11 ET]
Table 'Donati' 6-max Seat #1 is the button
Seat 1: HubertusB ($3.41 in chips) 
Seat 2: Rataj89 ($6.14 in chips) 
Seat 3: SwordsDugu ($3.81 in chips) 
Seat 4: VoneRT ($5.09 in chips) 
Seat 5: safa250513 ($4.18 in chips) 
Seat 6: LeonKoenig ($3.23 in chips) 
Rataj89: posts small blind $0.02
SwordsDugu: posts big blind $0.05
*** HOLE CARDS ***
Dealt to HubertusB [Ah Tc]
VoneRT: folds 
safa250513: folds 
LeonKoenig: folds 
HubertusB: raises $0.05 to $0.10
Rataj89: folds 
SwordsDugu: calls $0.05
*** FLOP *** [3h 6c Th]
SwordsDugu: checks 
HubertusB: bets $0.15
SwordsDugu: folds 
Uncalled bet ($0.15) returned to HubertusB
HubertusB collected $0.21 from pot
HubertusB: doesn't show hand 
*** SUMMARY ***
Total pot $0.22 | Rake $0.01 
Board [3h 6c Th]
Seat 1: HubertusB (button) collected ($0.21)
Seat 2: Rataj89 (small blind) folded before Flop
Seat 3: SwordsDugu (big blind) folded on the Flop
Seat 4: VoneRT folded before Flop (didn't bet)
Seat 5: safa250513 folded before Flop (didn't bet)
Seat 6: LeonKoenig folded before Flop (didn't bet)



PokerStars Zoom Hand #186689340069:  Hold'em No Limit ($0.02/$0.05) - 2018/05/21 22:07:12 CCT [2018/05/21 10:07:12 ET]
Table 'Donati' 6-max Seat #1 is the button
Seat 1: Schwabe02 ($5.14 in chips) 
Seat 2: zopyrik88 ($5.21 in chips) 
Seat 3: BL4CK11 ($16.80 in chips) 
Seat 4: jeffpig16 ($5.76 in chips) 
Seat 5: Jidowskoy ($5.43 in chips) 
Seat 6: HubertusB ($3.52 in chips) 
zopyrik88: posts small blind $0.02
BL4CK11: posts big blind $0.05
*** HOLE CARDS ***
Dealt to HubertusB [8h 2h]
jeffpig16: folds 
Jidowskoy: folds 
HubertusB: folds 
Schwabe02: folds 
zopyrik88: folds 
Uncalled bet ($0.03) returned to BL4CK11
BL4CK11 collected $0.04 from pot
BL4CK11: doesn't show hand 
*** SUMMARY ***
Total pot $0.04 | Rake $0 
Seat 1: Schwabe02 (button) folded before Flop (didn't bet)
Seat 2: zopyrik88 (small blind) folded before Flop
Seat 3: BL4CK11 (big blind) collected ($0.04)
Seat 4: jeffpig16 folded before Flop (didn't bet)
Seat 5: Jidowskoy folded before Flop (didn't bet)
Seat 6: HubertusB folded before Flop (didn't bet)



PokerStars Zoom Hand #186689337038:  Hold'em No Limit ($0.02/$0.05) - 2018/05/21 22:07:06 CCT [2018/05/21 10:07:06 ET]
Table 'Donati' 6-max Seat #1 is the button
Seat 1: Guzyaka ($6.94 in chips) 
Seat 2: qk rodriguez ($5.10 in chips) 
Seat 3: Zagrebaiu ($6.30 in chips) 
Seat 4: rellesario ($5 in chips) 
Seat 5: HubertusB ($3.52 in chips) 
Seat 6: Marian V. 31 ($6.15 in chips) 
qk rodriguez: posts small blind $0.02
Zagrebaiu: posts big blind $0.05
*** HOLE CARDS ***
Dealt to HubertusB [3d Ts]
rellesario: folds 
HubertusB: folds 
Marian V. 31: raises $0.07 to $0.12
Guzyaka: folds 
qk rodriguez: folds 
Zagrebaiu: folds 
Uncalled bet ($0.07) returned to Marian V. 31
Marian V. 31 collected $0.12 from pot
Marian V. 31: doesn't show hand 
*** SUMMARY ***
Total pot $0.12 | Rake $0 
Seat 1: Guzyaka (button) folded before Flop (didn't bet)
Seat 2: qk rodriguez (small blind) folded before Flop
Seat 3: Zagrebaiu (big blind) folded before Flop
Seat 4: rellesario folded before Flop (didn't bet)
Seat 5: HubertusB folded before Flop (didn't bet)
Seat 6: Marian V. 31 collected ($0.12)



PokerStars Zoom Hand #186689342575:  Hold'em No Limit ($0.02/$0.05) - 2018/05/21 22:07:17 CCT [2018/05/21 10:07:17 ET]
Table 'Donati' 6-max Seat #1 is the button
Seat 1: danielluizdl ($5.49 in chips) 
Seat 2: HubertusB ($3.52 in chips) 
Seat 3: jdanystar ($4.25 in chips) 
Seat 4: PiNe4ppLe ($5 in chips) 
Seat 5: Udokoai ($5.70 in chips) 
Seat 6: smoot21 ($6.81 in chips) 
HubertusB: posts small blind $0.02
jdanystar: posts big blind $0.05
*** HOLE CARDS ***
Dealt to HubertusB [Js 7h]
PiNe4ppLe: folds 
Udokoai: folds 
smoot21: folds 
danielluizdl: folds 
HubertusB: raises $0.05 to $0.10
jdanystar: calls $0.05
*** FLOP *** [9d 8s 8c]
HubertusB: bets $0.10
jdanystar: raises $0.15 to $0.25
HubertusB: calls $0.15
*** TURN *** [9d 8s 8c] [9s]
HubertusB: checks 
jdanystar: bets $0.85
HubertusB: folds 
Uncalled bet ($0.85) returned to jdanystar
jdanystar collected $0.67 from pot
jdanystar: doesn't show hand 
*** SUMMARY ***
Total pot $0.70 | Rake $0.03 
Board [9d 8s 8c 9s]
Seat 1: danielluizdl (button) folded before Flop (didn't bet)
Seat 2: HubertusB (small blind) folded on the Turn
Seat 3: jdanystar (big blind) collected ($0.67)
Seat 4: PiNe4ppLe folded before Flop (didn't bet)
Seat 5: Udokoai folded before Flop (didn't bet)
Seat 6: smoot21 folded before Flop (didn't bet)



PokerStars Zoom Hand #186689364207:  Hold'em No Limit ($0.02/$0.05) - 2018/05/21 22:08:00 CCT [2018/05/21 10:08:00 ET]
Table 'Donati' 6-max Seat #1 is the button
Seat 1: alexandro156 ($8.13 in chips) 
Seat 2: TheFibonachi ($7.47 in chips) 
Seat 3: HPV1209 ($3.41 in chips) 
Seat 4: HubertusB ($3.17 in chips) 
Seat 5: Draugsvoll ($6.55 in chips) 
Seat 6: paiva_015 ($11.04 in chips) 
TheFibonachi: posts small blind $0.02
HPV1209: posts big blind $0.05
*** HOLE CARDS ***
Dealt to HubertusB [6c 2h]
HubertusB: folds 
Draugsvoll: folds 
paiva_015: folds 
alexandro156: folds 
TheFibonachi: folds 
Uncalled bet ($0.03) returned to HPV1209
HPV1209 collected $0.04 from pot
HPV1209: doesn't show hand 
*** SUMMARY ***
Total pot $0.04 | Rake $0 
Seat 1: alexandro156 (button) folded before Flop (didn't bet)
Seat 2: TheFibonachi (small blind) folded before Flop
Seat 3: HPV1209 (big blind) collected ($0.04)
Seat 4: HubertusB folded before Flop (didn't bet)
Seat 5: Draugsvoll folded before Flop (didn't bet)
Seat 6: paiva_015 folded before Flop (didn't bet)



PokerStars Zoom Hand #186689367191:  Hold'em No Limit ($0.02/$0.05) - 2018/05/21 22:08:06 CCT [2018/05/21 10:08:06 ET]
Table 'Donati' 6-max Seat #1 is the button
Seat 1: Timxx7 ($5.42 in chips) 
Seat 2: Tqlkkk-_- ($6.40 in chips) 
Seat 3: HubertusB ($3.17 in chips) 
Seat 4: VoneRT ($5 in chips) 
Seat 5: SilverSatori ($5 in chips) 
Seat 6: Derter25 ($6.65 in chips) 
Tqlkkk-_-: posts small blind $0.02
HubertusB: posts big blind $0.05
*** HOLE CARDS ***
Dealt to HubertusB [5c 7c]
VoneRT: raises $0.10 to $0.15
SilverSatori: folds 
Derter25: folds 
Timxx7: folds 
Tqlkkk-_-: folds 
HubertusB: folds 
Uncalled bet ($0.10) returned to VoneRT
VoneRT collected $0.12 from pot
VoneRT: doesn't show hand 
*** SUMMARY ***
Total pot $0.12 | Rake $0 
Seat 1: Timxx7 (button) folded before Flop (didn't bet)
Seat 2: Tqlkkk-_- (small blind) folded before Flop
Seat 3: HubertusB (big blind) folded before Flop
Seat 4: VoneRT collected ($0.12)
Seat 5: SilverSatori folded before Flop (didn't bet)
Seat 6: Derter25 folded before Flop (didn't bet)



PokerStars Zoom Hand #186689370711:  Hold'em No Limit ($0.02/$0.05) - 2018/05/21 22:08:13 CCT [2018/05/21 10:08:13 ET]
Table 'Donati' 6-max Seat #1 is the button
Seat 1: FightMe!-LOOSER ($9.04 in chips) 
Seat 2: metalblack ($3.79 in chips) 
Seat 3: GG-WPSPS ($1.82 in chips) 
Seat 4: MarcoW1982 ($4.43 in chips) 
Seat 5: HubertusB ($3.12 in chips) 
Seat 6: baagii1979 ($4.04 in chips) 
metalblack: posts small blind $0.02
GG-WPSPS: posts big blind $0.05
*** HOLE CARDS ***
Dealt to HubertusB [Js 6c]
MarcoW1982: raises $0.10 to $0.15
HubertusB: folds 
baagii1979: calls $0.15
FightMe!-LOOSER: folds 
metalblack: folds 
GG-WPSPS: folds 
*** FLOP *** [3c 6s 5d]
MarcoW1982: bets $0.30
baagii1979: calls $0.30
*** TURN *** [3c 6s 5d] [Kd]
MarcoW1982: bets $0.65
baagii1979: raises $2.94 to $3.59 and is all-in
MarcoW1982: folds 
Uncalled bet ($2.94) returned to baagii1979
baagii1979 collected $2.18 from pot
baagii1979: doesn't show hand 
*** SUMMARY ***
Total pot $2.27 | Rake $0.09 
Board [3c 6s 5d Kd]
Seat 1: FightMe!-LOOSER (button) folded before Flop (didn't bet)
Seat 2: metalblack (small blind) folded before Flop
Seat 3: GG-WPSPS (big blind) folded before Flop
Seat 4: MarcoW1982 folded on the Turn
Seat 5: HubertusB folded before Flop (didn't bet)
Seat 6: baagii1979 collected ($2.18)



PokerStars Zoom Hand #186689373762:  Hold'em No Limit ($0.02/$0.05) - 2018/05/21 22:08:19 CCT [2018/05/21 10:08:19 ET]
Table 'Donati' 6-max Seat #1 is the button
Seat 1: HubertusB ($3.12 in chips) 
Seat 2: trol_panda ($1.82 in chips) 
Seat 3: judith.f ($8.66 in chips) 
Seat 4: kukkertje ($5 in chips) 
Seat 5: TheFibonachi ($6.72 in chips) 
Seat 6: Dokerokk23 ($23.63 in chips) 
trol_panda: posts small blind $0.02
judith.f: posts big blind $0.05
*** HOLE CARDS ***
Dealt to HubertusB [6c Ts]
kukkertje: folds 
TheFibonachi: folds 
Dokerokk23: folds 
HubertusB: raises $0.05 to $0.10
trol_panda: folds 
judith.f: calls $0.05
*** FLOP *** [Kh 7h 4d]
judith.f: checks 
HubertusB: bets $0.11
judith.f: calls $0.11
*** TURN *** [Kh 7h 4d] [Kd]
judith.f: checks 
HubertusB: bets $0.25
judith.f: calls $0.25
*** RIVER *** [Kh 7h 4d Kd] [8h]
judith.f: checks 
HubertusB: checks 
*** SHOW DOWN ***
judith.f: shows [7c 8c] (two pair, Kings and Eights)
HubertusB: mucks hand 
judith.f collected $0.90 from pot
*** SUMMARY ***
Total pot $0.94 | Rake $0.04 
Board [Kh 7h 4d Kd 8h]
Seat 1: HubertusB (button) mucked [6c Ts]
Seat 2: trol_panda (small blind) folded before Flop
Seat 3: judith.f (big blind) showed [7c 8c] and won ($0.90) with two pair, Kings and Eights
Seat 4: kukkertje folded before Flop (didn't bet)
Seat 5: TheFibonachi folded before Flop (didn't bet)
Seat 6: Dokerokk23 folded before Flop (didn't bet)



PokerStars Zoom Hand #186689394450:  Hold'em No Limit ($0.02/$0.05) - 2018/05/21 22:09:00 CCT [2018/05/21 10:09:00 ET]
Table 'Donati' 6-max Seat #1 is the button
Seat 1: Bismarck0308 ($5.14 in chips) 
Seat 2: belgas33 ($12.59 in chips) 
Seat 3: ANANATOR ($5 in chips) 
Seat 4: cindy.c0235 ($6.42 in chips) 
Seat 5: judith.f ($9.10 in chips) 
Seat 6: HubertusB ($2.66 in chips) 
belgas33: posts small blind $0.02
ANANATOR: posts big blind $0.05
*** HOLE CARDS ***
Dealt to HubertusB [7d Js]
cindy.c0235: raises $0.12 to $0.17
judith.f: folds 
HubertusB: folds 
Bismarck0308: folds 
belgas33: folds 
ANANATOR: folds 
Uncalled bet ($0.12) returned to cindy.c0235
cindy.c0235 collected $0.12 from pot
cindy.c0235: doesn't show hand 
*** SUMMARY ***
Total pot $0.12 | Rake $0 
Seat 1: Bismarck0308 (button) folded before Flop (didn't bet)
Seat 2: belgas33 (small blind) folded before Flop
Seat 3: ANANATOR (big blind) folded before Flop
Seat 4: cindy.c0235 collected ($0.12)
Seat 5: judith.f folded before Flop (didn't bet)
Seat 6: HubertusB folded before Flop (didn't bet)



PokerStars Zoom Hand #186689399489:  Hold'em No Limit ($0.02/$0.05) - 2018/05/21 22:09:10 CCT [2018/05/21 10:09:10 ET]
Table 'Donati' 6-max Seat #1 is the button
Seat 1: joop119 ($5 in chips) 
Seat 2: HubertusB ($2.66 in chips) 
Seat 3: Snegul ($2.50 in chips) 
Seat 4: SHMAG3L ($5.29 in chips) 
Seat 5: prm4life ($4.94 in chips) 
Seat 6: BestHandle ($4.02 in chips) 
HubertusB: posts small blind $0.02
Snegul: posts big blind $0.05
*** HOLE CARDS ***
Dealt to HubertusB [8h Jh]
SHMAG3L: folds 
prm4life: raises $0.10 to $0.15
BestHandle: raises $0.33 to $0.48
joop119: folds 
HubertusB: folds 
Snegul: folds 
prm4life: folds 
Uncalled bet ($0.33) returned to BestHandle
BestHandle collected $0.37 from pot
BestHandle: doesn't show hand 
*** SUMMARY ***
Total pot $0.37 | Rake $0 
Seat 1: joop119 (button) folded before Flop (didn't bet)
Seat 2: HubertusB (small blind) folded before Flop
Seat 3: Snegul (big blind) folded before Flop
Seat 4: SHMAG3L folded before Flop (didn't bet)
Seat 5: prm4life folded before Flop
Seat 6: BestHandle collected ($0.37)



PokerStars Zoom Hand #186689406449:  Hold'em No Limit ($0.02/$0.05) - 2018/05/21 22:09:24 CCT [2018/05/21 10:09:24 ET]
Table 'Donati' 6-max Seat #1 is the button
Seat 1: kranovoy22 ($10.75 in chips) 
Seat 2: TULYA 15 ($5.80 in chips) 
Seat 3: cRaZyEiGhT85 ($14.38 in chips) 
Seat 4: HubertusB ($2.64 in chips) 
Seat 5: SilverSatori ($5 in chips) 
Seat 6: StoanerZwerg ($5.60 in chips) 
TULYA 15: posts small blind $0.02
cRaZyEiGhT85: posts big blind $0.05
*** HOLE CARDS ***
Dealt to HubertusB [5c 4s]
HubertusB: folds 
SilverSatori: folds 
StoanerZwerg: calls $0.05
kranovoy22: folds 
TULYA 15: folds 
cRaZyEiGhT85: checks 
*** FLOP *** [Td 9d 7d]
cRaZyEiGhT85: checks 
StoanerZwerg: bets $0.05
cRaZyEiGhT85: folds 
Uncalled bet ($0.05) returned to StoanerZwerg
StoanerZwerg collected $0.12 from pot
StoanerZwerg: doesn't show hand 
*** SUMMARY ***
Total pot $0.12 | Rake $0 
Board [Td 9d 7d]
Seat 1: kranovoy22 (button) folded before Flop (didn't bet)
Seat 2: TULYA 15 (small blind) folded before Flop
Seat 3: cRaZyEiGhT85 (big blind) folded on the Flop
Seat 4: HubertusB folded before Flop (didn't bet)
Seat 5: SilverSatori folded before Flop (didn't bet)
Seat 6: StoanerZwerg collected ($0.12)



PokerStars Zoom Hand #186689409455:  Hold'em No Limit ($0.02/$0.05) - 2018/05/21 22:09:30 CCT [2018/05/21 10:09:30 ET]
Table 'Donati' 6-max Seat #1 is the button
Seat 1: safa250513 ($4.90 in chips) 
Seat 2: AllisphonY ($5.07 in chips) 
Seat 3: HubertusB ($2.64 in chips) 
Seat 4: smoot21 ($7.97 in chips) 
Seat 5: jeffpig16 ($5.13 in chips) 
Seat 6: natali477 ($8.59 in chips) 
AllisphonY: posts small blind $0.02
HubertusB: posts big blind $0.05
*** HOLE CARDS ***
Dealt to HubertusB [Ah 2s]
smoot21: folds 
jeffpig16: folds 
natali477: folds 
safa250513: calls $0.05
AllisphonY: folds 
HubertusB: checks 
*** FLOP *** [8c Qh Ts]
HubertusB: checks 
safa250513: checks 
*** TURN *** [8c Qh Ts] [Th]
HubertusB: checks 
safa250513: bets $0.10
HubertusB: folds 
Uncalled bet ($0.10) returned to safa250513
safa250513 collected $0.12 from pot
safa250513: doesn't show hand 
*** SUMMARY ***
Total pot $0.12 | Rake $0 
Board [8c Qh Ts Th]
Seat 1: safa250513 (button) collected ($0.12)
Seat 2: AllisphonY (small blind) folded before Flop
Seat 3: HubertusB (big blind) folded on the Turn
Seat 4: smoot21 folded before Flop (didn't bet)
Seat 5: jeffpig16 folded before Flop (didn't bet)
Seat 6: natali477 folded before Flop (didn't bet)



PokerStars Zoom Hand #186689427984:  Hold'em No Limit ($0.02/$0.05) - 2018/05/21 22:10:07 CCT [2018/05/21 10:10:07 ET]
Table 'Donati' 6-max Seat #1 is the button
Seat 1: drk55 ($11.22 in chips) 
Seat 2: Timxx7 ($5.20 in chips) 
Seat 3: Aleble285 ($7.84 in chips) 
Seat 4: HubertusB ($2.59 in chips) 
Seat 5: Zatoch ($6.29 in chips) 
Seat 6: MoòSh ($6.41 in chips) 
Timxx7: posts small blind $0.02
Aleble285: posts big blind $0.05
*** HOLE CARDS ***
Dealt to HubertusB [Js 8h]
HubertusB: folds 
Zatoch: folds 
MoòSh: folds 
drk55: raises $0.07 to $0.12
Timxx7: folds 
Aleble285: folds 
Uncalled bet ($0.07) returned to drk55
drk55 collected $0.12 from pot
drk55: doesn't show hand 
*** SUMMARY ***
Total pot $0.12 | Rake $0 
Seat 1: drk55 (button) collected ($0.12)
Seat 2: Timxx7 (small blind) folded before Flop
Seat 3: Aleble285 (big blind) folded before Flop
Seat 4: HubertusB folded before Flop (didn't bet)
Seat 5: Zatoch folded before Flop (didn't bet)
Seat 6: MoòSh folded before Flop (didn't bet)



PokerStars Zoom Hand #186689424396:  Hold'em No Limit ($0.02/$0.05) - 2018/05/21 22:10:00 CCT [2018/05/21 10:10:00 ET]
Table 'Donati' 6-max Seat #1 is the button
Seat 1: Stathemas ($4.52 in chips) 
Seat 2: oleg777886 ($5.22 in chips) 
Seat 3: pashqadk ($5.84 in chips) 
Seat 4: HubertusB ($2.59 in chips) 
Seat 5: qk rodriguez ($5.20 in chips) 
Seat 6: Rusherito87 ($10.57 in chips) 
oleg777886: posts small blind $0.02
pashqadk: posts big blind $0.05
*** HOLE CARDS ***
Dealt to HubertusB [8d Ac]
HubertusB: folds 
qk rodriguez: raises $0.07 to $0.12
Rusherito87: folds 
Stathemas: raises $0.31 to $0.43
oleg777886: folds 
pashqadk: folds 
qk rodriguez: calls $0.31
*** FLOP *** [4c 3h Ad]
qk rodriguez: checks 
Stathemas: bets $0.45
qk rodriguez: calls $0.45
*** TURN *** [4c 3h Ad] [5c]
qk rodriguez: checks 
Stathemas: checks 
*** RIVER *** [4c 3h Ad 5c] [8h]
qk rodriguez: bets $1.75
Stathemas: folds 
Uncalled bet ($1.75) returned to qk rodriguez
qk rodriguez collected $1.75 from pot
qk rodriguez: doesn't show hand 
*** SUMMARY ***
Total pot $1.83 | Rake $0.08 
Board [4c 3h Ad 5c 8h]
Seat 1: Stathemas (button) folded on the River
Seat 2: oleg777886 (small blind) folded before Flop
Seat 3: pashqadk (big blind) folded before Flop
Seat 4: HubertusB folded before Flop (didn't bet)
Seat 5: qk rodriguez collected ($1.75)
Seat 6: Rusherito87 folded before Flop (didn't bet)



PokerStars Zoom Hand #186689431052:  Hold'em No Limit ($0.02/$0.05) - 2018/05/21 22:10:13 CCT [2018/05/21 10:10:13 ET]
Table 'Donati' 6-max Seat #1 is the button
Seat 1: KenTanimura ($5 in chips) 
Seat 2: HubertusB ($2.59 in chips) 
Seat 3: Draugsvoll ($5 in chips) 
Seat 4: MoòSh ($6.41 in chips) 
Seat 5: ZulundeR ($5.97 in chips) 
Seat 6: jeffpig16 ($6.03 in chips) 
HubertusB: posts small blind $0.02
Draugsvoll: posts big blind $0.05
*** HOLE CARDS ***
Dealt to HubertusB [2h As]
MoòSh: folds 
ZulundeR: folds 
jeffpig16: folds 
KenTanimura: raises $0.10 to $0.15
HubertusB: folds 
Draugsvoll: calls $0.10
*** FLOP *** [6d Kd Js]
Draugsvoll: checks 
KenTanimura: bets $0.16
Draugsvoll: raises $0.44 to $0.60
KenTanimura: folds 
Uncalled bet ($0.44) returned to Draugsvoll
Draugsvoll collected $0.61 from pot
Draugsvoll: doesn't show hand 
*** SUMMARY ***
Total pot $0.64 | Rake $0.03 
Board [6d Kd Js]
Seat 1: KenTanimura (button) folded on the Flop
Seat 2: HubertusB (small blind) folded before Flop
Seat 3: Draugsvoll (big blind) collected ($0.61)
Seat 4: MoòSh folded before Flop (didn't bet)
Seat 5: ZulundeR folded before Flop (didn't bet)
Seat 6: jeffpig16 folded before Flop (didn't bet)



PokerStars Zoom Hand #186689434062:  Hold'em No Limit ($0.02/$0.05) - 2018/05/21 22:10:19 CCT [2018/05/21 10:10:19 ET]
Table 'Donati' 6-max Seat #1 is the button
Seat 1: Spudzoe ($6.93 in chips) 
Seat 2: j.martinto ($5.87 in chips) 
Seat 3: vakalo ($7.34 in chips) 
Seat 4: KristinaNuts ($9.15 in chips) 
Seat 5: Timxx7 ($5.18 in chips) 
Seat 6: HubertusB ($2.57 in chips) 
j.martinto: posts small blind $0.02
vakalo: posts big blind $0.05
*** HOLE CARDS ***
Dealt to HubertusB [Kh Qs]
KristinaNuts: folds 
Timxx7: folds 
HubertusB: raises $0.05 to $0.10
Spudzoe: calls $0.10
j.martinto: folds 
vakalo: calls $0.05
*** FLOP *** [4s 7h Qc]
vakalo: checks 
HubertusB: bets $0.20
Spudzoe: calls $0.20
vakalo: calls $0.20
*** TURN *** [4s 7h Qc] [9d]
vakalo: checks 
HubertusB: bets $0.65
Spudzoe: raises $1.09 to $1.74
vakalo: folds 
HubertusB: raises $0.53 to $2.27 and is all-in
Spudzoe: calls $0.53
*** RIVER *** [4s 7h Qc 9d] [3s]
*** SHOW DOWN ***
HubertusB: shows [Kh Qs] (a pair of Queens)
Spudzoe: shows [7c 7s] (three of a kind, Sevens)
Spudzoe collected $5.23 from pot
*** SUMMARY ***
Total pot $5.46 | Rake $0.23 
Board [4s 7h Qc 9d 3s]
Seat 1: Spudzoe (button) showed [7c 7s] and won ($5.23) with three of a kind, Sevens
Seat 2: j.martinto (small blind) folded before Flop
Seat 3: vakalo (big blind) folded on the Turn
Seat 4: KristinaNuts folded before Flop (didn't bet)
Seat 5: Timxx7 folded before Flop (didn't bet)
Seat 6: HubertusB showed [Kh Qs] and lost with a pair of Queens



PokerStars Zoom Hand #186689464071:  Hold'em No Limit ($0.02/$0.05) - 2018/05/21 22:11:18 CCT [2018/05/21 10:11:18 ET]
Table 'Donati' 6-max Seat #1 is the button
Seat 1: st_john888 ($10.82 in chips) 
Seat 2: diesel209950 ($4.95 in chips) 
Seat 3: HubertusB ($5 in chips) 
Seat 4: Kammav1 ($6.03 in chips) 
Seat 5: paiva_015 ($10.92 in chips) 
Seat 6: pashqadk ($5 in chips) 
diesel209950: posts small blind $0.02
HubertusB: posts big blind $0.05
*** HOLE CARDS ***
Dealt to HubertusB [5c Ad]
Kammav1: folds 
paiva_015: folds 
pashqadk: raises $0.07 to $0.12
st_john888: folds 
diesel209950: folds 
HubertusB: folds 
Uncalled bet ($0.07) returned to pashqadk
pashqadk collected $0.12 from pot
pashqadk: doesn't show hand 
*** SUMMARY ***
Total pot $0.12 | Rake $0 
Seat 1: st_john888 (button) folded before Flop (didn't bet)
Seat 2: diesel209950 (small blind) folded before Flop
Seat 3: HubertusB (big blind) folded before Flop
Seat 4: Kammav1 folded before Flop (didn't bet)
Seat 5: paiva_015 folded before Flop (didn't bet)
Seat 6: pashqadk collected ($0.12)



PokerStars Zoom Hand #186689470292:  Hold'em No Limit ($0.02/$0.05) - 2018/05/21 22:11:30 CCT [2018/05/21 10:11:30 ET]
Table 'Donati' 6-max Seat #1 is the button
Seat 1: HubertusB ($4.95 in chips) 
Seat 2: NA(N_N)0 ($7.69 in chips) 
Seat 3: smasaken ($8.60 in chips) 
Seat 4: fedkAa ($15.02 in chips) 
Seat 5: RAIN_ACID ($15.44 in chips) 
Seat 6: mopsrenat ($5.54 in chips) 
NA(N_N)0: posts small blind $0.02
smasaken: posts big blind $0.05
*** HOLE CARDS ***
Dealt to HubertusB [Jh Tc]
fedkAa: folds 
RAIN_ACID: folds 
mopsrenat: folds 
HubertusB: raises $0.05 to $0.10
NA(N_N)0: folds 
smasaken: folds 
Uncalled bet ($0.05) returned to HubertusB
HubertusB collected $0.12 from pot
HubertusB: doesn't show hand 
*** SUMMARY ***
Total pot $0.12 | Rake $0 
Seat 1: HubertusB (button) collected ($0.12)
Seat 2: NA(N_N)0 (small blind) folded before Flop
Seat 3: smasaken (big blind) folded before Flop
Seat 4: fedkAa folded before Flop (didn't bet)
Seat 5: RAIN_ACID folded before Flop (didn't bet)
Seat 6: mopsrenat folded before Flop (didn't bet)



PokerStars Zoom Hand #186689477816:  Hold'em No Limit ($0.02/$0.05) - 2018/05/21 22:11:45 CCT [2018/05/21 10:11:45 ET]
Table 'Donati' 6-max Seat #1 is the button
Seat 1: born8sleepy ($5.16 in chips) 
Seat 2: zopyrik88 ($15.72 in chips) 
Seat 3: PiNe4ppLe ($5 in chips) 
Seat 4: AsterixBrn ($9.75 in chips) 
Seat 5: HubertusB ($5.02 in chips) 
Seat 6: opilaso ($17.33 in chips) 
zopyrik88: posts small blind $0.02
PiNe4ppLe: posts big blind $0.05
*** HOLE CARDS ***
Dealt to HubertusB [3s 2d]
AsterixBrn: folds 
HubertusB: folds 
opilaso: raises $0.05 to $0.10
born8sleepy: folds 
zopyrik88: folds 
PiNe4ppLe: folds 
Uncalled bet ($0.05) returned to opilaso
opilaso collected $0.12 from pot
opilaso: doesn't show hand 
*** SUMMARY ***
Total pot $0.12 | Rake $0 
Seat 1: born8sleepy (button) folded before Flop (didn't bet)
Seat 2: zopyrik88 (small blind) folded before Flop
Seat 3: PiNe4ppLe (big blind) folded before Flop
Seat 4: AsterixBrn folded before Flop (didn't bet)
Seat 5: HubertusB folded before Flop (didn't bet)
Seat 6: opilaso collected ($0.12)



PokerStars Zoom Hand #186689482496:  Hold'em No Limit ($0.02/$0.05) - 2018/05/21 22:11:54 CCT [2018/05/21 10:11:54 ET]
Table 'Donati' 6-max Seat #1 is the button
Seat 1: joop119 ($5.28 in chips) 
Seat 2: APBray ($17.62 in chips) 
Seat 3: kukkertje ($5.13 in chips) 
Seat 4: fool_rabbit ($5.24 in chips) 
Seat 5: joker1515503 ($3.71 in chips) 
Seat 6: HubertusB ($5.02 in chips) 
APBray: posts small blind $0.02
kukkertje: posts big blind $0.05
*** HOLE CARDS ***
Dealt to HubertusB [4s 8c]
fool_rabbit: folds 
joker1515503: calls $0.05
HubertusB: folds 
joop119: raises $0.25 to $0.30
APBray: folds 
kukkertje: folds 
joker1515503: calls $0.25
*** FLOP *** [8s Ad Jc]
joker1515503: checks 
joop119: checks 
*** TURN *** [8s Ad Jc] [3c]
joker1515503: bets $0.60
joop119: folds 
Uncalled bet ($0.60) returned to joker1515503
joker1515503 collected $0.64 from pot
joker1515503: doesn't show hand 
*** SUMMARY ***
Total pot $0.67 | Rake $0.03 
Board [8s Ad Jc 3c]
Seat 1: joop119 (button) folded on the Turn
Seat 2: APBray (small blind) folded before Flop
Seat 3: kukkertje (big blind) folded before Flop
Seat 4: fool_rabbit folded before Flop (didn't bet)
Seat 5: joker1515503 collected ($0.64)
Seat 6: HubertusB folded before Flop (didn't bet)



PokerStars Zoom Hand #186689485629:  Hold'em No Limit ($0.02/$0.05) - 2018/05/21 22:12:00 CCT [2018/05/21 10:12:00 ET]
Table 'Donati' 6-max Seat #1 is the button
Seat 1: prm4life ($4.93 in chips) 
Seat 2: tema43 ($3.82 in chips) 
Seat 3: st_john888 ($9.15 in chips) 
Seat 4: HubertusB ($5.02 in chips) 
Seat 5: NA(N_N)0 ($6.70 in chips) 
Seat 6: pashqadk ($5.20 in chips) 
tema43: posts small blind $0.02
st_john888: posts big blind $0.05
*** HOLE CARDS ***
Dealt to HubertusB [Jc Ks]
HubertusB: raises $0.05 to $0.10
NA(N_N)0: calls $0.10
pashqadk: folds 
prm4life: calls $0.10
tema43: folds 
st_john888: calls $0.05
*** FLOP *** [7d Qs 7h]
st_john888: checks 
HubertusB: bets $0.20
NA(N_N)0: folds 
prm4life: calls $0.20
st_john888: folds 
*** TURN *** [7d Qs 7h] [Th]
HubertusB: checks 
prm4life: bets $0.62
HubertusB: folds 
Uncalled bet ($0.62) returned to prm4life
prm4life collected $0.79 from pot
prm4life: doesn't show hand 
*** SUMMARY ***
Total pot $0.82 | Rake $0.03 
Board [7d Qs 7h Th]
Seat 1: prm4life (button) collected ($0.79)
Seat 2: tema43 (small blind) folded before Flop
Seat 3: st_john888 (big blind) folded on the Flop
Seat 4: HubertusB folded on the Turn
Seat 5: NA(N_N)0 folded on the Flop
Seat 6: pashqadk folded before Flop (didn't bet)



PokerStars Zoom Hand #186689510624:  Hold'em No Limit ($0.02/$0.05) - 2018/05/21 22:12:49 CCT [2018/05/21 10:12:49 ET]
Table 'Donati' 6-max Seat #1 is the button
Seat 1: ardo888 ($16.62 in chips) 
Seat 2: HubertusB ($4.72 in chips) 
Seat 3: vyctor001 ($4.68 in chips) 
Seat 4: onisek88 ($6.11 in chips) 
Seat 5: whipwhipcn ($5 in chips) 
Seat 6: genya929 ($4.32 in chips) 
HubertusB: posts small blind $0.02
vyctor001: posts big blind $0.05
*** HOLE CARDS ***
Dealt to HubertusB [2c Jc]
onisek88: folds 
whipwhipcn: folds 
genya929: folds 
ardo888: folds 
HubertusB: folds 
Uncalled bet ($0.03) returned to vyctor001
vyctor001 collected $0.04 from pot
vyctor001: doesn't show hand 
*** SUMMARY ***
Total pot $0.04 | Rake $0 
Seat 1: ardo888 (button) folded before Flop (didn't bet)
Seat 2: HubertusB (small blind) folded before Flop
Seat 3: vyctor001 (big blind) collected ($0.04)
Seat 4: onisek88 folded before Flop (didn't bet)
Seat 5: whipwhipcn folded before Flop (didn't bet)
Seat 6: genya929 folded before Flop (didn't bet)



PokerStars Zoom Hand #186689513803:  Hold'em No Limit ($0.02/$0.05) - 2018/05/21 22:12:55 CCT [2018/05/21 10:12:55 ET]
Table 'Donati' 6-max Seat #1 is the button
Seat 1: HubertusB ($4.70 in chips) 
Seat 2: ali3nt0mmy ($6.40 in chips) 
Seat 3: RAIN_ACID ($5.20 in chips) 
Seat 4: whipwhipcn ($5 in chips) 
Seat 5: MYJIbT ($5.05 in chips) 
Seat 6: HajluM ($5.74 in chips) 
ali3nt0mmy: posts small blind $0.02
RAIN_ACID: posts big blind $0.05
*** HOLE CARDS ***
Dealt to HubertusB [5s 5c]
whipwhipcn: folds 
MYJIbT: folds 
HajluM: raises $0.10 to $0.15
HubertusB: raises $0.30 to $0.45
ali3nt0mmy: folds 
RAIN_ACID: folds 
HajluM: folds 
Uncalled bet ($0.30) returned to HubertusB
HubertusB collected $0.37 from pot
HubertusB: doesn't show hand 
*** SUMMARY ***
Total pot $0.37 | Rake $0 
Seat 1: HubertusB (button) collected ($0.37)
Seat 2: ali3nt0mmy (small blind) folded before Flop
Seat 3: RAIN_ACID (big blind) folded before Flop
Seat 4: whipwhipcn folded before Flop (didn't bet)
Seat 5: MYJIbT folded before Flop (didn't bet)
Seat 6: HajluM folded before Flop



PokerStars Zoom Hand #186689523029:  Hold'em No Limit ($0.02/$0.05) - 2018/05/21 22:13:13 CCT [2018/05/21 10:13:13 ET]
Table 'Donati' 6-max Seat #1 is the button
Seat 1: Djakabl ($5.05 in chips) 
Seat 2: vmvmihail ($6.05 in chips) 
Seat 3: UZ__1 ($4.10 in chips) 
Seat 4: HubertusB ($4.92 in chips) 
Seat 5: ILNAZ2307 ($5.36 in chips) 
Seat 6: kranovoy22 ($18.11 in chips) 
vmvmihail: posts small blind $0.02
UZ__1: posts big blind $0.05
*** HOLE CARDS ***
Dealt to HubertusB [4d Qs]
HubertusB: folds 
ILNAZ2307: folds 
kranovoy22: folds 
Djakabl: folds 
vmvmihail: folds 
Uncalled bet ($0.03) returned to UZ__1
UZ__1 collected $0.04 from pot
UZ__1: doesn't show hand 
*** SUMMARY ***
Total pot $0.04 | Rake $0 
Seat 1: Djakabl (button) folded before Flop (didn't bet)
Seat 2: vmvmihail (small blind) folded before Flop
Seat 3: UZ__1 (big blind) collected ($0.04)
Seat 4: HubertusB folded before Flop (didn't bet)
Seat 5: ILNAZ2307 folded before Flop (didn't bet)
Seat 6: kranovoy22 folded before Flop (didn't bet)



PokerStars Zoom Hand #186689526161:  Hold'em No Limit ($0.02/$0.05) - 2018/05/21 22:13:19 CCT [2018/05/21 10:13:19 ET]
Table 'Donati' 6-max Seat #1 is the button
Seat 1: Lacky_DNK ($5 in chips) 
Seat 2: KIT426 ($1.23 in chips) 
Seat 3: Omicron333 ($18.89 in chips) 
Seat 4: Janóka01 ($5.12 in chips) 
Seat 5: 3mari&mila6 ($6.36 in chips) 
Seat 6: HubertusB ($4.92 in chips) 
KIT426: posts small blind $0.02
Omicron333: posts big blind $0.05
*** HOLE CARDS ***
Dealt to HubertusB [5d Ac]
Janóka01: folds 
3mari&mila6: folds 
HubertusB: raises $0.05 to $0.10
Lacky_DNK: folds 
KIT426: folds 
Omicron333: folds 
Uncalled bet ($0.05) returned to HubertusB
HubertusB collected $0.12 from pot
HubertusB: doesn't show hand 
*** SUMMARY ***
Total pot $0.12 | Rake $0 
Seat 1: Lacky_DNK (button) folded before Flop (didn't bet)
Seat 2: KIT426 (small blind) folded before Flop
Seat 3: Omicron333 (big blind) folded before Flop
Seat 4: Janóka01 folded before Flop (didn't bet)
Seat 5: 3mari&mila6 folded before Flop (didn't bet)
Seat 6: HubertusB collected ($0.12)



PokerStars Zoom Hand #186689531741:  Hold'em No Limit ($0.02/$0.05) - 2018/05/21 22:13:30 CCT [2018/05/21 10:13:30 ET]
Table 'Donati' 6-max Seat #1 is the button
Seat 1: LOrd90.1337 ($4.99 in chips) 
Seat 2: RuairiMorrissey ($5.27 in chips) 
Seat 3: HubertusB ($4.99 in chips) 
Seat 4: Pelorojo1 ($5.19 in chips) 
Seat 5: 1kewe ($3.91 in chips) 
Seat 6: NA(N_N)0 ($6.65 in chips) 
RuairiMorrissey: posts small blind $0.02
HubertusB: posts big blind $0.05
*** HOLE CARDS ***
Dealt to HubertusB [Th 8c]
Pelorojo1: folds 
1kewe: folds 
NA(N_N)0: folds 
LOrd90.1337: folds 
RuairiMorrissey: raises $0.07 to $0.12
HubertusB: raises $0.23 to $0.35
RuairiMorrissey: folds 
Uncalled bet ($0.23) returned to HubertusB
HubertusB collected $0.24 from pot
HubertusB: doesn't show hand 
*** SUMMARY ***
Total pot $0.24 | Rake $0 
Seat 1: LOrd90.1337 (button) folded before Flop (didn't bet)
Seat 2: RuairiMorrissey (small blind) folded before Flop
Seat 3: HubertusB (big blind) collected ($0.24)
Seat 4: Pelorojo1 folded before Flop (didn't bet)
Seat 5: 1kewe folded before Flop (didn't bet)
Seat 6: NA(N_N)0 folded before Flop (didn't bet)



PokerStars Zoom Hand #186689548386:  Hold'em No Limit ($0.02/$0.05) - 2018/05/21 22:14:02 CCT [2018/05/21 10:14:02 ET]
Table 'Donati' 6-max Seat #1 is the button
Seat 1: Jenekkz ($5 in chips) 
Seat 2: Estevancvel ($6.67 in chips) 
Seat 3: Bot1729 ($5.40 in chips) 
Seat 4: kukkertje ($5 in chips) 
Seat 5: HubertusB ($5.11 in chips) 
Seat 6: zopyrik88 ($5.03 in chips) 
Estevancvel: posts small blind $0.02
Bot1729: posts big blind $0.05
*** HOLE CARDS ***
Dealt to HubertusB [5d 4d]
kukkertje: raises $0.10 to $0.15
HubertusB: raises $0.30 to $0.45
zopyrik88: folds 
Jenekkz: folds 
Estevancvel: folds 
Bot1729: folds 
kukkertje: folds 
Uncalled bet ($0.30) returned to HubertusB
HubertusB collected $0.37 from pot
HubertusB: doesn't show hand 
*** SUMMARY ***
Total pot $0.37 | Rake $0 
Seat 1: Jenekkz (button) folded before Flop (didn't bet)
Seat 2: Estevancvel (small blind) folded before Flop
Seat 3: Bot1729 (big blind) folded before Flop
Seat 4: kukkertje folded before Flop
Seat 5: HubertusB collected ($0.37)
Seat 6: zopyrik88 folded before Flop (didn't bet)



PokerStars Zoom Hand #186689564235:  Hold'em No Limit ($0.02/$0.05) - 2018/05/21 22:14:33 CCT [2018/05/21 10:14:33 ET]
Table 'Donati' 6-max Seat #1 is the button
Seat 1: RAIN_ACID ($6.35 in chips) 
Seat 2: HubertusB ($5.33 in chips) 
Seat 3: djpaulinho_p ($5.05 in chips) 
Seat 4: superdugong ($5 in chips) 
Seat 5: C-class man ($12.15 in chips) 
Seat 6: CoppolaMalta ($3.70 in chips) 
HubertusB: posts small blind $0.02
djpaulinho_p: posts big blind $0.05
*** HOLE CARDS ***
Dealt to HubertusB [6d 7c]
superdugong: raises $0.10 to $0.15
C-class man: calls $0.15
CoppolaMalta: calls $0.15
RAIN_ACID: folds 
HubertusB: folds 
djpaulinho_p: folds 
*** FLOP *** [8s 5d Jd]
superdugong: checks 
C-class man: bets $0.35
CoppolaMalta: folds 
superdugong: folds 
Uncalled bet ($0.35) returned to C-class man
C-class man collected $0.50 from pot
C-class man: doesn't show hand 
*** SUMMARY ***
Total pot $0.52 | Rake $0.02 
Board [8s 5d Jd]
Seat 1: RAIN_ACID (button) folded before Flop (didn't bet)
Seat 2: HubertusB (small blind) folded before Flop
Seat 3: djpaulinho_p (big blind) folded before Flop
Seat 4: superdugong folded on the Flop
Seat 5: C-class man collected ($0.50)
Seat 6: CoppolaMalta folded on the Flop



PokerStars Zoom Hand #186689567288:  Hold'em No Limit ($0.02/$0.05) - 2018/05/21 22:14:39 CCT [2018/05/21 10:14:39 ET]
Table 'Donati' 6-max Seat #1 is the button
Seat 1: HubertusB ($5.31 in chips) 
Seat 2: LOrd90.1337 ($4.84 in chips) 
Seat 3: ardo888 ($5.46 in chips) 
Seat 4: shamzor11 ($1.45 in chips) 
Seat 5: Das-Pilos ($3.18 in chips) 
Seat 6: MasterP1388 ($3.85 in chips) 
LOrd90.1337: posts small blind $0.02
ardo888: posts big blind $0.05
*** HOLE CARDS ***
Dealt to HubertusB [2s 3d]
shamzor11: raises $0.05 to $0.10
Das-Pilos: calls $0.10
MasterP1388: calls $0.10
HubertusB: folds 
LOrd90.1337: folds 
ardo888: calls $0.05
*** FLOP *** [6d 3s 4c]
ardo888: checks 
shamzor11: bets $0.15
Das-Pilos: folds 
MasterP1388: folds 
ardo888: folds 
Uncalled bet ($0.15) returned to shamzor11
shamzor11 collected $0.40 from pot
shamzor11: doesn't show hand 
*** SUMMARY ***
Total pot $0.42 | Rake $0.02 
Board [6d 3s 4c]
Seat 1: HubertusB (button) folded before Flop (didn't bet)
Seat 2: LOrd90.1337 (small blind) folded before Flop
Seat 3: ardo888 (big blind) folded on the Flop
Seat 4: shamzor11 collected ($0.40)
Seat 5: Das-Pilos folded on the Flop
Seat 6: MasterP1388 folded on the Flop



PokerStars Zoom Hand #186689574005:  Hold'em No Limit ($0.02/$0.05) - 2018/05/21 22:14:52 CCT [2018/05/21 10:14:52 ET]
Table 'Donati' 6-max Seat #1 is the button
Seat 1: FoR_Shai ($10.57 in chips) 
Seat 2: loser27s ($5.16 in chips) 
Seat 3: HubertusB ($5.31 in chips) 
Seat 4: cindy.c0235 ($9.95 in chips) 
Seat 5: ILNAZ2307 ($7.45 in chips) 
Seat 6: Zagrebaiu ($5.07 in chips) 
loser27s: posts small blind $0.02
HubertusB: posts big blind $0.05
*** HOLE CARDS ***
Dealt to HubertusB [Qc Jd]
cindy.c0235: folds 
ILNAZ2307: folds 
Zagrebaiu: folds 
FoR_Shai: folds 
loser27s: folds 
Uncalled bet ($0.03) returned to HubertusB
HubertusB collected $0.04 from pot
HubertusB: doesn't show hand 
*** SUMMARY ***
Total pot $0.04 | Rake $0 
Seat 1: FoR_Shai (button) folded before Flop (didn't bet)
Seat 2: loser27s (small blind) folded before Flop
Seat 3: HubertusB (big blind) collected ($0.04)
Seat 4: cindy.c0235 folded before Flop (didn't bet)
Seat 5: ILNAZ2307 folded before Flop (didn't bet)
Seat 6: Zagrebaiu folded before Flop (didn't bet)



PokerStars Zoom Hand #186689570418:  Hold'em No Limit ($0.02/$0.05) - 2018/05/21 22:14:45 CCT [2018/05/21 10:14:45 ET]
Table 'Donati' 6-max Seat #1 is the button
Seat 1: Maximilian_B123 ($3.19 in chips) 
Seat 2: qk rodriguez ($5.24 in chips) 
Seat 3: TULYA 15 ($4.96 in chips) 
Seat 4: Jenekkz ($5 in chips) 
Seat 5: HubertusB ($5.31 in chips) 
Seat 6: jmbusinezz11 ($5.40 in chips) 
qk rodriguez: posts small blind $0.02
TULYA 15: posts big blind $0.05
*** HOLE CARDS ***
Dealt to HubertusB [Qc 2s]
Jenekkz: folds 
HubertusB: folds 
jmbusinezz11: folds 
Maximilian_B123: raises $0.05 to $0.10
qk rodriguez: folds 
TULYA 15: raises $0.24 to $0.34
Maximilian_B123: folds 
Uncalled bet ($0.24) returned to TULYA 15
TULYA 15 collected $0.22 from pot
TULYA 15: doesn't show hand 
*** SUMMARY ***
Total pot $0.22 | Rake $0 
Seat 1: Maximilian_B123 (button) folded before Flop
Seat 2: qk rodriguez (small blind) folded before Flop
Seat 3: TULYA 15 (big blind) collected ($0.22)
Seat 4: Jenekkz folded before Flop (didn't bet)
Seat 5: HubertusB folded before Flop (didn't bet)
Seat 6: jmbusinezz11 folded before Flop (didn't bet)



PokerStars Zoom Hand #186689581848:  Hold'em No Limit ($0.02/$0.05) - 2018/05/21 22:15:07 CCT [2018/05/21 10:15:07 ET]
Table 'Donati' 6-max Seat #1 is the button
Seat 1: HubertusB ($5.33 in chips) 
Seat 2: pashqadk ($5 in chips) 
Seat 3: Rusherito87 ($7.03 in chips) 
Seat 4: 005gio ($2.50 in chips) 
Seat 5: svererii ($7.93 in chips) 
Seat 6: zopyrik88 ($5.03 in chips) 
pashqadk: posts small blind $0.02
Rusherito87: posts big blind $0.05
*** HOLE CARDS ***
Dealt to HubertusB [Td Ks]
005gio: raises $2.45 to $2.50 and is all-in
svererii: folds 
zopyrik88: folds 
HubertusB: folds 
pashqadk: folds 
Rusherito87: folds 
Uncalled bet ($2.45) returned to 005gio
005gio collected $0.12 from pot
005gio: doesn't show hand 
*** SUMMARY ***
Total pot $0.12 | Rake $0 
Seat 1: HubertusB (button) folded before Flop (didn't bet)
Seat 2: pashqadk (small blind) folded before Flop
Seat 3: Rusherito87 (big blind) folded before Flop
Seat 4: 005gio collected ($0.12)
Seat 5: svererii folded before Flop (didn't bet)
Seat 6: zopyrik88 folded before Flop (didn't bet)



PokerStars Zoom Hand #186689586387:  Hold'em No Limit ($0.02/$0.05) - 2018/05/21 22:15:16 CCT [2018/05/21 10:15:16 ET]
Table 'Donati' 6-max Seat #1 is the button
Seat 1: superdugong ($6.42 in chips) 
Seat 2: kan alex45 ($2.58 in chips) 
Seat 3: ILNAZ2307 ($5.15 in chips) 
Seat 4: maltrine ($5.69 in chips) 
Seat 5: danielluizdl ($8.31 in chips) 
Seat 6: HubertusB ($5.33 in chips) 
kan alex45: posts small blind $0.02
ILNAZ2307: posts big blind $0.05
*** HOLE CARDS ***
Dealt to HubertusB [5s 8d]
maltrine: folds 
danielluizdl: raises $0.10 to $0.15
HubertusB: folds 
superdugong: folds 
kan alex45: calls $0.13
ILNAZ2307: folds 
*** FLOP *** [3c 4d Qs]
kan alex45: bets $0.15
danielluizdl: folds 
Uncalled bet ($0.15) returned to kan alex45
kan alex45 collected $0.34 from pot
kan alex45: doesn't show hand 
*** SUMMARY ***
Total pot $0.35 | Rake $0.01 
Board [3c 4d Qs]
Seat 1: superdugong (button) folded before Flop (didn't bet)
Seat 2: kan alex45 (small blind) collected ($0.34)
Seat 3: ILNAZ2307 (big blind) folded before Flop
Seat 4: maltrine folded before Flop (didn't bet)
Seat 5: danielluizdl folded on the Flop
Seat 6: HubertusB folded before Flop (didn't bet)



PokerStars Zoom Hand #186689593534:  Hold'em No Limit ($0.02/$0.05) - 2018/05/21 22:15:30 CCT [2018/05/21 10:15:30 ET]
Table 'Donati' 6-max Seat #1 is the button
Seat 1: Pelorojo1 ($5.24 in chips) 
Seat 2: eliasfleitas ($5.69 in chips) 
Seat 3: Maximilian_B123 ($5.52 in chips) 
Seat 4: Gelford ($7.59 in chips) 
Seat 5: arti192837 ($10.80 in chips) 
Seat 6: HubertusB ($5.31 in chips) 
eliasfleitas: posts small blind $0.02
Maximilian_B123: posts big blind $0.05
*** HOLE CARDS ***
Dealt to HubertusB [2d Kh]
Gelford: raises $0.12 to $0.17
arti192837: folds 
HubertusB: folds 
Pelorojo1: folds 
eliasfleitas: folds 
Maximilian_B123: folds 
Uncalled bet ($0.12) returned to Gelford
Gelford collected $0.12 from pot
Gelford: doesn't show hand 
*** SUMMARY ***
Total pot $0.12 | Rake $0 
Seat 1: Pelorojo1 (button) folded before Flop (didn't bet)
Seat 2: eliasfleitas (small blind) folded before Flop
Seat 3: Maximilian_B123 (big blind) folded before Flop
Seat 4: Gelford collected ($0.12)
Seat 5: arti192837 folded before Flop (didn't bet)
Seat 6: HubertusB folded before Flop (didn't bet)



PokerStars Zoom Hand #186689588939:  Hold'em No Limit ($0.02/$0.05) - 2018/05/21 22:15:21 CCT [2018/05/21 10:15:21 ET]
Table 'Donati' 6-max Seat #1 is the button
Seat 1: StoanerZwerg ($2.86 in chips) 
Seat 2: HubertusB ($5.33 in chips) 
Seat 3: Sancho1377 ($3.89 in chips) 
Seat 4: kot2772 ($5 in chips) 
Seat 5: joop119 ($5.27 in chips) 
Seat 6: Draugsvoll ($7.95 in chips) 
HubertusB: posts small blind $0.02
Sancho1377: posts big blind $0.05
*** HOLE CARDS ***
Dealt to HubertusB [Ac 6h]
kot2772: folds 
joop119: folds 
Draugsvoll: folds 
StoanerZwerg: raises $0.15 to $0.20
HubertusB: folds 
Sancho1377: folds 
Uncalled bet ($0.15) returned to StoanerZwerg
StoanerZwerg collected $0.12 from pot
StoanerZwerg: doesn't show hand 
*** SUMMARY ***
Total pot $0.12 | Rake $0 
Seat 1: StoanerZwerg (button) collected ($0.12)
Seat 2: HubertusB (small blind) folded before Flop
Seat 3: Sancho1377 (big blind) folded before Flop
Seat 4: kot2772 folded before Flop (didn't bet)
Seat 5: joop119 folded before Flop (didn't bet)
Seat 6: Draugsvoll folded before Flop (didn't bet)



PokerStars Zoom Hand #186689598728:  Hold'em No Limit ($0.02/$0.05) - 2018/05/21 22:15:40 CCT [2018/05/21 10:15:40 ET]
Table 'Donati' 6-max Seat #1 is the button
Seat 1: ardo888 ($16.84 in chips) 
Seat 2: RAIN_ACID ($14.88 in chips) 
Seat 3: Timxx7 ($5 in chips) 
Seat 4: pk_yo_bro ($5.88 in chips) 
Seat 5: HubertusB ($5.31 in chips) 
Seat 6: kot2772 ($6.26 in chips) 
RAIN_ACID: posts small blind $0.02
Timxx7: posts big blind $0.05
*** HOLE CARDS ***
Dealt to HubertusB [4s 6d]
pk_yo_bro: folds 
HubertusB: folds 
kot2772: folds 
ardo888: folds 
RAIN_ACID: folds 
Uncalled bet ($0.03) returned to Timxx7
Timxx7 collected $0.04 from pot
Timxx7: doesn't show hand 
*** SUMMARY ***
Total pot $0.04 | Rake $0 
Seat 1: ardo888 (button) folded before Flop (didn't bet)
Seat 2: RAIN_ACID (small blind) folded before Flop
Seat 3: Timxx7 (big blind) collected ($0.04)
Seat 4: pk_yo_bro folded before Flop (didn't bet)
Seat 5: HubertusB folded before Flop (didn't bet)
Seat 6: kot2772 folded before Flop (didn't bet)



PokerStars Zoom Hand #186689601858:  Hold'em No Limit ($0.02/$0.05) - 2018/05/21 22:15:46 CCT [2018/05/21 10:15:46 ET]
Table 'Donati' 6-max Seat #1 is the button
Seat 1: Draugsvoll ($5.52 in chips) 
Seat 2: cindy.c0235 ($10.04 in chips) 
Seat 3: HubertusB ($5.31 in chips) 
Seat 4: Zatoch ($6.86 in chips) 
Seat 5: DarylJenks ($5.27 in chips) 
Seat 6: depotapo ($4.67 in chips) 
cindy.c0235: posts small blind $0.02
HubertusB: posts big blind $0.05
*** HOLE CARDS ***
Dealt to HubertusB [3c 8h]
Zatoch: raises $0.10 to $0.15
DarylJenks: folds 
depotapo: folds 
Draugsvoll: folds 
cindy.c0235: folds 
HubertusB: folds 
Uncalled bet ($0.10) returned to Zatoch
Zatoch collected $0.12 from pot
Zatoch: doesn't show hand 
*** SUMMARY ***
Total pot $0.12 | Rake $0 
Seat 1: Draugsvoll (button) folded before Flop (didn't bet)
Seat 2: cindy.c0235 (small blind) folded before Flop
Seat 3: HubertusB (big blind) folded before Flop
Seat 4: Zatoch collected ($0.12)
Seat 5: DarylJenks folded before Flop (didn't bet)
Seat 6: depotapo folded before Flop (didn't bet)



PokerStars Zoom Hand #186689604911:  Hold'em No Limit ($0.02/$0.05) - 2018/05/21 22:15:52 CCT [2018/05/21 10:15:52 ET]
Table 'Donati' 6-max Seat #1 is the button
Seat 1: zopyrik88 ($5.03 in chips) 
Seat 2: used2bcool ($4.61 in chips) 
Seat 3: joop119 ($5.53 in chips) 
Seat 4: HubertusB ($5.26 in chips) 
Seat 5: JadesWrath ($5.64 in chips) 
Seat 6: ANANATOR ($5.33 in chips) 
used2bcool: posts small blind $0.02
joop119: posts big blind $0.05
*** HOLE CARDS ***
Dealt to HubertusB [3h 8s]
HubertusB: folds 
JadesWrath: folds 
ANANATOR: folds 
zopyrik88: folds 
used2bcool: folds 
Uncalled bet ($0.03) returned to joop119
joop119 collected $0.04 from pot
joop119: doesn't show hand 
*** SUMMARY ***
Total pot $0.04 | Rake $0 
Seat 1: zopyrik88 (button) folded before Flop (didn't bet)
Seat 2: used2bcool (small blind) folded before Flop
Seat 3: joop119 (big blind) collected ($0.04)
Seat 4: HubertusB folded before Flop (didn't bet)
Seat 5: JadesWrath folded before Flop (didn't bet)
Seat 6: ANANATOR folded before Flop (didn't bet)



PokerStars Zoom Hand #186689608550:  Hold'em No Limit ($0.02/$0.05) - 2018/05/21 22:15:59 CCT [2018/05/21 10:15:59 ET]
Table 'Donati' 6-max Seat #1 is the button
Seat 1: suckanother1 ($5.60 in chips) 
Seat 2: HubertusB ($5.26 in chips) 
Seat 3: Timxx7 ($5 in chips) 
Seat 4: kukkertje ($5.33 in chips) 
Seat 5: prm4life ($4.93 in chips) 
Seat 6: Estevancvel ($5.10 in chips) 
HubertusB: posts small blind $0.02
Timxx7: posts big blind $0.05
*** HOLE CARDS ***
Dealt to HubertusB [2d Ah]
kukkertje: folds 
prm4life: folds 
Estevancvel: folds 
suckanother1: raises $0.07 to $0.12
HubertusB: folds 
Timxx7: folds 
Uncalled bet ($0.07) returned to suckanother1
suckanother1 collected $0.12 from pot
suckanother1: doesn't show hand 
*** SUMMARY ***
Total pot $0.12 | Rake $0 
Seat 1: suckanother1 (button) collected ($0.12)
Seat 2: HubertusB (small blind) folded before Flop
Seat 3: Timxx7 (big blind) folded before Flop
Seat 4: kukkertje folded before Flop (didn't bet)
Seat 5: prm4life folded before Flop (didn't bet)
Seat 6: Estevancvel folded before Flop (didn't bet)



PokerStars Zoom Hand #186689596115:  Hold'em No Limit ($0.02/$0.05) - 2018/05/21 22:15:35 CCT [2018/05/21 10:15:35 ET]
Table 'Donati' 6-max Seat #1 is the button
Seat 1: judith.f ($4.97 in chips) 
Seat 2: born8sleepy ($5.02 in chips) 
Seat 3: prm4life ($5 in chips) 
Seat 4: HubertusB ($5.31 in chips) 
Seat 5: fool_rabbit ($6.47 in chips) 
Seat 6: eliasfleitas ($5.67 in chips) 
born8sleepy: posts small blind $0.02
prm4life: posts big blind $0.05
*** HOLE CARDS ***
Dealt to HubertusB [Kh 5c]
HubertusB: folds 
fool_rabbit: folds 
eliasfleitas: raises $0.10 to $0.15
judith.f: calls $0.15
born8sleepy: folds 
prm4life: folds 
*** FLOP *** [Qh 6c Jd]
eliasfleitas: bets $0.20
judith.f: calls $0.20
*** TURN *** [Qh 6c Jd] [Qs]
eliasfleitas: checks 
judith.f: checks 
*** RIVER *** [Qh 6c Jd Qs] [Kc]
eliasfleitas: checks 
judith.f: bets $0.75
eliasfleitas: folds 
Uncalled bet ($0.75) returned to judith.f
judith.f collected $0.74 from pot
judith.f: doesn't show hand 
*** SUMMARY ***
Total pot $0.77 | Rake $0.03 
Board [Qh 6c Jd Qs Kc]
Seat 1: judith.f (button) collected ($0.74)
Seat 2: born8sleepy (small blind) folded before Flop
Seat 3: prm4life (big blind) folded before Flop
Seat 4: HubertusB folded before Flop (didn't bet)
Seat 5: fool_rabbit folded before Flop (didn't bet)
Seat 6: eliasfleitas folded on the River



PokerStars Zoom Hand #186689611644:  Hold'em No Limit ($0.02/$0.05) - 2018/05/21 22:16:05 CCT [2018/05/21 10:16:05 ET]
Table 'Donati' 6-max Seat #1 is the button
Seat 1: HubertusB ($5.24 in chips) 
Seat 2: DarkAngels23 ($12.67 in chips) 
Seat 3: Mimmihaj ($5.03 in chips) 
Seat 4: pk_yo_bro ($5.83 in chips) 
Seat 5: CTPEJIOK ($10.34 in chips) 
Seat 6: noobatos ($11.06 in chips) 
DarkAngels23: posts small blind $0.02
Mimmihaj: posts big blind $0.05
*** HOLE CARDS ***
Dealt to HubertusB [Ac 5c]
pk_yo_bro: folds 
CTPEJIOK: folds 
noobatos: folds 
HubertusB: raises $0.05 to $0.10
DarkAngels23: folds 
Mimmihaj: calls $0.05
*** FLOP *** [4c 5h 7c]
Mimmihaj: checks 
HubertusB: bets $0.11
Mimmihaj: folds 
Uncalled bet ($0.11) returned to HubertusB
HubertusB collected $0.21 from pot
HubertusB: doesn't show hand 
*** SUMMARY ***
Total pot $0.22 | Rake $0.01 
Board [4c 5h 7c]
Seat 1: HubertusB (button) collected ($0.21)
Seat 2: DarkAngels23 (small blind) folded before Flop
Seat 3: Mimmihaj (big blind) folded on the Flop
Seat 4: pk_yo_bro folded before Flop (didn't bet)
Seat 5: CTPEJIOK folded before Flop (didn't bet)
Seat 6: noobatos folded before Flop (didn't bet)



PokerStars Zoom Hand #186689624498:  Hold'em No Limit ($0.02/$0.05) - 2018/05/21 22:16:30 CCT [2018/05/21 10:16:30 ET]
Table 'Donati' 6-max Seat #1 is the button
Seat 1: Maximilian_B123 ($5.38 in chips) 
Seat 2: JNeoh ($6.07 in chips) 
Seat 3: MGPN ($17.17 in chips) 
Seat 4: nakashi11 ($6.97 in chips) 
Seat 5: HubertusB ($5.35 in chips) 
Seat 6: naoyuki10 ($5.68 in chips) 
JNeoh: posts small blind $0.02
MGPN: posts big blind $0.05
*** HOLE CARDS ***
Dealt to HubertusB [3c Ad]
nakashi11: folds 
HubertusB: raises $0.05 to $0.10
naoyuki10: folds 
Maximilian_B123: folds 
JNeoh: folds 
MGPN: calls $0.05
*** FLOP *** [4c Th Kh]
MGPN: checks 
HubertusB: checks 
*** TURN *** [4c Th Kh] [Qc]
MGPN: checks 
HubertusB: checks 
*** RIVER *** [4c Th Kh Qc] [7h]
MGPN: checks 
HubertusB: checks 
*** SHOW DOWN ***
MGPN: shows [5h 5d] (a pair of Fives)
HubertusB: mucks hand 
MGPN collected $0.21 from pot
*** SUMMARY ***
Total pot $0.22 | Rake $0.01 
Board [4c Th Kh Qc 7h]
Seat 1: Maximilian_B123 (button) folded before Flop (didn't bet)
Seat 2: JNeoh (small blind) folded before Flop
Seat 3: MGPN (big blind) showed [5h 5d] and won ($0.21) with a pair of Fives
Seat 4: nakashi11 folded before Flop (didn't bet)
Seat 5: HubertusB mucked [3c Ad]
Seat 6: naoyuki10 folded before Flop (didn't bet)



PokerStars Zoom Hand #186689639493:  Hold'em No Limit ($0.02/$0.05) - 2018/05/21 22:16:59 CCT [2018/05/21 10:16:59 ET]
Table 'Donati' 6-max Seat #1 is the button
Seat 1: maltrine ($5.40 in chips) 
Seat 2: horstborsto ($9.56 in chips) 
Seat 3: HubertusB ($5.25 in chips) 
Seat 4: Vayyyy ($5.08 in chips) 
Seat 5: belgas33 ($12.55 in chips) 
Seat 6: 1308kl ($5.27 in chips) 
horstborsto: posts small blind $0.02
HubertusB: posts big blind $0.05
*** HOLE CARDS ***
Dealt to HubertusB [4h 6d]
Vayyyy: folds 
belgas33: raises $0.10 to $0.15
1308kl: folds 
maltrine: folds 
horstborsto: folds 
HubertusB: folds 
Uncalled bet ($0.10) returned to belgas33
belgas33 collected $0.12 from pot
belgas33: doesn't show hand 
*** SUMMARY ***
Total pot $0.12 | Rake $0 
Seat 1: maltrine (button) folded before Flop (didn't bet)
Seat 2: horstborsto (small blind) folded before Flop
Seat 3: HubertusB (big blind) folded before Flop
Seat 4: Vayyyy folded before Flop (didn't bet)
Seat 5: belgas33 collected ($0.12)
Seat 6: 1308kl folded before Flop (didn't bet)



PokerStars Zoom Hand #186689643630:  Hold'em No Limit ($0.02/$0.05) - 2018/05/21 22:17:07 CCT [2018/05/21 10:17:07 ET]
Table 'Donati' 6-max Seat #1 is the button
Seat 1: kukkertje ($5.13 in chips) 
Seat 2: bur_poker88 ($15.73 in chips) 
Seat 3: Lacky_DNK ($4.16 in chips) 
Seat 4: HubertusB ($5.20 in chips) 
Seat 5: Maximilian_B123 ($5.31 in chips) 
Seat 6: rosssilvs1183 ($5.28 in chips) 
bur_poker88: posts small blind $0.02
Lacky_DNK: posts big blind $0.05
*** HOLE CARDS ***
Dealt to HubertusB [5h Ac]
HubertusB: folds 
Maximilian_B123: raises $0.05 to $0.10
rosssilvs1183: folds 
kukkertje: folds 
bur_poker88: folds 
Lacky_DNK: folds 
Uncalled bet ($0.05) returned to Maximilian_B123
Maximilian_B123 collected $0.12 from pot
Maximilian_B123: doesn't show hand 
*** SUMMARY ***
Total pot $0.12 | Rake $0 
Seat 1: kukkertje (button) folded before Flop (didn't bet)
Seat 2: bur_poker88 (small blind) folded before Flop
Seat 3: Lacky_DNK (big blind) folded before Flop
Seat 4: HubertusB folded before Flop (didn't bet)
Seat 5: Maximilian_B123 collected ($0.12)
Seat 6: rosssilvs1183 folded before Flop (didn't bet)



PokerStars Zoom Hand #186689646217:  Hold'em No Limit ($0.02/$0.05) - 2018/05/21 22:17:12 CCT [2018/05/21 10:17:12 ET]
Table 'Donati' 6-max Seat #1 is the button
Seat 1: whipwhipcn ($6.27 in chips) 
Seat 2: MoòSh ($8.90 in chips) 
Seat 3: Zatoch ($6.57 in chips) 
Seat 4: APBray ($16.15 in chips) 
Seat 5: Chaca273 ($12.39 in chips) 
Seat 6: HubertusB ($5.20 in chips) 
MoòSh: posts small blind $0.02
Zatoch: posts big blind $0.05
*** HOLE CARDS ***
Dealt to HubertusB [8s Qc]
APBray: folds 
Chaca273: folds 
HubertusB: folds 
whipwhipcn: folds 
MoòSh: raises $0.07 to $0.12
Zatoch: calls $0.07
*** FLOP *** [Ah Ks 6h]
MoòSh: checks 
Zatoch: bets $0.17
MoòSh: folds 
Uncalled bet ($0.17) returned to Zatoch
Zatoch collected $0.23 from pot
Zatoch: doesn't show hand 
*** SUMMARY ***
Total pot $0.24 | Rake $0.01 
Board [Ah Ks 6h]
Seat 1: whipwhipcn (button) folded before Flop (didn't bet)
Seat 2: MoòSh (small blind) folded on the Flop
Seat 3: Zatoch (big blind) collected ($0.23)
Seat 4: APBray folded before Flop (didn't bet)
Seat 5: Chaca273 folded before Flop (didn't bet)
Seat 6: HubertusB folded before Flop (didn't bet)



PokerStars Zoom Hand #186689650876:  Hold'em No Limit ($0.02/$0.05) - 2018/05/21 22:17:21 CCT [2018/05/21 10:17:21 ET]
Table 'Donati' 6-max Seat #1 is the button
Seat 1: Bluecrust ($30.14 in chips) 
Seat 2: HubertusB ($5.20 in chips) 
Seat 3: ardo888 ($16.63 in chips) 
Seat 4: SANGSTRUM ($2.92 in chips) 
Seat 5: STARteamPR0 ($5 in chips) 
Seat 6: ilynskiy ($7.09 in chips) 
HubertusB: posts small blind $0.02
ardo888: posts big blind $0.05
*** HOLE CARDS ***
Dealt to HubertusB [Qs Ac]
SANGSTRUM: folds 
STARteamPR0: raises $0.10 to $0.15
ilynskiy: folds 
Bluecrust: calls $0.15
HubertusB: raises $0.50 to $0.65
ardo888: folds 
STARteamPR0: raises $1.85 to $2.50
Bluecrust: folds 
HubertusB: folds 
Uncalled bet ($1.85) returned to STARteamPR0
STARteamPR0 collected $1.50 from pot
STARteamPR0: doesn't show hand 
*** SUMMARY ***
Total pot $1.50 | Rake $0 
Seat 1: Bluecrust (button) folded before Flop
Seat 2: HubertusB (small blind) folded before Flop
Seat 3: ardo888 (big blind) folded before Flop
Seat 4: SANGSTRUM folded before Flop (didn't bet)
Seat 5: STARteamPR0 collected ($1.50)
Seat 6: ilynskiy folded before Flop (didn't bet)



PokerStars Zoom Hand #186689666338:  Hold'em No Limit ($0.02/$0.05) - 2018/05/21 22:17:51 CCT [2018/05/21 10:17:51 ET]
Table 'Donati' 6-max Seat #1 is the button
Seat 1: HubertusB ($4.55 in chips) 
Seat 2: eliasfleitas ($5.27 in chips) 
Seat 3: safa250513 ($5.07 in chips) 
Seat 4: Dokerokk23 ($23.39 in chips) 
Seat 5: superdugong ($6.21 in chips) 
Seat 6: fool_rabbit ($5 in chips) 
eliasfleitas: posts small blind $0.02
safa250513: posts big blind $0.05
*** HOLE CARDS ***
Dealt to HubertusB [As 5d]
Dokerokk23: folds 
superdugong: raises $0.10 to $0.15
fool_rabbit: folds 
HubertusB: raises $0.30 to $0.45
eliasfleitas: folds 
safa250513: folds 
superdugong: calls $0.30
*** FLOP *** [2d Qc Js]
superdugong: checks 
HubertusB: bets $0.47
superdugong: calls $0.47
*** TURN *** [2d Qc Js] [9s]
superdugong: checks 
HubertusB: bets $1.45
superdugong: folds 
Uncalled bet ($1.45) returned to HubertusB
HubertusB collected $1.83 from pot
HubertusB: doesn't show hand 
*** SUMMARY ***
Total pot $1.91 | Rake $0.08 
Board [2d Qc Js 9s]
Seat 1: HubertusB (button) collected ($1.83)
Seat 2: eliasfleitas (small blind) folded before Flop
Seat 3: safa250513 (big blind) folded before Flop
Seat 4: Dokerokk23 folded before Flop (didn't bet)
Seat 5: superdugong folded on the Turn
Seat 6: fool_rabbit folded before Flop (didn't bet)



PokerStars Zoom Hand #186689695625:  Hold'em No Limit ($0.02/$0.05) - 2018/05/21 22:18:48 CCT [2018/05/21 10:18:48 ET]
Table 'Donati' 6-max Seat #1 is the button
Seat 1: HajluM ($15.15 in chips) 
Seat 2: flyingwoodz ($4.95 in chips) 
Seat 3: belmain.by ($3.84 in chips) 
Seat 4: HubertusB ($5.46 in chips) 
Seat 5: nakashi11 ($7.52 in chips) 
Seat 6: Chaca273 ($12.04 in chips) 
flyingwoodz: posts small blind $0.02
belmain.by: posts big blind $0.05
*** HOLE CARDS ***
Dealt to HubertusB [Qh Ac]
HubertusB: raises $0.05 to $0.10
nakashi11: calls $0.10
Chaca273: folds 
HajluM: folds 
flyingwoodz: calls $0.08
belmain.by: calls $0.05
*** FLOP *** [Qc 5s Qs]
flyingwoodz: bets $0.14
belmain.by: folds 
HubertusB: raises $0.31 to $0.45
nakashi11: folds 
flyingwoodz: folds 
Uncalled bet ($0.31) returned to HubertusB
HubertusB collected $0.65 from pot
HubertusB: doesn't show hand 
*** SUMMARY ***
Total pot $0.68 | Rake $0.03 
Board [Qc 5s Qs]
Seat 1: HajluM (button) folded before Flop (didn't bet)
Seat 2: flyingwoodz (small blind) folded on the Flop
Seat 3: belmain.by (big blind) folded on the Flop
Seat 4: HubertusB collected ($0.65)
Seat 5: nakashi11 folded on the Flop
Seat 6: Chaca273 folded before Flop (didn't bet)



