PokerStars Hand #174031662273:  Hold'em No Limit ($0.05/$0.10) - 2017/08/07 21:22:51 CCT [2017/08/07 9:22:51 ET]
Table 'Aludra' 6-max Seat #1 is the button
Seat 1: HubertusB ($7.70 in chips) 
Seat 2: simple s0o ($16.79 in chips) 
Seat 3: begze ($9.83 in chips) 
Seat 4: ckostt ($19.45 in chips) 
Seat 5: Charles9TJQK ($9.70 in chips) 
Seat 6: SniperG ($11.24 in chips) 
simple s0o: posts small blind $0.05
begze: posts big blind $0.10
*** HOLE CARDS ***
Dealt to HubertusB [Qh 8h]
ckostt: folds 
Charles9TJQK: folds 
SniperG: raises $0.15 to $0.25
HubertusB: raises $0.50 to $0.75
simple s0o: folds 
begze: folds 
SniperG: folds 
Uncalled bet ($0.50) returned to HubertusB
HubertusB collected $0.65 from pot
HubertusB: doesn't show hand 
*** SUMMARY ***
Total pot $0.65 | Rake $0 
Seat 1: HubertusB (button) collected ($0.65)
Seat 2: simple s0o (small blind) folded before Flop
Seat 3: begze (big blind) folded before Flop
Seat 4: ckostt folded before Flop (didn't bet)
Seat 5: Charles9TJQK folded before Flop (didn't bet)
Seat 6: SniperG folded before Flop



