PokerStars Hand #174033449966:  Hold'em No Limit ($0.05/$0.10) - 2017/08/07 22:21:12 CCT [2017/08/07 10:21:12 ET]
Table 'Aludra' 6-max Seat #1 is the button
Seat 1: Nepteidon ($11.42 in chips) 
Seat 2: BOLTON ARMY ($13.24 in chips) 
Seat 3: HubertusB ($3.31 in chips) 
Seat 4: whatsajokejo ($4.59 in chips) 
Seat 5: Secoviski ($10 in chips) 
Seat 6: Panda0777 ($6.20 in chips) 
BOLTON ARMY: posts small blind $0.05
HubertusB: posts big blind $0.10
*** HOLE CARDS ***
Dealt to HubertusB [Th 7d]
whatsajokejo: raises $0.20 to $0.30
Secoviski: folds 
Panda0777: calls $0.30
Nepteidon: folds 
BOLTON ARMY: folds 
HubertusB: folds 
*** FLOP *** [Ts As 9h]
whatsajokejo: bets $0.36
Panda0777: calls $0.36
*** TURN *** [Ts As 9h] [Qd]
whatsajokejo: bets $0.70
Panda0777: calls $0.70
*** RIVER *** [Ts As 9h Qd] [5s]
whatsajokejo: checks 
Panda0777: bets $2.74
whatsajokejo: calls $2.74
*** SHOW DOWN ***
Panda0777: shows [9s 8s] (a flush, Ace high)
whatsajokejo: mucks hand 
Panda0777 collected $7.97 from pot
*** SUMMARY ***
Total pot $8.35 | Rake $0.38 
Board [Ts As 9h Qd 5s]
Seat 1: Nepteidon (button) folded before Flop (didn't bet)
Seat 2: BOLTON ARMY (small blind) folded before Flop
Seat 3: HubertusB (big blind) folded before Flop
Seat 4: whatsajokejo mucked [Ac Kc]
Seat 5: Secoviski folded before Flop (didn't bet)
Seat 6: Panda0777 showed [9s 8s] and won ($7.97) with a flush, Ace high



PokerStars Hand #174033571954:  Hold'em No Limit ($0.05/$0.10) - 2017/08/07 22:24:58 CCT [2017/08/07 10:24:58 ET]
Table 'Aludra' 6-max Seat #1 is the button
Seat 1: Komdol ($10.75 in chips) 
Seat 2: Momigotnuts ($10.23 in chips) 
Seat 3: HubertusB ($9.85 in chips) 
Seat 4: d.paul141 ($14.73 in chips) 
Seat 5: Banginukas ($23.66 in chips) 
Seat 6: manuk333 ($10.62 in chips) 
Momigotnuts: posts small blind $0.05
HubertusB: posts big blind $0.10
*** HOLE CARDS ***
Dealt to HubertusB [4h 9d]
d.paul141: raises $0.20 to $0.30
Banginukas: raises $0.75 to $1.05
manuk333: folds 
Komdol: folds 
Momigotnuts: folds 
HubertusB: folds 
d.paul141: calls $0.75
*** FLOP *** [5h Td 7h]
d.paul141: checks 
Banginukas: checks 
*** TURN *** [5h Td 7h] [8c]
d.paul141: checks 
Banginukas: checks 
*** RIVER *** [5h Td 7h 8c] [Kd]
d.paul141: bets $1.68
Banginukas: calls $1.68
*** SHOW DOWN ***
d.paul141: shows [9s Qs] (high card King)
Banginukas: shows [Ad Kc] (a pair of Kings)
Banginukas collected $5.36 from pot
*** SUMMARY ***
Total pot $5.61 | Rake $0.25 
Board [5h Td 7h 8c Kd]
Seat 1: Komdol (button) folded before Flop (didn't bet)
Seat 2: Momigotnuts (small blind) folded before Flop
Seat 3: HubertusB (big blind) folded before Flop
Seat 4: d.paul141 showed [9s Qs] and lost with high card King
Seat 5: Banginukas showed [Ad Kc] and won ($5.36) with a pair of Kings
Seat 6: manuk333 folded before Flop (didn't bet)



PokerStars Hand #174033196417:  Hold'em No Limit ($0.05/$0.10) - 2017/08/07 22:13:20 CCT [2017/08/07 10:13:20 ET]
Table 'Aludra' 6-max Seat #1 is the button
Seat 1: matanPS ($10 in chips) 
Seat 2: hitman0100 ($7.67 in chips) 
Seat 3: HubertusB ($4.55 in chips) 
Seat 4: kazuo888 ($13.21 in chips) 
Seat 5: astarisk ($7.11 in chips) 
Seat 6: aza8154 ($12.06 in chips) 
hitman0100: posts small blind $0.05
HubertusB: posts big blind $0.10
*** HOLE CARDS ***
Dealt to HubertusB [6s 3d]
kazuo888: raises $0.20 to $0.30
astarisk: folds 
aza8154: raises $0.30 to $0.60
matanPS: folds 
hitman0100: folds 
HubertusB: folds 
kazuo888: calls $0.30
*** FLOP *** [Ac 4s 2c]
kazuo888: checks 
aza8154: bets $0.65
kazuo888: calls $0.65
*** TURN *** [Ac 4s 2c] [5c]
kazuo888: checks 
aza8154: checks 
*** RIVER *** [Ac 4s 2c 5c] [Td]
kazuo888: checks 
aza8154: checks 
*** SHOW DOWN ***
kazuo888: shows [Ad Qd] (a pair of Aces)
aza8154: mucks hand 
kazuo888 collected $2.53 from pot
*** SUMMARY ***
Total pot $2.65 | Rake $0.12 
Board [Ac 4s 2c 5c Td]
Seat 1: matanPS (button) folded before Flop (didn't bet)
Seat 2: hitman0100 (small blind) folded before Flop
Seat 3: HubertusB (big blind) folded before Flop
Seat 4: kazuo888 showed [Ad Qd] and won ($2.53) with a pair of Aces
Seat 5: astarisk folded before Flop (didn't bet)
Seat 6: aza8154 mucked [Jc Jd]



PokerStars Hand #174033515934:  Hold'em No Limit ($0.05/$0.10) - 2017/08/07 22:23:14 CCT [2017/08/07 10:23:14 ET]
Table 'Aludra' 6-max Seat #1 is the button
Seat 1: bonboneniq ($17.39 in chips) 
Seat 2: Bragaa93 ($15.49 in chips) 
Seat 3: HubertusB ($10 in chips) 
Seat 4: klavdiya818 ($20.69 in chips) 
Seat 5: NutsHit ($10.15 in chips) 
Seat 6: Hayoterkinovich ($10.58 in chips) 
Bragaa93: posts small blind $0.05
HubertusB: posts big blind $0.10
*** HOLE CARDS ***
Dealt to HubertusB [7c Qd]
klavdiya818: raises $0.15 to $0.25
NutsHit: folds 
Hayoterkinovich: folds 
bonboneniq: calls $0.25
Bragaa93: folds 
HubertusB: folds 
*** FLOP *** [As Ah 6s]
klavdiya818: bets $0.26
bonboneniq: calls $0.26
*** TURN *** [As Ah 6s] [8c]
klavdiya818: bets $0.47
bonboneniq: calls $0.47
*** RIVER *** [As Ah 6s 8c] [4s]
klavdiya818: checks 
bonboneniq: bets $1.20
klavdiya818: folds 
Uncalled bet ($1.20) returned to bonboneniq
bonboneniq collected $2.02 from pot
bonboneniq: doesn't show hand 
*** SUMMARY ***
Total pot $2.11 | Rake $0.09 
Board [As Ah 6s 8c 4s]
Seat 1: bonboneniq (button) collected ($2.02)
Seat 2: Bragaa93 (small blind) folded before Flop
Seat 3: HubertusB (big blind) folded before Flop
Seat 4: klavdiya818 folded on the River
Seat 5: NutsHit folded before Flop (didn't bet)
Seat 6: Hayoterkinovich folded before Flop (didn't bet)



PokerStars Hand #174032693198:  Hold'em No Limit ($0.05/$0.10) - 2017/08/07 21:56:37 CCT [2017/08/07 9:56:37 ET]
Table 'Aludra' 6-max Seat #1 is the button
Seat 1: Millten ($14.50 in chips) 
Seat 2: Las1980 ($10.93 in chips) 
Seat 3: HubertusB ($9.73 in chips) 
Seat 4: TrIGoRs ($12.85 in chips) 
Seat 5: Mr. Eval ($10 in chips) 
Seat 6: kirilin.ru ($20.13 in chips) 
Las1980: posts small blind $0.05
HubertusB: posts big blind $0.10
*** HOLE CARDS ***
Dealt to HubertusB [Jd Ts]
TrIGoRs: folds 
Mr. Eval: raises $0.12 to $0.22
kirilin.ru: folds 
Millten: folds 
Las1980: folds 
HubertusB: calls $0.12
*** FLOP *** [2s Kh Ks]
HubertusB: checks 
Mr. Eval: bets $0.24
HubertusB: raises $0.56 to $0.80
Mr. Eval: calls $0.56
*** TURN *** [2s Kh Ks] [9d]
HubertusB: checks 
Mr. Eval: bets $1.04
HubertusB: folds 
Uncalled bet ($1.04) returned to Mr. Eval
Mr. Eval collected $2 from pot
Mr. Eval: doesn't show hand 
*** SUMMARY ***
Total pot $2.09 | Rake $0.09 
Board [2s Kh Ks 9d]
Seat 1: Millten (button) folded before Flop (didn't bet)
Seat 2: Las1980 (small blind) folded before Flop
Seat 3: HubertusB (big blind) folded on the Turn
Seat 4: TrIGoRs folded before Flop (didn't bet)
Seat 5: Mr. Eval collected ($2)
Seat 6: kirilin.ru folded before Flop (didn't bet)



PokerStars Hand #174033408701:  Hold'em No Limit ($0.05/$0.10) - 2017/08/07 22:19:56 CCT [2017/08/07 10:19:56 ET]
Table 'Aludra' 6-max Seat #1 is the button
Seat 1: xmzok012 ($20.44 in chips) 
Seat 2: invincy ($10 in chips) 
Seat 3: HubertusB ($4.01 in chips) 
Seat 4: rugrat374 ($19.20 in chips) 
Seat 5: pol555mag ($13.51 in chips) 
Seat 6: Romantik881 ($7.04 in chips) 
invincy: posts small blind $0.05
HubertusB: posts big blind $0.10
*** HOLE CARDS ***
Dealt to HubertusB [6c Ac]
rugrat374: folds 
pol555mag: folds 
Romantik881: folds 
xmzok012: folds 
invincy: raises $0.20 to $0.30
HubertusB: calls $0.20
*** FLOP *** [Th 2c Qs]
invincy: checks 
HubertusB: bets $0.50
invincy: calls $0.50
*** TURN *** [Th 2c Qs] [8h]
invincy: checks 
HubertusB: checks 
*** RIVER *** [Th 2c Qs 8h] [Ks]
invincy: checks 
HubertusB: checks 
*** SHOW DOWN ***
invincy: shows [2h Ah] (a pair of Deuces)
HubertusB: mucks hand 
invincy collected $1.53 from pot
*** SUMMARY ***
Total pot $1.60 | Rake $0.07 
Board [Th 2c Qs 8h Ks]
Seat 1: xmzok012 (button) folded before Flop (didn't bet)
Seat 2: invincy (small blind) showed [2h Ah] and won ($1.53) with a pair of Deuces
Seat 3: HubertusB (big blind) mucked [6c Ac]
Seat 4: rugrat374 folded before Flop (didn't bet)
Seat 5: pol555mag folded before Flop (didn't bet)
Seat 6: Romantik881 folded before Flop (didn't bet)



PokerStars Hand #174032782808:  Hold'em No Limit ($0.05/$0.10) - 2017/08/07 21:59:56 CCT [2017/08/07 9:59:56 ET]
Table 'Aludra' 6-max Seat #1 is the button
Seat 1: MvdGT ($4.77 in chips) 
Seat 2: halauko ($10 in chips) 
Seat 3: HubertusB ($9.50 in chips) 
Seat 4: bonboneniq ($8.99 in chips) 
Seat 5: Secoviski ($10 in chips) 
Seat 6: TheLonelyGuy ($10.23 in chips) 
halauko: posts small blind $0.05
HubertusB: posts big blind $0.10
*** HOLE CARDS ***
Dealt to HubertusB [7d 6d]
bonboneniq: folds 
Secoviski: raises $0.20 to $0.30
TheLonelyGuy: folds 
MvdGT: calls $0.30
halauko: folds 
HubertusB: raises $0.90 to $1.20
Secoviski: folds 
MvdGT: folds 
Uncalled bet ($0.90) returned to HubertusB
HubertusB collected $0.95 from pot
HubertusB: doesn't show hand 
*** SUMMARY ***
Total pot $0.95 | Rake $0 
Seat 1: MvdGT (button) folded before Flop
Seat 2: halauko (small blind) folded before Flop
Seat 3: HubertusB (big blind) collected ($0.95)
Seat 4: bonboneniq folded before Flop (didn't bet)
Seat 5: Secoviski folded before Flop
Seat 6: TheLonelyGuy folded before Flop (didn't bet)



PokerStars Hand #174033124681:  Hold'em No Limit ($0.05/$0.10) - 2017/08/07 22:11:03 CCT [2017/08/07 10:11:03 ET]
Table 'Aludra' 6-max Seat #1 is the button
Seat 1: teosmarty ($9.39 in chips) 
Seat 2: countsheep ($15.21 in chips) 
Seat 3: HubertusB ($9.95 in chips) 
Seat 4: HKing81 ($9 in chips) 
Seat 5: SiMiXxP7 ($11.58 in chips) 
Seat 6: MC857 ($10 in chips) 
countsheep: posts small blind $0.05
HubertusB: posts big blind $0.10
*** HOLE CARDS ***
Dealt to HubertusB [8c 4c]
HKing81: folds 
SiMiXxP7: raises $0.30 to $0.40
MC857: folds 
teosmarty: calls $0.40
countsheep: folds 
HubertusB: folds 
*** FLOP *** [Jh Kc 3d]
SiMiXxP7: bets $0.50
teosmarty: folds 
Uncalled bet ($0.50) returned to SiMiXxP7
SiMiXxP7 collected $0.91 from pot
SiMiXxP7: doesn't show hand 
*** SUMMARY ***
Total pot $0.95 | Rake $0.04 
Board [Jh Kc 3d]
Seat 1: teosmarty (button) folded on the Flop
Seat 2: countsheep (small blind) folded before Flop
Seat 3: HubertusB (big blind) folded before Flop
Seat 4: HKing81 folded before Flop (didn't bet)
Seat 5: SiMiXxP7 collected ($0.91)
Seat 6: MC857 folded before Flop (didn't bet)



PokerStars Hand #174032929660:  Hold'em No Limit ($0.05/$0.10) - 2017/08/07 22:04:49 CCT [2017/08/07 10:04:49 ET]
Table 'Aludra' 6-max Seat #1 is the button
Seat 1: TrIGoRs ($10.25 in chips) 
Seat 2: dh4ls1m ($10 in chips) 
Seat 3: HubertusB ($12.12 in chips) 
Seat 4: nikink4 ($4.85 in chips) 
Seat 5: ProTeamjan ($14.54 in chips) 
Seat 6: Mr. Eval ($10.50 in chips) 
dh4ls1m: posts small blind $0.05
HubertusB: posts big blind $0.10
*** HOLE CARDS ***
Dealt to HubertusB [6c 5d]
nikink4: raises $0.20 to $0.30
ProTeamjan: folds 
Mr. Eval: raises $0.75 to $1.05
TrIGoRs: folds 
dh4ls1m: folds 
HubertusB: folds 
nikink4: folds 
Uncalled bet ($0.75) returned to Mr. Eval
Mr. Eval collected $0.75 from pot
Mr. Eval: doesn't show hand 
*** SUMMARY ***
Total pot $0.75 | Rake $0 
Seat 1: TrIGoRs (button) folded before Flop (didn't bet)
Seat 2: dh4ls1m (small blind) folded before Flop
Seat 3: HubertusB (big blind) folded before Flop
Seat 4: nikink4 folded before Flop
Seat 5: ProTeamjan folded before Flop (didn't bet)
Seat 6: Mr. Eval collected ($0.75)



PokerStars Hand #174033231777:  Hold'em No Limit ($0.05/$0.10) - 2017/08/07 22:14:26 CCT [2017/08/07 10:14:26 ET]
Table 'Aludra' 6-max Seat #1 is the button
Seat 1: nikbelal ($10 in chips) 
Seat 2: TheLonelyGuy ($10.88 in chips) 
Seat 3: HubertusB ($4.80 in chips) 
Seat 4: araaaab ($12.30 in chips) 
Seat 5: simple s0o ($23.84 in chips) 
Seat 6: dh4ls1m ($10.24 in chips) 
TheLonelyGuy: posts small blind $0.05
HubertusB: posts big blind $0.10
*** HOLE CARDS ***
Dealt to HubertusB [2s Js]
araaaab: folds 
simple s0o: folds 
dh4ls1m: folds 
nikbelal: raises $0.14 to $0.24
TheLonelyGuy: raises $0.66 to $0.90
HubertusB: folds 
nikbelal: folds 
Uncalled bet ($0.66) returned to TheLonelyGuy
TheLonelyGuy collected $0.58 from pot
TheLonelyGuy: doesn't show hand 
*** SUMMARY ***
Total pot $0.58 | Rake $0 
Seat 1: nikbelal (button) folded before Flop
Seat 2: TheLonelyGuy (small blind) collected ($0.58)
Seat 3: HubertusB (big blind) folded before Flop
Seat 4: araaaab folded before Flop (didn't bet)
Seat 5: simple s0o folded before Flop (didn't bet)
Seat 6: dh4ls1m folded before Flop (didn't bet)



PokerStars Hand #174032588324:  Hold'em No Limit ($0.05/$0.10) - 2017/08/07 21:53:14 CCT [2017/08/07 9:53:14 ET]
Table 'Aludra' 6-max Seat #1 is the button
Seat 1: Vitus_Pro ($10.27 in chips) 
Seat 2: eclibrise ($10 in chips) 
Seat 3: HubertusB ($10.60 in chips) 
Seat 4: wind003 ($9.14 in chips) 
Seat 5: maatman28 ($9.91 in chips) 
Seat 6: pol555mag ($10.51 in chips) 
eclibrise: posts small blind $0.05
HubertusB: posts big blind $0.10
*** HOLE CARDS ***
Dealt to HubertusB [Ts 9s]
wind003: folds 
maatman28: folds 
pol555mag: raises $0.15 to $0.25
Vitus_Pro: folds 
eclibrise: folds 
HubertusB: calls $0.15
*** FLOP *** [2h Jd 4d]
HubertusB: checks 
pol555mag: checks 
*** TURN *** [2h Jd 4d] [4s]
HubertusB: bets $0.30
pol555mag: folds 
Uncalled bet ($0.30) returned to HubertusB
HubertusB collected $0.53 from pot
HubertusB: doesn't show hand 
*** SUMMARY ***
Total pot $0.55 | Rake $0.02 
Board [2h Jd 4d 4s]
Seat 1: Vitus_Pro (button) folded before Flop (didn't bet)
Seat 2: eclibrise (small blind) folded before Flop
Seat 3: HubertusB (big blind) collected ($0.53)
Seat 4: wind003 folded before Flop (didn't bet)
Seat 5: maatman28 folded before Flop (didn't bet)
Seat 6: pol555mag folded on the Turn



PokerStars Hand #174033305641:  Hold'em No Limit ($0.05/$0.10) - 2017/08/07 22:16:44 CCT [2017/08/07 10:16:44 ET]
Table 'Aludra' 6-max Seat #1 is the button
Seat 1: xex_serg ($37.60 in chips) 
Seat 2: Mr_Bobofruit ($17.08 in chips) 
Seat 3: HubertusB ($5.18 in chips) 
Seat 4: d.kach24 ($10.15 in chips) 
Seat 5: sermax2011 ($10.59 in chips) 
Seat 6: eclibrise ($10 in chips) 
Mr_Bobofruit: posts small blind $0.05
HubertusB: posts big blind $0.10
*** HOLE CARDS ***
Dealt to HubertusB [Qh Qd]
d.kach24: folds 
sermax2011: folds 
eclibrise: folds 
xex_serg: raises $0.13 to $0.23
Mr_Bobofruit: folds 
HubertusB: raises $0.57 to $0.80
xex_serg: folds 
Uncalled bet ($0.57) returned to HubertusB
HubertusB collected $0.51 from pot
HubertusB: doesn't show hand 
*** SUMMARY ***
Total pot $0.51 | Rake $0 
Seat 1: xex_serg (button) folded before Flop
Seat 2: Mr_Bobofruit (small blind) folded before Flop
Seat 3: HubertusB (big blind) collected ($0.51)
Seat 4: d.kach24 folded before Flop (didn't bet)
Seat 5: sermax2011 folded before Flop (didn't bet)
Seat 6: eclibrise folded before Flop (didn't bet)



PokerStars Hand #174032897302:  Hold'em No Limit ($0.05/$0.10) - 2017/08/07 22:03:45 CCT [2017/08/07 10:03:45 ET]
Table 'Aludra' 6-max Seat #1 is the button
Seat 1: AntonioTa557 ($12.01 in chips) 
Seat 2: kokov0001 ($7.05 in chips) 
Seat 3: HubertusB ($12.12 in chips) 
Seat 4: iloveurmuck ($10 in chips) 
Seat 5: kemal_zay4ik ($9.92 in chips) 
Seat 6: Stepchikk ($6.27 in chips) 
kokov0001: posts small blind $0.05
HubertusB: posts big blind $0.10
*** HOLE CARDS ***
Dealt to HubertusB [2s 6d]
iloveurmuck: folds 
kemal_zay4ik: folds 
Stepchikk: folds 
AntonioTa557: raises $0.10 to $0.20
kokov0001: calls $0.15
HubertusB: folds 
*** FLOP *** [8s 6h 2c]
kokov0001: checks 
AntonioTa557: bets $0.30
kokov0001: folds 
Uncalled bet ($0.30) returned to AntonioTa557
AntonioTa557 collected $0.48 from pot
AntonioTa557: doesn't show hand 
*** SUMMARY ***
Total pot $0.50 | Rake $0.02 
Board [8s 6h 2c]
Seat 1: AntonioTa557 (button) collected ($0.48)
Seat 2: kokov0001 (small blind) folded on the Flop
Seat 3: HubertusB (big blind) folded before Flop
Seat 4: iloveurmuck folded before Flop (didn't bet)
Seat 5: kemal_zay4ik folded before Flop (didn't bet)
Seat 6: Stepchikk folded before Flop (didn't bet)



PokerStars Hand #174033630792:  Hold'em No Limit ($0.05/$0.10) - 2017/08/07 22:26:47 CCT [2017/08/07 10:26:47 ET]
Table 'Aludra' 6-max Seat #1 is the button
Seat 1: Imthenewfish ($10.70 in chips) 
Seat 2: Dteam-92 ($10.94 in chips) 
Seat 3: HubertusB ($11.04 in chips) 
Seat 4: TeleMagreb ($10.11 in chips) 
Seat 5: teosmarty ($18.38 in chips) 
Seat 6: mioayu ($10.05 in chips) 
Dteam-92: posts small blind $0.05
HubertusB: posts big blind $0.10
*** HOLE CARDS ***
Dealt to HubertusB [Qc Kd]
TeleMagreb: folds 
teosmarty: folds 
mioayu: folds 
Imthenewfish: raises $0.10 to $0.20
Dteam-92: raises $0.67 to $0.87
HubertusB: folds 
Imthenewfish: folds 
Uncalled bet ($0.67) returned to Dteam-92
Dteam-92 collected $0.50 from pot
Dteam-92: doesn't show hand 
*** SUMMARY ***
Total pot $0.50 | Rake $0 
Seat 1: Imthenewfish (button) folded before Flop
Seat 2: Dteam-92 (small blind) collected ($0.50)
Seat 3: HubertusB (big blind) folded before Flop
Seat 4: TeleMagreb folded before Flop (didn't bet)
Seat 5: teosmarty folded before Flop (didn't bet)
Seat 6: mioayu folded before Flop (didn't bet)



﻿PokerStars Hand #174032519836:  Hold'em No Limit ($0.05/$0.10) - 2017/08/07 21:51:00 CCT [2017/08/07 9:51:00 ET]
Table 'Aludra' 6-max Seat #1 is the button
Seat 1: d.kach24 ($11.66 in chips) 
Seat 2: Magadan001 ($7.09 in chips) 
Seat 3: HubertusB ($10 in chips) 
Seat 4: deeje29 ($3.31 in chips) 
Seat 5: ProTeamjan ($6.82 in chips) 
Seat 6: 99mess99 ($11.09 in chips) 
Magadan001: posts small blind $0.05
HubertusB: posts big blind $0.10
*** HOLE CARDS ***
Dealt to HubertusB [2h 7d]
deeje29: raises $0.20 to $0.30
ProTeamjan: folds 
99mess99: folds 
d.kach24: folds 
Magadan001: folds 
HubertusB: folds 
Uncalled bet ($0.20) returned to deeje29
deeje29 collected $0.25 from pot
deeje29: doesn't show hand 
*** SUMMARY ***
Total pot $0.25 | Rake $0 
Seat 1: d.kach24 (button) folded before Flop (didn't bet)
Seat 2: Magadan001 (small blind) folded before Flop
Seat 3: HubertusB (big blind) folded before Flop
Seat 4: deeje29 collected ($0.25)
Seat 5: ProTeamjan folded before Flop (didn't bet)
Seat 6: 99mess99 folded before Flop (didn't bet)



PokerStars Hand #174032530565:  Hold'em No Limit ($0.05/$0.10) - 2017/08/07 21:51:21 CCT [2017/08/07 9:51:21 ET]
Table 'Aludra' 6-max Seat #1 is the button
Seat 1: Mst. Yaddle ($10 in chips) 
Seat 2: Xjung ($10.54 in chips) 
Seat 3: HubertusB ($9.85 in chips) 
Seat 4: nikbelal ($11.12 in chips) 
Seat 5: maatman28 ($0.11 in chips) 
Seat 6: Bob77666 ($8.55 in chips) 
Xjung: posts small blind $0.05
HubertusB: posts big blind $0.10
*** HOLE CARDS ***
Dealt to HubertusB [3d Ah]
nikbelal: raises $0.19 to $0.29
maatman28: folds 
Bob77666: folds 
Mst. Yaddle: folds 
Xjung: folds 
HubertusB: folds 
Uncalled bet ($0.19) returned to nikbelal
nikbelal collected $0.25 from pot
nikbelal: doesn't show hand 
*** SUMMARY ***
Total pot $0.25 | Rake $0 
Seat 1: Mst. Yaddle (button) folded before Flop (didn't bet)
Seat 2: Xjung (small blind) folded before Flop
Seat 3: HubertusB (big blind) folded before Flop
Seat 4: nikbelal collected ($0.25)
Seat 5: maatman28 folded before Flop (didn't bet)
Seat 6: Bob77666 folded before Flop (didn't bet)



PokerStars Hand #174032634468:  Hold'em No Limit ($0.05/$0.10) - 2017/08/07 21:54:31 CCT [2017/08/07 9:54:31 ET]
Table 'Aludra' 6-max Seat #1 is the button
Seat 1: flatbelieve ($10.32 in chips) 
Seat 2: 99mess99 ($20.59 in chips) 
Seat 3: HubertusB ($11.13 in chips) 
Seat 4: MinezNunez ($17.40 in chips) 
Seat 5: HKing81 ($9.22 in chips) 
Seat 6: Vitus_Pro ($10.15 in chips) 
99mess99: posts small blind $0.05
HubertusB: posts big blind $0.10
*** HOLE CARDS ***
Dealt to HubertusB [7h 4s]
MinezNunez: folds 
HKing81: raises $0.20 to $0.30
Vitus_Pro: folds 
flatbelieve: folds 
99mess99: folds 
HubertusB: folds 
Uncalled bet ($0.20) returned to HKing81
HKing81 collected $0.25 from pot
HKing81: doesn't show hand 
*** SUMMARY ***
Total pot $0.25 | Rake $0 
Seat 1: flatbelieve (button) folded before Flop (didn't bet)
Seat 2: 99mess99 (small blind) folded before Flop
Seat 3: HubertusB (big blind) folded before Flop
Seat 4: MinezNunez folded before Flop (didn't bet)
Seat 5: HKing81 collected ($0.25)
Seat 6: Vitus_Pro folded before Flop (didn't bet)



PokerStars Hand #174032830034:  Hold'em No Limit ($0.05/$0.10) - 2017/08/07 22:01:34 CCT [2017/08/07 10:01:34 ET]
Table 'Aludra' 6-max Seat #1 is the button
Seat 1: liomonkey ($10 in chips) 
Seat 2: Marka555 ($12.79 in chips) 
Seat 3: HubertusB ($11.88 in chips) 
Seat 4: iloveurmuck ($12.51 in chips) 
Seat 5: d.paul141 ($15.99 in chips) 
Seat 6: LedHeadLight ($9.03 in chips) 
Marka555: posts small blind $0.05
HubertusB: posts big blind $0.10
*** HOLE CARDS ***
Dealt to HubertusB [Jd 6c]
iloveurmuck: folds 
d.paul141: raises $0.20 to $0.30
LedHeadLight: folds 
liomonkey: folds 
Marka555: folds 
HubertusB: folds 
Uncalled bet ($0.20) returned to d.paul141
d.paul141 collected $0.25 from pot
d.paul141: doesn't show hand 
*** SUMMARY ***
Total pot $0.25 | Rake $0 
Seat 1: liomonkey (button) folded before Flop (didn't bet)
Seat 2: Marka555 (small blind) folded before Flop
Seat 3: HubertusB (big blind) folded before Flop
Seat 4: iloveurmuck folded before Flop (didn't bet)
Seat 5: d.paul141 collected ($0.25)
Seat 6: LedHeadLight folded before Flop (didn't bet)



PokerStars Hand #174033246343:  Hold'em No Limit ($0.05/$0.10) - 2017/08/07 22:14:53 CCT [2017/08/07 10:14:53 ET]
Table 'Aludra' 6-max Seat #1 is the button
Seat 1: Panda0777 ($5.46 in chips) 
Seat 2: HKing81 ($14.85 in chips) 
Seat 3: HubertusB ($4.70 in chips) 
Seat 4: iloveurmuck ($14.45 in chips) 
Seat 5: bluffshanx ($24 in chips) 
Seat 6: MariosPro999 ($10.20 in chips) 
HKing81: posts small blind $0.05
HubertusB: posts big blind $0.10
*** HOLE CARDS ***
Dealt to HubertusB [6h Qs]
iloveurmuck: folds 
bluffshanx: raises $0.15 to $0.25
MariosPro999: folds 
Panda0777: folds 
HKing81: folds 
HubertusB: folds 
Uncalled bet ($0.15) returned to bluffshanx
bluffshanx collected $0.25 from pot
bluffshanx: doesn't show hand 
*** SUMMARY ***
Total pot $0.25 | Rake $0 
Seat 1: Panda0777 (button) folded before Flop (didn't bet)
Seat 2: HKing81 (small blind) folded before Flop
Seat 3: HubertusB (big blind) folded before Flop
Seat 4: iloveurmuck folded before Flop (didn't bet)
Seat 5: bluffshanx collected ($0.25)
Seat 6: MariosPro999 folded before Flop (didn't bet)



PokerStars Hand #174033339721:  Hold'em No Limit ($0.05/$0.10) - 2017/08/07 22:17:48 CCT [2017/08/07 10:17:48 ET]
Table 'Aludra' 6-max Seat #1 is the button
Seat 1: Quetlaah ($24.34 in chips) 
Seat 2: justinnlt ($9.90 in chips) 
Seat 3: HubertusB ($5.56 in chips) 
Seat 4: xex_serg ($9.44 in chips) 
Seat 5: akatsuki2580 ($9.70 in chips) 
Seat 6: Th3J3ster ($12.95 in chips) 
justinnlt: posts small blind $0.05
HubertusB: posts big blind $0.10
*** HOLE CARDS ***
Dealt to HubertusB [Ah 3s]
xex_serg: folds 
akatsuki2580: folds 
Th3J3ster: folds 
Quetlaah: raises $0.20 to $0.30
justinnlt: folds 
HubertusB: folds 
Uncalled bet ($0.20) returned to Quetlaah
Quetlaah collected $0.25 from pot
Quetlaah: doesn't show hand 
*** SUMMARY ***
Total pot $0.25 | Rake $0 
Seat 1: Quetlaah (button) collected ($0.25)
Seat 2: justinnlt (small blind) folded before Flop
Seat 3: HubertusB (big blind) folded before Flop
Seat 4: xex_serg folded before Flop (didn't bet)
Seat 5: akatsuki2580 folded before Flop (didn't bet)
Seat 6: Th3J3ster folded before Flop (didn't bet)



PokerStars Hand #174033550469:  Hold'em No Limit ($0.05/$0.10) - 2017/08/07 22:24:18 CCT [2017/08/07 10:24:18 ET]
Table 'Aludra' 6-max Seat #1 is the button
Seat 1: afrika14 ($20.30 in chips) 
Seat 2: Las1980 ($9.71 in chips) 
Seat 3: HubertusB ($10 in chips) 
Seat 4: maatman28 ($9.39 in chips) 
Seat 5: Goatz7 ($11.15 in chips) 
Seat 6: bigfreddo86 ($15.23 in chips) 
Las1980: posts small blind $0.05
HubertusB: posts big blind $0.10
*** HOLE CARDS ***
Dealt to HubertusB [4d 2h]
maatman28: raises $0.20 to $0.30
Goatz7: folds 
bigfreddo86: folds 
afrika14: folds 
Las1980: folds 
HubertusB: folds 
Uncalled bet ($0.20) returned to maatman28
maatman28 collected $0.25 from pot
maatman28: doesn't show hand 
*** SUMMARY ***
Total pot $0.25 | Rake $0 
Seat 1: afrika14 (button) folded before Flop (didn't bet)
Seat 2: Las1980 (small blind) folded before Flop
Seat 3: HubertusB (big blind) folded before Flop
Seat 4: maatman28 collected ($0.25)
Seat 5: Goatz7 folded before Flop (didn't bet)
Seat 6: bigfreddo86 folded before Flop (didn't bet)



PokerStars Hand #174032744088:  Hold'em No Limit ($0.05/$0.10) - 2017/08/07 21:58:30 CCT [2017/08/07 9:58:30 ET]
Table 'Aludra' 6-max Seat #1 is the button
Seat 1: alex88835 ($10 in chips) 
Seat 2: GustavoAPB ($10.20 in chips) 
Seat 3: HubertusB ($9.30 in chips) 
Seat 4: LoveOnTop ($18.51 in chips) 
Seat 5: d.kach24 ($10 in chips) 
Seat 6: tp93_iv ($12.12 in chips) 
GustavoAPB: posts small blind $0.05
HubertusB: posts big blind $0.10
*** HOLE CARDS ***
Dealt to HubertusB [3c Kd]
LoveOnTop: folds 
d.kach24: folds 
tp93_iv: folds 
alex88835: folds 
GustavoAPB: raises $0.20 to $0.30
HubertusB: folds 
Uncalled bet ($0.20) returned to GustavoAPB
GustavoAPB collected $0.20 from pot
GustavoAPB: doesn't show hand 
*** SUMMARY ***
Total pot $0.20 | Rake $0 
Seat 1: alex88835 (button) folded before Flop (didn't bet)
Seat 2: GustavoAPB (small blind) collected ($0.20)
Seat 3: HubertusB (big blind) folded before Flop
Seat 4: LoveOnTop folded before Flop (didn't bet)
Seat 5: d.kach24 folded before Flop (didn't bet)
Seat 6: tp93_iv folded before Flop (didn't bet)



PokerStars Hand #174032761521:  Hold'em No Limit ($0.05/$0.10) - 2017/08/07 21:59:09 CCT [2017/08/07 9:59:09 ET]
Table 'Aludra' 6-max Seat #1 is the button
Seat 1: IanVeliki ($10.43 in chips) 
Seat 2: Jas0nLee ($10.22 in chips) 
Seat 3: HubertusB ($9.50 in chips) 
Seat 4: BlueRace00 ($20.58 in chips) 
Seat 5: nesalidnbli ($3.44 in chips) 
Seat 6: Marka555 ($9.67 in chips) 
Jas0nLee: posts small blind $0.05
HubertusB: posts big blind $0.10
*** HOLE CARDS ***
Dealt to HubertusB [9d 3s]
BlueRace00: folds 
nesalidnbli: folds 
Marka555: folds 
IanVeliki: folds 
Jas0nLee: raises $0.20 to $0.30
HubertusB: folds 
Uncalled bet ($0.20) returned to Jas0nLee
Jas0nLee collected $0.20 from pot
Jas0nLee: doesn't show hand 
*** SUMMARY ***
Total pot $0.20 | Rake $0 
Seat 1: IanVeliki (button) folded before Flop (didn't bet)
Seat 2: Jas0nLee (small blind) collected ($0.20)
Seat 3: HubertusB (big blind) folded before Flop
Seat 4: BlueRace00 folded before Flop (didn't bet)
Seat 5: nesalidnbli folded before Flop (didn't bet)
Seat 6: Marka555 folded before Flop (didn't bet)



PokerStars Hand #174033468313:  Hold'em No Limit ($0.05/$0.10) - 2017/08/07 22:21:46 CCT [2017/08/07 10:21:46 ET]
Table 'Aludra' 6-max Seat #1 is the button
Seat 1: wee alfie ($9.74 in chips) 
Seat 2: Hiob98 ($14.95 in chips) 
Seat 3: HubertusB ($3.11 in chips) 
Seat 4: d.kach24 ($10.70 in chips) 
Seat 5: Imthenewfish ($11.39 in chips) 
Seat 6: akatsuki2580 ($8.75 in chips) 
Hiob98: posts small blind $0.05
HubertusB: posts big blind $0.10
*** HOLE CARDS ***
Dealt to HubertusB [2s 6d]
d.kach24: folds 
Imthenewfish: folds 
akatsuki2580: folds 
wee alfie: folds 
Hiob98: raises $0.17 to $0.27
HubertusB: folds 
Uncalled bet ($0.17) returned to Hiob98
Hiob98 collected $0.20 from pot
Hiob98: doesn't show hand 
*** SUMMARY ***
Total pot $0.20 | Rake $0 
Seat 1: wee alfie (button) folded before Flop (didn't bet)
Seat 2: Hiob98 (small blind) collected ($0.20)
Seat 3: HubertusB (big blind) folded before Flop
Seat 4: d.kach24 folded before Flop (didn't bet)
Seat 5: Imthenewfish folded before Flop (didn't bet)
Seat 6: akatsuki2580 folded before Flop (didn't bet)



PokerStars Hand #174033016224:  Hold'em No Limit ($0.05/$0.10) - 2017/08/07 22:07:35 CCT [2017/08/07 10:07:35 ET]
Table 'Aludra' 6-max Seat #1 is the button
Seat 1: klavdiya818 ($5.59 in chips) 
Seat 2: barnabee ($12.77 in chips) 
Seat 3: HubertusB ($2.48 in chips) 
Seat 4: cupko0 ($7.57 in chips) 
Seat 5: eclibrise ($12.05 in chips) 
Seat 6: MariosPro999 ($10 in chips) 
barnabee: posts small blind $0.05
HubertusB: posts big blind $0.10
*** HOLE CARDS ***
Dealt to HubertusB [Jh Qs]
cupko0: folds 
eclibrise: folds 
MariosPro999: folds 
klavdiya818: folds 
barnabee: folds 
Uncalled bet ($0.05) returned to HubertusB
HubertusB collected $0.10 from pot
HubertusB: doesn't show hand 
*** SUMMARY ***
Total pot $0.10 | Rake $0 
Seat 1: klavdiya818 (button) folded before Flop (didn't bet)
Seat 2: barnabee (small blind) folded before Flop
Seat 3: HubertusB (big blind) collected ($0.10)
Seat 4: cupko0 folded before Flop (didn't bet)
Seat 5: eclibrise folded before Flop (didn't bet)
Seat 6: MariosPro999 folded before Flop (didn't bet)



