PokerStars Hand #174033870519:  Hold'em No Limit ($0.05/$0.10) - 2017/08/07 22:34:10 CCT [2017/08/07 10:34:10 ET]
Table 'Aludra' 6-max Seat #1 is the button
Seat 1: Skeenaleen ($13.57 in chips) 
Seat 2: HubertusB ($9.90 in chips) 
Seat 3: KingS3v3n ($16.57 in chips) 
Seat 4: pauldevlio ($12.96 in chips) 
Seat 5: Dteam-92 ($13.18 in chips) 
Seat 6: whitedust666 ($7.80 in chips) 
HubertusB: posts small blind $0.05
KingS3v3n: posts big blind $0.10
*** HOLE CARDS ***
Dealt to HubertusB [6d Td]
pauldevlio: folds 
Dteam-92: folds 
whitedust666: raises $0.20 to $0.30
Skeenaleen: raises $0.20 to $0.50
HubertusB: folds 
KingS3v3n: folds 
whitedust666: calls $0.20
*** FLOP *** [Kc 2c 5h]
whitedust666: checks 
Skeenaleen: checks 
*** TURN *** [Kc 2c 5h] [2d]
whitedust666: checks 
Skeenaleen: bets $0.50
whitedust666: folds 
Uncalled bet ($0.50) returned to Skeenaleen
Skeenaleen collected $1.10 from pot
Skeenaleen: doesn't show hand 
*** SUMMARY ***
Total pot $1.15 | Rake $0.05 
Board [Kc 2c 5h 2d]
Seat 1: Skeenaleen (button) collected ($1.10)
Seat 2: HubertusB (small blind) folded before Flop
Seat 3: KingS3v3n (big blind) folded before Flop
Seat 4: pauldevlio folded before Flop (didn't bet)
Seat 5: Dteam-92 folded before Flop (didn't bet)
Seat 6: whitedust666 folded on the Turn



PokerStars Hand #174033886791:  Hold'em No Limit ($0.05/$0.10) - 2017/08/07 22:34:40 CCT [2017/08/07 10:34:40 ET]
Table 'Aludra' 6-max Seat #1 is the button
Seat 1: 1308kl ($12.79 in chips) 
Seat 2: HubertusB ($10 in chips) 
Seat 3: Leone7307 ($6.48 in chips) 
Seat 4: maria1341 ($13.49 in chips) 
Seat 5: Banginukas ($14.70 in chips) 
Seat 6: (hampionS ($9.85 in chips) 
HubertusB: posts small blind $0.05
Leone7307: posts big blind $0.10
*** HOLE CARDS ***
Dealt to HubertusB [5c 8d]
maria1341: calls $0.10
Banginukas: folds 
(hampionS: raises $0.20 to $0.30
1308kl: folds 
HubertusB: folds 
Leone7307: calls $0.20
maria1341: calls $0.20
*** FLOP *** [Ad 6h Qs]
Leone7307: checks 
maria1341: bets $0.46
(hampionS: folds 
Leone7307: folds 
Uncalled bet ($0.46) returned to maria1341
maria1341 collected $0.91 from pot
maria1341: doesn't show hand 
*** SUMMARY ***
Total pot $0.95 | Rake $0.04 
Board [Ad 6h Qs]
Seat 1: 1308kl (button) folded before Flop (didn't bet)
Seat 2: HubertusB (small blind) folded before Flop
Seat 3: Leone7307 (big blind) folded on the Flop
Seat 4: maria1341 collected ($0.91)
Seat 5: Banginukas folded before Flop (didn't bet)
Seat 6: (hampionS folded on the Flop



PokerStars Hand #174033916509:  Hold'em No Limit ($0.05/$0.10) - 2017/08/07 22:35:35 CCT [2017/08/07 10:35:35 ET]
Table 'Aludra' 6-max Seat #1 is the button
Seat 1: QeeNz ($5.44 in chips) 
Seat 2: HubertusB ($9.74 in chips) 
Seat 3: huang hans01 ($9.85 in chips) 
Seat 4: hqvision ($4.74 in chips) 
Seat 5: REGNIMOR ($10 in chips) 
Seat 6: sakalolz ($8.19 in chips) 
HubertusB: posts small blind $0.05
huang hans01: posts big blind $0.10
*** HOLE CARDS ***
Dealt to HubertusB [Jc Qc]
hqvision: folds 
REGNIMOR: folds 
sakalolz: folds 
QeeNz: raises $0.20 to $0.30
HubertusB: calls $0.25
huang hans01: calls $0.20
*** FLOP *** [6c 8s 8h]
HubertusB: checks 
huang hans01: bets $0.90
QeeNz: raises $1.33 to $2.23
HubertusB: folds 
huang hans01: folds 
Uncalled bet ($1.33) returned to QeeNz
QeeNz collected $2.58 from pot
QeeNz: doesn't show hand 
*** SUMMARY ***
Total pot $2.70 | Rake $0.12 
Board [6c 8s 8h]
Seat 1: QeeNz (button) collected ($2.58)
Seat 2: HubertusB (small blind) folded on the Flop
Seat 3: huang hans01 (big blind) folded on the Flop
Seat 4: hqvision folded before Flop (didn't bet)
Seat 5: REGNIMOR folded before Flop (didn't bet)
Seat 6: sakalolz folded before Flop (didn't bet)



PokerStars Hand #174033946757:  Hold'em No Limit ($0.05/$0.10) - 2017/08/07 22:36:31 CCT [2017/08/07 10:36:31 ET]
Table 'Aludra' 6-max Seat #1 is the button
Seat 1: dh4ls1m ($14.93 in chips) 
Seat 2: HubertusB ($9.34 in chips) 
Seat 3: Vitus_Pro ($12.81 in chips) 
Seat 4: Panda0777 ($12.43 in chips) 
Seat 5: Lemnirvana64 ($14.27 in chips) 
Seat 6: nemabob85 ($11.61 in chips) 
HubertusB: posts small blind $0.05
Vitus_Pro: posts big blind $0.10
*** HOLE CARDS ***
Dealt to HubertusB [Jd 8s]
Panda0777: folds 
Lemnirvana64: folds 
nemabob85: folds 
dh4ls1m: raises $0.20 to $0.30
HubertusB: folds 
Vitus_Pro: folds 
Uncalled bet ($0.20) returned to dh4ls1m
dh4ls1m collected $0.25 from pot
dh4ls1m: doesn't show hand 
*** SUMMARY ***
Total pot $0.25 | Rake $0 
Seat 1: dh4ls1m (button) collected ($0.25)
Seat 2: HubertusB (small blind) folded before Flop
Seat 3: Vitus_Pro (big blind) folded before Flop
Seat 4: Panda0777 folded before Flop (didn't bet)
Seat 5: Lemnirvana64 folded before Flop (didn't bet)
Seat 6: nemabob85 folded before Flop (didn't bet)



PokerStars Hand #174033975936:  Hold'em No Limit ($0.05/$0.10) - 2017/08/07 22:37:25 CCT [2017/08/07 10:37:25 ET]
Table 'Aludra' 6-max Seat #1 is the button
Seat 1: AstrumNatale ($10.87 in chips) 
Seat 2: HubertusB ($9.67 in chips) 
Seat 3: d.paul141 ($12.67 in chips) 
Seat 4: n0r_light ($9.73 in chips) 
Seat 5: ChikoKz740 ($10 in chips) 
Seat 6: non1mportant ($8.82 in chips) 
HubertusB: posts small blind $0.05
d.paul141: posts big blind $0.10
*** HOLE CARDS ***
Dealt to HubertusB [2d 3h]
n0r_light: folds 
ChikoKz740: folds 
non1mportant: folds 
AstrumNatale: folds 
HubertusB: folds 
Uncalled bet ($0.05) returned to d.paul141
d.paul141 collected $0.10 from pot
d.paul141: doesn't show hand 
*** SUMMARY ***
Total pot $0.10 | Rake $0 
Seat 1: AstrumNatale (button) folded before Flop (didn't bet)
Seat 2: HubertusB (small blind) folded before Flop
Seat 3: d.paul141 (big blind) collected ($0.10)
Seat 4: n0r_light folded before Flop (didn't bet)
Seat 5: ChikoKz740 folded before Flop (didn't bet)
Seat 6: non1mportant folded before Flop (didn't bet)



PokerStars Hand #174033991159:  Hold'em No Limit ($0.05/$0.10) - 2017/08/07 22:37:53 CCT [2017/08/07 10:37:53 ET]
Table 'Aludra' 6-max Seat #1 is the button
Seat 1: TrIGoRs ($7.94 in chips) 
Seat 2: HubertusB ($9.52 in chips) 
Seat 3: Dteam-92 ($16.76 in chips) 
Seat 4: Schwaelmer40 ($5 in chips) 
Seat 5: MinezNunez ($10 in chips) 
Seat 6: SEXXYMARTIN ($9.36 in chips) 
HubertusB: posts small blind $0.05
Dteam-92: posts big blind $0.10
*** HOLE CARDS ***
Dealt to HubertusB [6c 4h]
Schwaelmer40: folds 
MinezNunez: folds 
SEXXYMARTIN: folds 
TrIGoRs: raises $0.14 to $0.24
HubertusB: folds 
Dteam-92: calls $0.14
*** FLOP *** [9d Qs 3h]
Dteam-92: checks 
TrIGoRs: bets $0.17
Dteam-92: raises $0.44 to $0.61
TrIGoRs: folds 
Uncalled bet ($0.44) returned to Dteam-92
Dteam-92 collected $0.83 from pot
Dteam-92: doesn't show hand 
*** SUMMARY ***
Total pot $0.87 | Rake $0.04 
Board [9d Qs 3h]
Seat 1: TrIGoRs (button) folded on the Flop
Seat 2: HubertusB (small blind) folded before Flop
Seat 3: Dteam-92 (big blind) collected ($0.83)
Seat 4: Schwaelmer40 folded before Flop (didn't bet)
Seat 5: MinezNunez folded before Flop (didn't bet)
Seat 6: SEXXYMARTIN folded before Flop (didn't bet)



PokerStars Hand #174034071891:  Hold'em No Limit ($0.05/$0.10) - 2017/08/07 22:40:21 CCT [2017/08/07 10:40:21 ET]
Table 'Aludra' 6-max Seat #1 is the button
Seat 1: DanWhit95 ($23.06 in chips) 
Seat 2: HubertusB ($7.84 in chips) 
Seat 3: nemabob85 ($10.32 in chips) 
Seat 4: bellstar31 ($30.37 in chips) 
Seat 5: Lese_Rate ($10.05 in chips) 
Seat 6: Hiob98 ($15.43 in chips) 
HubertusB: posts small blind $0.05
nemabob85: posts big blind $0.10
*** HOLE CARDS ***
Dealt to HubertusB [7c Qs]
bellstar31: folds 
Lese_Rate: raises $0.20 to $0.30
Hiob98: folds 
DanWhit95: folds 
HubertusB: folds 
nemabob85: folds 
Uncalled bet ($0.20) returned to Lese_Rate
Lese_Rate collected $0.25 from pot
Lese_Rate: doesn't show hand 
*** SUMMARY ***
Total pot $0.25 | Rake $0 
Seat 1: DanWhit95 (button) folded before Flop (didn't bet)
Seat 2: HubertusB (small blind) folded before Flop
Seat 3: nemabob85 (big blind) folded before Flop
Seat 4: bellstar31 folded before Flop (didn't bet)
Seat 5: Lese_Rate collected ($0.25)
Seat 6: Hiob98 folded before Flop (didn't bet)



PokerStars Hand #174034123864:  Hold'em No Limit ($0.05/$0.10) - 2017/08/07 22:41:56 CCT [2017/08/07 10:41:56 ET]
Table 'Aludra' 6-max Seat #1 is the button
Seat 1: Panda0777 ($9.97 in chips) 
Seat 2: HubertusB ($13.97 in chips) 
Seat 3: HUGE117 ($10.45 in chips) 
Seat 4: tmura ($19.91 in chips) 
Seat 5: (hampionS ($16.93 in chips) 
Seat 6: alexmr2709 ($10.33 in chips) 
HubertusB: posts small blind $0.05
HUGE117: posts big blind $0.10
*** HOLE CARDS ***
Dealt to HubertusB [7d Jc]
tmura: folds 
(hampionS: folds 
alexmr2709: folds 
Panda0777: folds 
HubertusB: folds 
Uncalled bet ($0.05) returned to HUGE117
HUGE117 collected $0.10 from pot
HUGE117: doesn't show hand 
*** SUMMARY ***
Total pot $0.10 | Rake $0 
Seat 1: Panda0777 (button) folded before Flop (didn't bet)
Seat 2: HubertusB (small blind) folded before Flop
Seat 3: HUGE117 (big blind) collected ($0.10)
Seat 4: tmura folded before Flop (didn't bet)
Seat 5: (hampionS folded before Flop (didn't bet)
Seat 6: alexmr2709 folded before Flop (didn't bet)



PokerStars Hand #174034161058:  Hold'em No Limit ($0.05/$0.10) - 2017/08/07 22:43:04 CCT [2017/08/07 10:43:04 ET]
Table 'Aludra' 6-max Seat #1 is the button
Seat 1: huang hans01 ($9.54 in chips) 
Seat 2: HubertusB ($13.47 in chips) 
Seat 3: Hiob98 ($15.28 in chips) 
Seat 4: WhiteDeath55 ($10.98 in chips) 
Seat 5: HUGE117 ($10.71 in chips) 
Seat 6: denchu ($10 in chips) 
HubertusB: posts small blind $0.05
Hiob98: posts big blind $0.10
*** HOLE CARDS ***
Dealt to HubertusB [Jh 5d]
WhiteDeath55: folds 
HUGE117: folds 
denchu: folds 
huang hans01: folds 
HubertusB: folds 
Uncalled bet ($0.05) returned to Hiob98
Hiob98 collected $0.10 from pot
Hiob98: doesn't show hand 
*** SUMMARY ***
Total pot $0.10 | Rake $0 
Seat 1: huang hans01 (button) folded before Flop (didn't bet)
Seat 2: HubertusB (small blind) folded before Flop
Seat 3: Hiob98 (big blind) collected ($0.10)
Seat 4: WhiteDeath55 folded before Flop (didn't bet)
Seat 5: HUGE117 folded before Flop (didn't bet)
Seat 6: denchu folded before Flop (didn't bet)



PokerStars Hand #174034196530:  Hold'em No Limit ($0.05/$0.10) - 2017/08/07 22:44:09 CCT [2017/08/07 10:44:09 ET]
Table 'Aludra' 6-max Seat #1 is the button
Seat 1: ckostt ($18.83 in chips) 
Seat 2: HubertusB ($13.62 in chips) 
Seat 3: argintina ($11.16 in chips) 
Seat 4: pody606 ($11.46 in chips) 
Seat 5: abe1988jp ($15.01 in chips) 
Seat 6: SensationSRB ($10 in chips) 
HubertusB: posts small blind $0.05
argintina: posts big blind $0.10
*** HOLE CARDS ***
Dealt to HubertusB [Qs 8d]
pody606: folds 
abe1988jp: raises $0.20 to $0.30
SensationSRB: folds 
ckostt: folds 
HubertusB: folds 
argintina: calls $0.20
*** FLOP *** [Qd 5h 6s]
argintina: checks 
abe1988jp: bets $0.40
argintina: folds 
Uncalled bet ($0.40) returned to abe1988jp
abe1988jp collected $0.62 from pot
abe1988jp: doesn't show hand 
*** SUMMARY ***
Total pot $0.65 | Rake $0.03 
Board [Qd 5h 6s]
Seat 1: ckostt (button) folded before Flop (didn't bet)
Seat 2: HubertusB (small blind) folded before Flop
Seat 3: argintina (big blind) folded on the Flop
Seat 4: pody606 folded before Flop (didn't bet)
Seat 5: abe1988jp collected ($0.62)
Seat 6: SensationSRB folded before Flop (didn't bet)



PokerStars Hand #174034256519:  Hold'em No Limit ($0.05/$0.10) - 2017/08/07 22:45:58 CCT [2017/08/07 10:45:58 ET]
Table 'Aludra' 6-max Seat #1 is the button
Seat 1: vista79$ ($10.44 in chips) 
Seat 2: HubertusB ($14.29 in chips) 
Seat 3: Bacilis92 ($16.61 in chips) 
Seat 4: naka2494 ($7.32 in chips) 
Seat 5: derfischi78 ($4.43 in chips) 
Seat 6: pobedito ($7.30 in chips) 
HubertusB: posts small blind $0.05
Bacilis92: posts big blind $0.10
*** HOLE CARDS ***
Dealt to HubertusB [9c Qc]
naka2494: folds 
derfischi78: folds 
pobedito: folds 
vista79$: raises $0.10 to $0.20
HubertusB: raises $0.60 to $0.80
Bacilis92: folds 
vista79$: folds 
Uncalled bet ($0.60) returned to HubertusB
HubertusB collected $0.50 from pot
HubertusB: doesn't show hand 
*** SUMMARY ***
Total pot $0.50 | Rake $0 
Seat 1: vista79$ (button) folded before Flop
Seat 2: HubertusB (small blind) collected ($0.50)
Seat 3: Bacilis92 (big blind) folded before Flop
Seat 4: naka2494 folded before Flop (didn't bet)
Seat 5: derfischi78 folded before Flop (didn't bet)
Seat 6: pobedito folded before Flop (didn't bet)



PokerStars Hand #174034297226:  Hold'em No Limit ($0.05/$0.10) - 2017/08/07 22:47:12 CCT [2017/08/07 10:47:12 ET]
Table 'Aludra' 6-max Seat #1 is the button
Seat 1: ColdFire2206 ($10.10 in chips) 
Seat 2: HubertusB ($14.91 in chips) 
Seat 3: kor_eric ($28.64 in chips) 
Seat 4: piirakka87 ($10.57 in chips) 
Seat 5: DieserNogga ($14.41 in chips) 
Seat 6: revill761 ($11.04 in chips) 
HubertusB: posts small blind $0.05
kor_eric: posts big blind $0.10
*** HOLE CARDS ***
Dealt to HubertusB [8c 9c]
piirakka87: folds 
DieserNogga: folds 
revill761: folds 
ColdFire2206: folds 
HubertusB: raises $0.20 to $0.30
kor_eric: calls $0.20
*** FLOP *** [9d 2h 3h]
HubertusB: bets $0.31
kor_eric: folds 
Uncalled bet ($0.31) returned to HubertusB
HubertusB collected $0.57 from pot
HubertusB: doesn't show hand 
*** SUMMARY ***
Total pot $0.60 | Rake $0.03 
Board [9d 2h 3h]
Seat 1: ColdFire2206 (button) folded before Flop (didn't bet)
Seat 2: HubertusB (small blind) collected ($0.57)
Seat 3: kor_eric (big blind) folded on the Flop
Seat 4: piirakka87 folded before Flop (didn't bet)
Seat 5: DieserNogga folded before Flop (didn't bet)
Seat 6: revill761 folded before Flop (didn't bet)



PokerStars Hand #174034359263:  Hold'em No Limit ($0.05/$0.10) - 2017/08/07 22:49:05 CCT [2017/08/07 10:49:05 ET]
Table 'Aludra' 6-max Seat #1 is the button
Seat 1: ColdFire2206 ($10.45 in chips) 
Seat 2: HubertusB ($14.36 in chips) 
Seat 3: chingyuan ($10 in chips) 
Seat 4: k-os89 ($10.34 in chips) 
Seat 5: PokeMeCard ($8.15 in chips) 
Seat 6: 6paTyxa1985 ($11.59 in chips) 
HubertusB: posts small blind $0.05
chingyuan: posts big blind $0.10
*** HOLE CARDS ***
Dealt to HubertusB [Ad 6h]
k-os89: folds 
PokeMeCard: folds 
6paTyxa1985: folds 
ColdFire2206: folds 
HubertusB: folds 
Uncalled bet ($0.05) returned to chingyuan
chingyuan collected $0.10 from pot
chingyuan: doesn't show hand 
*** SUMMARY ***
Total pot $0.10 | Rake $0 
Seat 1: ColdFire2206 (button) folded before Flop (didn't bet)
Seat 2: HubertusB (small blind) folded before Flop
Seat 3: chingyuan (big blind) collected ($0.10)
Seat 4: k-os89 folded before Flop (didn't bet)
Seat 5: PokeMeCard folded before Flop (didn't bet)
Seat 6: 6paTyxa1985 folded before Flop (didn't bet)



PokerStars Hand #174034364829:  Hold'em No Limit ($0.05/$0.10) - 2017/08/07 22:49:15 CCT [2017/08/07 10:49:15 ET]
Table 'Aludra' 6-max Seat #1 is the button
Seat 1: Elpihl ($9.85 in chips) 
Seat 2: HubertusB ($14.31 in chips) 
Seat 3: 14DeLuxe10 ($10.25 in chips) 
Seat 4: LAURA PALM3R ($10.76 in chips) 
Seat 5: citoxiuq ($10.62 in chips) 
Seat 6: death05250 ($18.58 in chips) 
HubertusB: posts small blind $0.05
14DeLuxe10: posts big blind $0.10
*** HOLE CARDS ***
Dealt to HubertusB [6c Qd]
LAURA PALM3R: folds 
citoxiuq: folds 
death05250: folds 
Elpihl: raises $0.20 to $0.30
HubertusB: folds 
14DeLuxe10: folds 
Uncalled bet ($0.20) returned to Elpihl
Elpihl collected $0.25 from pot
Elpihl: doesn't show hand 
*** SUMMARY ***
Total pot $0.25 | Rake $0 
Seat 1: Elpihl (button) collected ($0.25)
Seat 2: HubertusB (small blind) folded before Flop
Seat 3: 14DeLuxe10 (big blind) folded before Flop
Seat 4: LAURA PALM3R folded before Flop (didn't bet)
Seat 5: citoxiuq folded before Flop (didn't bet)
Seat 6: death05250 folded before Flop (didn't bet)



PokerStars Hand #174034414852:  Hold'em No Limit ($0.05/$0.10) - 2017/08/07 22:50:45 CCT [2017/08/07 10:50:45 ET]
Table 'Aludra' 6-max Seat #1 is the button
Seat 1: chacha7112 ($11.86 in chips) 
Seat 2: HubertusB ($13.95 in chips) 
Seat 3: Antoszy ($10 in chips) 
Seat 4: BaconNHeggs ($18.83 in chips) 
Seat 5: paya0809 ($24.08 in chips) 
Seat 6: Momigotnuts ($10.30 in chips) 
HubertusB: posts small blind $0.05
Antoszy: posts big blind $0.10
*** HOLE CARDS ***
Dealt to HubertusB [5d Ad]
BaconNHeggs: folds 
paya0809: folds 
Momigotnuts: folds 
chacha7112: folds 
HubertusB: raises $0.20 to $0.30
Antoszy: calls $0.20
*** FLOP *** [9s Jh Qc]
HubertusB: checks 
Antoszy: bets $0.43
HubertusB: folds 
Uncalled bet ($0.43) returned to Antoszy
Antoszy collected $0.57 from pot
Antoszy: doesn't show hand 
*** SUMMARY ***
Total pot $0.60 | Rake $0.03 
Board [9s Jh Qc]
Seat 1: chacha7112 (button) folded before Flop (didn't bet)
Seat 2: HubertusB (small blind) folded on the Flop
Seat 3: Antoszy (big blind) collected ($0.57)
Seat 4: BaconNHeggs folded before Flop (didn't bet)
Seat 5: paya0809 folded before Flop (didn't bet)
Seat 6: Momigotnuts folded before Flop (didn't bet)



PokerStars Hand #174034478485:  Hold'em No Limit ($0.05/$0.10) - 2017/08/07 22:52:39 CCT [2017/08/07 10:52:39 ET]
Table 'Aludra' 6-max Seat #1 is the button
Seat 1: d.paul141 ($17.15 in chips) 
Seat 2: HubertusB ($13.27 in chips) 
Seat 3: riskym ($16.52 in chips) 
Seat 4: xmzok012 ($37.16 in chips) 
Seat 5: bluesky105 ($13.14 in chips) 
Seat 6: nikbelal ($10.25 in chips) 
HubertusB: posts small blind $0.05
riskym: posts big blind $0.10
*** HOLE CARDS ***
Dealt to HubertusB [8h 7h]
xmzok012: raises $0.20 to $0.30
bluesky105: folds 
nikbelal: folds 
d.paul141: raises $0.60 to $0.90
HubertusB: folds 
riskym: folds 
xmzok012: calls $0.60
*** FLOP *** [6h Kh Ah]
xmzok012: checks 
d.paul141: checks 
*** TURN *** [6h Kh Ah] [7s]
xmzok012: checks 
d.paul141: bets $0.87
xmzok012: folds 
Uncalled bet ($0.87) returned to d.paul141
d.paul141 collected $1.86 from pot
d.paul141: doesn't show hand 
*** SUMMARY ***
Total pot $1.95 | Rake $0.09 
Board [6h Kh Ah 7s]
Seat 1: d.paul141 (button) collected ($1.86)
Seat 2: HubertusB (small blind) folded before Flop
Seat 3: riskym (big blind) folded before Flop
Seat 4: xmzok012 folded on the Turn
Seat 5: bluesky105 folded before Flop (didn't bet)
Seat 6: nikbelal folded before Flop (didn't bet)



PokerStars Hand #174034542441:  Hold'em No Limit ($0.05/$0.10) - 2017/08/07 22:54:34 CCT [2017/08/07 10:54:34 ET]
Table 'Aludra' 6-max Seat #1 is the button
Seat 1: LENCHA555 ($10.28 in chips) 
Seat 2: HubertusB ($13.27 in chips) 
Seat 3: Lemnirvana64 ($20.57 in chips) 
Seat 4: newRotterdam ($28.11 in chips) 
Seat 5: Alek5is ($6.04 in chips) 
Seat 6: kivelof ($14.75 in chips) 
HubertusB: posts small blind $0.05
Lemnirvana64: posts big blind $0.10
*** HOLE CARDS ***
Dealt to HubertusB [Tc 7s]
newRotterdam: folds 
Alek5is: folds 
kivelof: folds 
LENCHA555: folds 
HubertusB: folds 
Uncalled bet ($0.05) returned to Lemnirvana64
Lemnirvana64 collected $0.10 from pot
Lemnirvana64: doesn't show hand 
*** SUMMARY ***
Total pot $0.10 | Rake $0 
Seat 1: LENCHA555 (button) folded before Flop (didn't bet)
Seat 2: HubertusB (small blind) folded before Flop
Seat 3: Lemnirvana64 (big blind) collected ($0.10)
Seat 4: newRotterdam folded before Flop (didn't bet)
Seat 5: Alek5is folded before Flop (didn't bet)
Seat 6: kivelof folded before Flop (didn't bet)



PokerStars Hand #174034555285:  Hold'em No Limit ($0.05/$0.10) - 2017/08/07 22:54:57 CCT [2017/08/07 10:54:57 ET]
Table 'Aludra' 6-max Seat #1 is the button
Seat 1: PokeMeCard ($5.96 in chips) 
Seat 2: HubertusB ($13.22 in chips) 
Seat 3: Claudiu84Adi ($34.49 in chips) 
Seat 4: BaconNHeggs ($18.18 in chips) 
Seat 5: kazuo888 ($10 in chips) 
Seat 6: pndtid01 ($10 in chips) 
HubertusB: posts small blind $0.05
Claudiu84Adi: posts big blind $0.10
*** HOLE CARDS ***
Dealt to HubertusB [6s 4d]
BaconNHeggs: folds 
kazuo888: folds 
pndtid01: folds 
PokeMeCard: raises $0.15 to $0.25
HubertusB: folds 
Claudiu84Adi: calls $0.15
*** FLOP *** [7d Jh Jd]
Claudiu84Adi: checks 
PokeMeCard: checks 
*** TURN *** [7d Jh Jd] [7h]
Claudiu84Adi: checks 
PokeMeCard: checks 
*** RIVER *** [7d Jh Jd 7h] [Ah]
Claudiu84Adi: checks 
PokeMeCard: checks 
*** SHOW DOWN ***
Claudiu84Adi: shows [Kc Qh] (two pair, Jacks and Sevens)
PokeMeCard: shows [9c Ts] (two pair, Jacks and Sevens)
Claudiu84Adi collected $0.27 from pot
PokeMeCard collected $0.26 from pot
*** SUMMARY ***
Total pot $0.55 | Rake $0.02 
Board [7d Jh Jd 7h Ah]
Seat 1: PokeMeCard (button) showed [9c Ts] and won ($0.26) with two pair, Jacks and Sevens
Seat 2: HubertusB (small blind) folded before Flop
Seat 3: Claudiu84Adi (big blind) showed [Kc Qh] and won ($0.27) with two pair, Jacks and Sevens
Seat 4: BaconNHeggs folded before Flop (didn't bet)
Seat 5: kazuo888 folded before Flop (didn't bet)
Seat 6: pndtid01 folded before Flop (didn't bet)



PokerStars Hand #174034585030:  Hold'em No Limit ($0.05/$0.10) - 2017/08/07 22:55:57 CCT [2017/08/07 10:55:57 ET]
Table 'Aludra' 6-max Seat #1 is the button
Seat 1: Matrixgolo ($11.49 in chips) 
Seat 2: HubertusB ($12.97 in chips) 
Seat 3: vista79$ ($13.34 in chips) 
Seat 4: Stepchikk ($9.25 in chips) 
Seat 5: KingerJAA ($12.81 in chips) 
Seat 6: riskym ($20.77 in chips) 
HubertusB: posts small blind $0.05
vista79$: posts big blind $0.10
*** HOLE CARDS ***
Dealt to HubertusB [8h Qc]
Stepchikk: folds 
KingerJAA: folds 
riskym: folds 
Matrixgolo: folds 
HubertusB: folds 
Uncalled bet ($0.05) returned to vista79$
vista79$ collected $0.10 from pot
vista79$: doesn't show hand 
*** SUMMARY ***
Total pot $0.10 | Rake $0 
Seat 1: Matrixgolo (button) folded before Flop (didn't bet)
Seat 2: HubertusB (small blind) folded before Flop
Seat 3: vista79$ (big blind) collected ($0.10)
Seat 4: Stepchikk folded before Flop (didn't bet)
Seat 5: KingerJAA folded before Flop (didn't bet)
Seat 6: riskym folded before Flop (didn't bet)



PokerStars Hand #174034593280:  Hold'em No Limit ($0.05/$0.10) - 2017/08/07 22:56:14 CCT [2017/08/07 10:56:14 ET]
Table 'Aludra' 6-max Seat #1 is the button
Seat 1: Banginukas ($37.80 in chips) 
Seat 2: HubertusB ($12.92 in chips) 
Seat 3: ManiakHaze ($15.30 in chips) 
Seat 4: VictorTomsk ($11.01 in chips) 
Seat 5: Imthenewfish ($11.43 in chips) 
Seat 6: Panda0777 ($7.90 in chips) 
HubertusB: posts small blind $0.05
ManiakHaze: posts big blind $0.10
*** HOLE CARDS ***
Dealt to HubertusB [8d 6c]
VictorTomsk: folds 
Imthenewfish: folds 
Panda0777: raises $0.17 to $0.27
Banginukas: folds 
HubertusB: folds 
ManiakHaze: folds 
Uncalled bet ($0.17) returned to Panda0777
Panda0777 collected $0.25 from pot
Panda0777: doesn't show hand 
*** SUMMARY ***
Total pot $0.25 | Rake $0 
Seat 1: Banginukas (button) folded before Flop (didn't bet)
Seat 2: HubertusB (small blind) folded before Flop
Seat 3: ManiakHaze (big blind) folded before Flop
Seat 4: VictorTomsk folded before Flop (didn't bet)
Seat 5: Imthenewfish folded before Flop (didn't bet)
Seat 6: Panda0777 collected ($0.25)



PokerStars Hand #174034633969:  Hold'em No Limit ($0.05/$0.10) - 2017/08/07 22:57:37 CCT [2017/08/07 10:57:37 ET]
Table 'Aludra' 6-max Seat #1 is the button
Seat 1: Lam01d ($21.05 in chips) 
Seat 2: HubertusB ($12.99 in chips) 
Seat 3: bureas-TILT ($10 in chips) 
Seat 4: llIIlIllII ($10.42 in chips) 
Seat 5: pro_raduga ($10 in chips) 
Seat 6: maatman28 ($14.28 in chips) 
HubertusB: posts small blind $0.05
bureas-TILT: posts big blind $0.10
*** HOLE CARDS ***
Dealt to HubertusB [Jh Th]
llIIlIllII: folds 
pro_raduga: folds 
maatman28: folds 
Lam01d: raises $0.20 to $0.30
HubertusB: raises $0.63 to $0.93
bureas-TILT: calls $0.83
Lam01d: calls $0.63
*** FLOP *** [8c 6c 2h]
HubertusB: checks 
bureas-TILT: bets $1.73
Lam01d: folds 
HubertusB: folds 
Uncalled bet ($1.73) returned to bureas-TILT
bureas-TILT collected $2.66 from pot
bureas-TILT: doesn't show hand 
*** SUMMARY ***
Total pot $2.79 | Rake $0.13 
Board [8c 6c 2h]
Seat 1: Lam01d (button) folded on the Flop
Seat 2: HubertusB (small blind) folded on the Flop
Seat 3: bureas-TILT (big blind) collected ($2.66)
Seat 4: llIIlIllII folded before Flop (didn't bet)
Seat 5: pro_raduga folded before Flop (didn't bet)
Seat 6: maatman28 folded before Flop (didn't bet)



PokerStars Hand #174034660158:  Hold'em No Limit ($0.05/$0.10) - 2017/08/07 22:58:30 CCT [2017/08/07 10:58:30 ET]
Table 'Aludra' 6-max Seat #1 is the button
Seat 1: 6x6x6x6x6 ($13.98 in chips) 
Seat 2: HubertusB ($12.06 in chips) 
Seat 3: GustavoAPB ($10.84 in chips) 
Seat 4: kivelof ($15.29 in chips) 
Seat 5: xmzok012 ($18.39 in chips) 
Seat 6: You're Nexzt ($12.77 in chips) 
HubertusB: posts small blind $0.05
GustavoAPB: posts big blind $0.10
*** HOLE CARDS ***
Dealt to HubertusB [4d 7s]
kivelof: folds 
xmzok012: raises $0.20 to $0.30
You're Nexzt: folds 
6x6x6x6x6: folds 
HubertusB: folds 
GustavoAPB: raises $0.70 to $1
xmzok012: folds 
Uncalled bet ($0.70) returned to GustavoAPB
GustavoAPB collected $0.65 from pot
GustavoAPB: doesn't show hand 
*** SUMMARY ***
Total pot $0.65 | Rake $0 
Seat 1: 6x6x6x6x6 (button) folded before Flop (didn't bet)
Seat 2: HubertusB (small blind) folded before Flop
Seat 3: GustavoAPB (big blind) collected ($0.65)
Seat 4: kivelof folded before Flop (didn't bet)
Seat 5: xmzok012 folded before Flop
Seat 6: You're Nexzt folded before Flop (didn't bet)



PokerStars Hand #174034716575:  Hold'em No Limit ($0.05/$0.10) - 2017/08/07 23:00:24 CCT [2017/08/07 11:00:24 ET]
Table 'Aludra' 6-max Seat #1 is the button
Seat 1: sixcardflush ($13.48 in chips) 
Seat 2: HubertusB ($11.98 in chips) 
Seat 3: MaNok23 ($10 in chips) 
Seat 4: kivelof ($15.79 in chips) 
Seat 5: F1895 ($11.30 in chips) 
Seat 6: AAcidjazzAA ($9.08 in chips) 
HubertusB: posts small blind $0.05
MaNok23: posts big blind $0.10
*** HOLE CARDS ***
Dealt to HubertusB [Qs 8s]
kivelof: folds 
F1895: folds 
AAcidjazzAA: folds 
sixcardflush: raises $0.10 to $0.20
HubertusB: calls $0.15
MaNok23: folds 
*** FLOP *** [8h 7h Jd]
HubertusB: bets $0.26
sixcardflush: calls $0.26
*** TURN *** [8h 7h Jd] [Ah]
HubertusB: checks 
sixcardflush: checks 
*** RIVER *** [8h 7h Jd Ah] [5d]
HubertusB: checks 
sixcardflush: checks 
*** SHOW DOWN ***
HubertusB: shows [Qs 8s] (a pair of Eights)
sixcardflush: shows [Ad Jc] (two pair, Aces and Jacks)
sixcardflush collected $0.97 from pot
*** SUMMARY ***
Total pot $1.02 | Rake $0.05 
Board [8h 7h Jd Ah 5d]
Seat 1: sixcardflush (button) showed [Ad Jc] and won ($0.97) with two pair, Aces and Jacks
Seat 2: HubertusB (small blind) showed [Qs 8s] and lost with a pair of Eights
Seat 3: MaNok23 (big blind) folded before Flop
Seat 4: kivelof folded before Flop (didn't bet)
Seat 5: F1895 folded before Flop (didn't bet)
Seat 6: AAcidjazzAA folded before Flop (didn't bet)



PokerStars Hand #174034801732:  Hold'em No Limit ($0.05/$0.10) - 2017/08/07 23:03:01 CCT [2017/08/07 11:03:01 ET]
Table 'Aludra' 6-max Seat #1 is the button
Seat 1: pody606 ($12.48 in chips) 
Seat 2: HubertusB ($11.89 in chips) 
Seat 3: d.paul141 ($15.68 in chips) 
Seat 4: Valerich8 ($11.67 in chips) 
Seat 5: paya0809 ($9.55 in chips) 
Seat 6: matanPS ($10.60 in chips) 
HubertusB: posts small blind $0.05
d.paul141: posts big blind $0.10
*** HOLE CARDS ***
Dealt to HubertusB [6h 5c]
Valerich8: raises $0.20 to $0.30
paya0809: folds 
matanPS: folds 
pody606: folds 
HubertusB: folds 
d.paul141: folds 
Uncalled bet ($0.20) returned to Valerich8
Valerich8 collected $0.25 from pot
Valerich8: doesn't show hand 
*** SUMMARY ***
Total pot $0.25 | Rake $0 
Seat 1: pody606 (button) folded before Flop (didn't bet)
Seat 2: HubertusB (small blind) folded before Flop
Seat 3: d.paul141 (big blind) folded before Flop
Seat 4: Valerich8 collected ($0.25)
Seat 5: paya0809 folded before Flop (didn't bet)
Seat 6: matanPS folded before Flop (didn't bet)



PokerStars Hand #174034842443:  Hold'em No Limit ($0.05/$0.10) - 2017/08/07 23:04:14 CCT [2017/08/07 11:04:14 ET]
Table 'Aludra' 6-max Seat #1 is the button
Seat 1: gamedore ($16.92 in chips) 
Seat 2: HubertusB ($11.99 in chips) 
Seat 3: 88lth88 ($9.33 in chips) 
Seat 4: YaAmadayOK ($9.85 in chips) 
Seat 5: tp93_iv ($25.46 in chips) 
Seat 6: MakiDon ($11.80 in chips) 
HubertusB: posts small blind $0.05
88lth88: posts big blind $0.10
*** HOLE CARDS ***
Dealt to HubertusB [2d Qs]
YaAmadayOK: folds 
tp93_iv: folds 
MakiDon: folds 
gamedore: folds 
HubertusB: folds 
Uncalled bet ($0.05) returned to 88lth88
88lth88 collected $0.10 from pot
88lth88: doesn't show hand 
*** SUMMARY ***
Total pot $0.10 | Rake $0 
Seat 1: gamedore (button) folded before Flop (didn't bet)
Seat 2: HubertusB (small blind) folded before Flop
Seat 3: 88lth88 (big blind) collected ($0.10)
Seat 4: YaAmadayOK folded before Flop (didn't bet)
Seat 5: tp93_iv folded before Flop (didn't bet)
Seat 6: MakiDon folded before Flop (didn't bet)



