PokerStars Hand #174029637653:  Hold'em No Limit ($0.05/$0.10) - 2017/08/07 20:10:34 CCT [2017/08/07 8:10:34 ET]
Table 'Aludra' 6-max Seat #1 is the button
Seat 1: MysteryJack6 ($16.81 in chips) 
Seat 2: Jack1274 ($10 in chips) 
Seat 3: HubertusB ($10 in chips) 
Seat 4: zmi331 ($54.54 in chips) 
Seat 5: P_chan08 ($15 in chips) 
Seat 6: dragonek1988 ($3.61 in chips) 
Jack1274: posts small blind $0.05
HubertusB: posts big blind $0.10
*** HOLE CARDS ***
Dealt to HubertusB [Ks 3h]
zmi331: folds 
P_chan08: folds 
dragonek1988: folds 
MysteryJack6: folds 
Jack1274: folds 
Uncalled bet ($0.05) returned to HubertusB
HubertusB collected $0.10 from pot
HubertusB: doesn't show hand 
*** SUMMARY ***
Total pot $0.10 | Rake $0 
Seat 1: MysteryJack6 (button) folded before Flop (didn't bet)
Seat 2: Jack1274 (small blind) folded before Flop
Seat 3: HubertusB (big blind) collected ($0.10)
Seat 4: zmi331 folded before Flop (didn't bet)
Seat 5: P_chan08 folded before Flop (didn't bet)
Seat 6: dragonek1988 folded before Flop (didn't bet)



PokerStars Hand #174029647892:  Hold'em No Limit ($0.05/$0.10) - 2017/08/07 20:10:57 CCT [2017/08/07 8:10:57 ET]
Table 'Aludra' 6-max Seat #1 is the button
Seat 1: gogref93 ($9.07 in chips) 
Seat 2: HubertusB ($10.05 in chips) 
Seat 3: Marka555 ($10.07 in chips) 
Seat 4: dim4ik77 ($7.53 in chips) 
Seat 5: Thindifference ($10.48 in chips) 
Seat 6: AndreyK11 ($10.05 in chips) 
HubertusB: posts small blind $0.05
Marka555: posts big blind $0.10
*** HOLE CARDS ***
Dealt to HubertusB [2h 4d]
dim4ik77: folds 
Thindifference: folds 
AndreyK11: folds 
gogref93: folds 
HubertusB: folds 
Uncalled bet ($0.05) returned to Marka555
Marka555 collected $0.10 from pot
Marka555: doesn't show hand 
*** SUMMARY ***
Total pot $0.10 | Rake $0 
Seat 1: gogref93 (button) folded before Flop (didn't bet)
Seat 2: HubertusB (small blind) folded before Flop
Seat 3: Marka555 (big blind) collected ($0.10)
Seat 4: dim4ik77 folded before Flop (didn't bet)
Seat 5: Thindifference folded before Flop (didn't bet)
Seat 6: AndreyK11 folded before Flop (didn't bet)



PokerStars Hand #174029650075:  Hold'em No Limit ($0.05/$0.10) - 2017/08/07 20:11:02 CCT [2017/08/07 8:11:02 ET]
Table 'Aludra' 6-max Seat #1 is the button
Seat 1: shogi999 ($10 in chips) 
Seat 2: gamedore ($10 in chips) 
Seat 3: eskymash ($10.57 in chips) 
Seat 4: bluesky105 ($10.35 in chips) 
Seat 5: godoy1981 ($12.13 in chips) 
Seat 6: HubertusB ($10 in chips) 
gamedore: posts small blind $0.05
eskymash: posts big blind $0.10
*** HOLE CARDS ***
Dealt to HubertusB [8d 3d]
bluesky105: raises $0.17 to $0.27
godoy1981: folds 
HubertusB: folds 
shogi999: folds 
gamedore: folds 
eskymash: folds 
Uncalled bet ($0.17) returned to bluesky105
bluesky105 collected $0.25 from pot
bluesky105: doesn't show hand 
*** SUMMARY ***
Total pot $0.25 | Rake $0 
Seat 1: shogi999 (button) folded before Flop (didn't bet)
Seat 2: gamedore (small blind) folded before Flop
Seat 3: eskymash (big blind) folded before Flop
Seat 4: bluesky105 collected ($0.25)
Seat 5: godoy1981 folded before Flop (didn't bet)
Seat 6: HubertusB folded before Flop (didn't bet)



PokerStars Hand #174029652293:  Hold'em No Limit ($0.05/$0.10) - 2017/08/07 20:11:07 CCT [2017/08/07 8:11:07 ET]
Table 'Aludra' 6-max Seat #1 is the button
Seat 1: HubertusB ($10 in chips) 
Seat 2: HighCard600 ($9.21 in chips) 
Seat 3: ahstchenchen ($9.06 in chips) 
Seat 4: kmedg123 ($20.64 in chips) 
Seat 5: 777Kiryxa777 ($7.60 in chips) 
Seat 6: lijianan096 ($4.68 in chips) 
HighCard600: posts small blind $0.05
ahstchenchen: posts big blind $0.10
*** HOLE CARDS ***
Dealt to HubertusB [Jc Td]
kmedg123: folds 
777Kiryxa777: folds 
lijianan096: folds 
HubertusB: raises $0.16 to $0.26
HighCard600: folds 
ahstchenchen: folds 
Uncalled bet ($0.16) returned to HubertusB
HubertusB collected $0.25 from pot
HubertusB: doesn't show hand 
*** SUMMARY ***
Total pot $0.25 | Rake $0 
Seat 1: HubertusB (button) collected ($0.25)
Seat 2: HighCard600 (small blind) folded before Flop
Seat 3: ahstchenchen (big blind) folded before Flop
Seat 4: kmedg123 folded before Flop (didn't bet)
Seat 5: 777Kiryxa777 folded before Flop (didn't bet)
Seat 6: lijianan096 folded before Flop (didn't bet)



PokerStars Hand #174029659795:  Hold'em No Limit ($0.05/$0.10) - 2017/08/07 20:11:24 CCT [2017/08/07 8:11:24 ET]
Table 'Aludra' 6-max Seat #1 is the button
Seat 1: MarshalKonev ($13.09 in chips) 
Seat 2: HebeFans ($13.08 in chips) 
Seat 3: HubertusB ($10.15 in chips) 
Seat 4: 777Kiryxa777 ($7.60 in chips) 
Seat 5: bigttazi ($6.77 in chips) 
Seat 6: Adrian197879 ($9.48 in chips) 
HebeFans: posts small blind $0.05
HubertusB: posts big blind $0.10
*** HOLE CARDS ***
Dealt to HubertusB [7c 3h]
777Kiryxa777: folds 
bigttazi: raises $0.20 to $0.30
Adrian197879: folds 
MarshalKonev: folds 
HebeFans: folds 
HubertusB: folds 
Uncalled bet ($0.20) returned to bigttazi
bigttazi collected $0.25 from pot
bigttazi: doesn't show hand 
*** SUMMARY ***
Total pot $0.25 | Rake $0 
Seat 1: MarshalKonev (button) folded before Flop (didn't bet)
Seat 2: HebeFans (small blind) folded before Flop
Seat 3: HubertusB (big blind) folded before Flop
Seat 4: 777Kiryxa777 folded before Flop (didn't bet)
Seat 5: bigttazi collected ($0.25)
Seat 6: Adrian197879 folded before Flop (didn't bet)



PokerStars Hand #174029667881:  Hold'em No Limit ($0.05/$0.10) - 2017/08/07 20:11:42 CCT [2017/08/07 8:11:42 ET]
Table 'Aludra' 6-max Seat #1 is the button
Seat 1: Dteam-92 ($13.99 in chips) 
Seat 2: HubertusB ($10.05 in chips) 
Seat 3: straicar ($12.01 in chips) 
Seat 4: scaav ($24.03 in chips) 
Seat 5: jason032323 ($19.38 in chips) 
Seat 6: Andronius99 ($10 in chips) 
HubertusB: posts small blind $0.05
straicar: posts big blind $0.10
*** HOLE CARDS ***
Dealt to HubertusB [5s 6s]
scaav: raises $0.19 to $0.29
jason032323: folds 
Andronius99: folds 
Dteam-92: folds 
HubertusB: folds 
straicar: folds 
Uncalled bet ($0.19) returned to scaav
scaav collected $0.25 from pot
scaav: doesn't show hand 
*** SUMMARY ***
Total pot $0.25 | Rake $0 
Seat 1: Dteam-92 (button) folded before Flop (didn't bet)
Seat 2: HubertusB (small blind) folded before Flop
Seat 3: straicar (big blind) folded before Flop
Seat 4: scaav collected ($0.25)
Seat 5: jason032323 folded before Flop (didn't bet)
Seat 6: Andronius99 folded before Flop (didn't bet)



PokerStars Hand #174029672674:  Hold'em No Limit ($0.05/$0.10) - 2017/08/07 20:11:53 CCT [2017/08/07 8:11:53 ET]
Table 'Aludra' 6-max Seat #1 is the button
Seat 1: HubertusB ($10 in chips) 
Seat 2: jonathan8963 ($13.06 in chips) 
Seat 3: elektro1977 ($10.39 in chips) 
Seat 4: Ivesazisa ($29.79 in chips) 
Seat 5: Gostina ($17.82 in chips) 
Seat 6: €L E$TraGo ($10.54 in chips) 
jonathan8963: posts small blind $0.05
elektro1977: posts big blind $0.10
*** HOLE CARDS ***
Dealt to HubertusB [9d 2c]
Ivesazisa: folds 
Gostina: folds 
€L E$TraGo: folds 
HubertusB: folds 
jonathan8963: folds 
Uncalled bet ($0.05) returned to elektro1977
elektro1977 collected $0.10 from pot
elektro1977: doesn't show hand 
*** SUMMARY ***
Total pot $0.10 | Rake $0 
Seat 1: HubertusB (button) folded before Flop (didn't bet)
Seat 2: jonathan8963 (small blind) folded before Flop
Seat 3: elektro1977 (big blind) collected ($0.10)
Seat 4: Ivesazisa folded before Flop (didn't bet)
Seat 5: Gostina folded before Flop (didn't bet)
Seat 6: €L E$TraGo folded before Flop (didn't bet)



PokerStars Hand #174029665705:  Hold'em No Limit ($0.05/$0.10) - 2017/08/07 20:11:37 CCT [2017/08/07 8:11:37 ET]
Table 'Aludra' 6-max Seat #1 is the button
Seat 1: thiusk ($13.52 in chips) 
Seat 2: JohnStrannik ($12.20 in chips) 
Seat 3: WhiteDeath55 ($19.15 in chips) 
Seat 4: Moszes360 ($10 in chips) 
Seat 5: HubertusB ($10.05 in chips) 
Seat 6: 1H8P0K3R ($9.54 in chips) 
JohnStrannik: posts small blind $0.05
WhiteDeath55: posts big blind $0.10
*** HOLE CARDS ***
Dealt to HubertusB [4h 9c]
Moszes360: folds 
HubertusB: folds 
1H8P0K3R: raises $0.20 to $0.30
thiusk: folds 
JohnStrannik: folds 
WhiteDeath55: calls $0.20
*** FLOP *** [Js Jd Kd]
WhiteDeath55: checks 
1H8P0K3R: checks 
*** TURN *** [Js Jd Kd] [Jh]
WhiteDeath55: checks 
1H8P0K3R: checks 
*** RIVER *** [Js Jd Kd Jh] [8d]
WhiteDeath55: checks 
1H8P0K3R: bets $0.40
WhiteDeath55: calls $0.40
*** SHOW DOWN ***
1H8P0K3R: shows [7h Th] (three of a kind, Jacks)
WhiteDeath55: shows [Td Ad] (a flush, Ace high)
WhiteDeath55 collected $1.38 from pot
*** SUMMARY ***
Total pot $1.45 | Rake $0.07 
Board [Js Jd Kd Jh 8d]
Seat 1: thiusk (button) folded before Flop (didn't bet)
Seat 2: JohnStrannik (small blind) folded before Flop
Seat 3: WhiteDeath55 (big blind) showed [Td Ad] and won ($1.38) with a flush, Ace high
Seat 4: Moszes360 folded before Flop (didn't bet)
Seat 5: HubertusB folded before Flop (didn't bet)
Seat 6: 1H8P0K3R showed [7h Th] and lost with three of a kind, Jacks



PokerStars Hand #174029670446:  Hold'em No Limit ($0.05/$0.10) - 2017/08/07 20:11:48 CCT [2017/08/07 8:11:48 ET]
Table 'Aludra' 6-max Seat #1 is the button
Seat 1: zackypokey ($18.43 in chips) 
Seat 2: pool_king111 ($24.40 in chips) 
Seat 3: kemal_zay4ik ($10.70 in chips) 
Seat 4: Gora1408 ($8.88 in chips) 
Seat 5: straicar ($11.91 in chips) 
Seat 6: HubertusB ($10 in chips) 
pool_king111: posts small blind $0.05
kemal_zay4ik: posts big blind $0.10
*** HOLE CARDS ***
Dealt to HubertusB [9h 2c]
Gora1408: raises $0.20 to $0.30
straicar: folds 
HubertusB: folds 
zackypokey: folds 
pool_king111: folds 
kemal_zay4ik: folds 
Uncalled bet ($0.20) returned to Gora1408
Gora1408 collected $0.25 from pot
Gora1408: doesn't show hand 
*** SUMMARY ***
Total pot $0.25 | Rake $0 
Seat 1: zackypokey (button) folded before Flop (didn't bet)
Seat 2: pool_king111 (small blind) folded before Flop
Seat 3: kemal_zay4ik (big blind) folded before Flop
Seat 4: Gora1408 collected ($0.25)
Seat 5: straicar folded before Flop (didn't bet)
Seat 6: HubertusB folded before Flop (didn't bet)



PokerStars Hand #174029677087:  Hold'em No Limit ($0.05/$0.10) - 2017/08/07 20:12:03 CCT [2017/08/07 8:12:03 ET]
Table 'Aludra' 6-max Seat #1 is the button
Seat 1: zackypokey ($10 in chips) 
Seat 2: HubertusB ($10 in chips) 
Seat 3: sqwerty12 ($6.74 in chips) 
Seat 4: P_chan08 ($14.97 in chips) 
Seat 5: shisuke408 ($18.38 in chips) 
Seat 6: gamedore ($10 in chips) 
HubertusB: posts small blind $0.05
sqwerty12: posts big blind $0.10
*** HOLE CARDS ***
Dealt to HubertusB [8h 4s]
P_chan08: folds 
shisuke408: folds 
gamedore: folds 
zackypokey: folds 
HubertusB: folds 
Uncalled bet ($0.05) returned to sqwerty12
sqwerty12 collected $0.10 from pot
sqwerty12: doesn't show hand 
*** SUMMARY ***
Total pot $0.10 | Rake $0 
Seat 1: zackypokey (button) folded before Flop (didn't bet)
Seat 2: HubertusB (small blind) folded before Flop
Seat 3: sqwerty12 (big blind) collected ($0.10)
Seat 4: P_chan08 folded before Flop (didn't bet)
Seat 5: shisuke408 folded before Flop (didn't bet)
Seat 6: gamedore folded before Flop (didn't bet)



PokerStars Hand #174029674852:  Hold'em No Limit ($0.05/$0.10) - 2017/08/07 20:11:58 CCT [2017/08/07 8:11:58 ET]
Table 'Aludra' 6-max Seat #1 is the button
Seat 1: _-BATRIM-_ ($9.80 in chips) 
Seat 2: pool_king111 ($10.48 in chips) 
Seat 3: konotop84 ($9.12 in chips) 
Seat 4: HubertusB ($10 in chips) 
Seat 5: dh4ls1m ($10 in chips) 
Seat 6: PetaPockets ($22.20 in chips) 
pool_king111: posts small blind $0.05
konotop84: posts big blind $0.10
*** HOLE CARDS ***
Dealt to HubertusB [3d 4c]
HubertusB: folds 
dh4ls1m: folds 
PetaPockets: raises $0.10 to $0.20
_-BATRIM-_: folds 
pool_king111: folds 
konotop84: folds 
Uncalled bet ($0.10) returned to PetaPockets
PetaPockets collected $0.25 from pot
PetaPockets: doesn't show hand 
*** SUMMARY ***
Total pot $0.25 | Rake $0 
Seat 1: _-BATRIM-_ (button) folded before Flop (didn't bet)
Seat 2: pool_king111 (small blind) folded before Flop
Seat 3: konotop84 (big blind) folded before Flop
Seat 4: HubertusB folded before Flop (didn't bet)
Seat 5: dh4ls1m folded before Flop (didn't bet)
Seat 6: PetaPockets collected ($0.25)



PokerStars Hand #174029678821:  Hold'em No Limit ($0.05/$0.10) - 2017/08/07 20:12:07 CCT [2017/08/07 8:12:07 ET]
Table 'Aludra' 6-max Seat #1 is the button
Seat 1: KuroNamako ($21.12 in chips) 
Seat 2: Jim Hopens ($10 in chips) 
Seat 3: HubertusB ($9.95 in chips) 
Seat 4: Dteam-92 ($10 in chips) 
Seat 5: kala222 ($10.42 in chips) 
Seat 6: Gostina ($18.25 in chips) 
Jim Hopens: posts small blind $0.05
HubertusB: posts big blind $0.10
*** HOLE CARDS ***
Dealt to HubertusB [Kh Qh]
Dteam-92: raises $0.15 to $0.25
kala222: folds 
Gostina: raises $0.65 to $0.90
KuroNamako: folds 
Jim Hopens: folds 
HubertusB: folds 
Dteam-92: folds 
Uncalled bet ($0.65) returned to Gostina
Gostina collected $0.65 from pot
Gostina: doesn't show hand 
*** SUMMARY ***
Total pot $0.65 | Rake $0 
Seat 1: KuroNamako (button) folded before Flop (didn't bet)
Seat 2: Jim Hopens (small blind) folded before Flop
Seat 3: HubertusB (big blind) folded before Flop
Seat 4: Dteam-92 folded before Flop
Seat 5: kala222 folded before Flop (didn't bet)
Seat 6: Gostina collected ($0.65)



PokerStars Hand #174029663383:  Hold'em No Limit ($0.05/$0.10) - 2017/08/07 20:11:32 CCT [2017/08/07 8:11:32 ET]
Table 'Aludra' 6-max Seat #1 is the button
Seat 1: MayaPattaya ($10.20 in chips) 
Seat 2: cozul ($10.29 in chips) 
Seat 3: gogref93 ($8.92 in chips) 
Seat 4: Andronius99 ($10.15 in chips) 
Seat 5: HubertusB ($10.05 in chips) 
Seat 6: scaav ($24.03 in chips) 
cozul: posts small blind $0.05
gogref93: posts big blind $0.10
*** HOLE CARDS ***
Dealt to HubertusB [5d 9s]
Andronius99: raises $0.20 to $0.30
HubertusB: folds 
scaav: folds 
MayaPattaya: calls $0.30
cozul: calls $0.25
gogref93: folds 
*** FLOP *** [2c Qc Tc]
cozul: checks 
Andronius99: checks 
MayaPattaya: checks 
*** TURN *** [2c Qc Tc] [6h]
cozul: checks 
Andronius99: bets $0.74
MayaPattaya: calls $0.74
cozul: folds 
*** RIVER *** [2c Qc Tc 6h] [Td]
Andronius99: bets $1.19
MayaPattaya: folds 
Uncalled bet ($1.19) returned to Andronius99
Andronius99 collected $2.37 from pot
Andronius99: doesn't show hand 
*** SUMMARY ***
Total pot $2.48 | Rake $0.11 
Board [2c Qc Tc 6h Td]
Seat 1: MayaPattaya (button) folded on the River
Seat 2: cozul (small blind) folded on the Turn
Seat 3: gogref93 (big blind) folded before Flop
Seat 4: Andronius99 collected ($2.37)
Seat 5: HubertusB folded before Flop (didn't bet)
Seat 6: scaav folded before Flop (didn't bet)



PokerStars Hand #174029687121:  Hold'em No Limit ($0.05/$0.10) - 2017/08/07 20:12:26 CCT [2017/08/07 8:12:26 ET]
Table 'Aludra' 6-max Seat #1 is the button
Seat 1: legendarym4x ($10 in chips) 
Seat 2: JohnStrannik ($10 in chips) 
Seat 3: afrika14 ($10.28 in chips) 
Seat 4: LoveL0lita ($10 in chips) 
Seat 5: EvgenMSN ($15.51 in chips) 
Seat 6: HubertusB ($9.85 in chips) 
JohnStrannik: posts small blind $0.05
afrika14: posts big blind $0.10
*** HOLE CARDS ***
Dealt to HubertusB [Th Js]
LoveL0lita: folds 
EvgenMSN: folds 
HubertusB: folds 
legendarym4x: folds 
JohnStrannik: folds 
Uncalled bet ($0.05) returned to afrika14
afrika14 collected $0.10 from pot
afrika14: doesn't show hand 
*** SUMMARY ***
Total pot $0.10 | Rake $0 
Seat 1: legendarym4x (button) folded before Flop (didn't bet)
Seat 2: JohnStrannik (small blind) folded before Flop
Seat 3: afrika14 (big blind) collected ($0.10)
Seat 4: LoveL0lita folded before Flop (didn't bet)
Seat 5: EvgenMSN folded before Flop (didn't bet)
Seat 6: HubertusB folded before Flop (didn't bet)



PokerStars Hand #174029690200:  Hold'em No Limit ($0.05/$0.10) - 2017/08/07 20:12:33 CCT [2017/08/07 8:12:33 ET]
Table 'Aludra' 6-max Seat #1 is the button
Seat 1: HubertusB ($9.85 in chips) 
Seat 2: halfbuck1 ($9.91 in chips) 
Seat 3: zmi331 ($10.60 in chips) 
Seat 4: robne1980 ($11.35 in chips) 
Seat 5: sanjoh ($9.06 in chips) 
Seat 6: legendarym4x ($10 in chips) 
halfbuck1: posts small blind $0.05
zmi331: posts big blind $0.10
*** HOLE CARDS ***
Dealt to HubertusB [4d 6h]
robne1980: folds 
sanjoh: folds 
legendarym4x: folds 
HubertusB: folds 
halfbuck1: folds 
Uncalled bet ($0.05) returned to zmi331
zmi331 collected $0.10 from pot
zmi331: doesn't show hand 
*** SUMMARY ***
Total pot $0.10 | Rake $0 
Seat 1: HubertusB (button) folded before Flop (didn't bet)
Seat 2: halfbuck1 (small blind) folded before Flop
Seat 3: zmi331 (big blind) collected ($0.10)
Seat 4: robne1980 folded before Flop (didn't bet)
Seat 5: sanjoh folded before Flop (didn't bet)
Seat 6: legendarym4x folded before Flop (didn't bet)



PokerStars Hand #174029692365:  Hold'em No Limit ($0.05/$0.10) - 2017/08/07 20:12:38 CCT [2017/08/07 8:12:38 ET]
Table 'Aludra' 6-max Seat #1 is the button
Seat 1: Andronius99 ($11.14 in chips) 
Seat 2: Sevenfold85 ($11.38 in chips) 
Seat 3: Jack1274 ($10.40 in chips) 
Seat 4: justMaestro ($20.77 in chips) 
Seat 5: HubertusB ($9.85 in chips) 
Seat 6: ckostt ($12.89 in chips) 
Sevenfold85: posts small blind $0.05
Jack1274: posts big blind $0.10
*** HOLE CARDS ***
Dealt to HubertusB [9h 8h]
justMaestro: folds 
HubertusB: raises $0.16 to $0.26
ckostt: folds 
Andronius99: calls $0.26
Sevenfold85: folds 
Jack1274: folds 
*** FLOP *** [9c Qs 3s]
HubertusB: checks 
Andronius99: bets $0.49
HubertusB: calls $0.49
*** TURN *** [9c Qs 3s] [5d]
HubertusB: checks 
Andronius99: checks 
*** RIVER *** [9c Qs 3s 5d] [Ac]
HubertusB: checks 
Andronius99: bets $0.90
HubertusB: calls $0.90
*** SHOW DOWN ***
Andronius99: shows [Ah 3h] (two pair, Aces and Threes)
HubertusB: mucks hand 
Andronius99 collected $3.29 from pot
*** SUMMARY ***
Total pot $3.45 | Rake $0.16 
Board [9c Qs 3s 5d Ac]
Seat 1: Andronius99 (button) showed [Ah 3h] and won ($3.29) with two pair, Aces and Threes
Seat 2: Sevenfold85 (small blind) folded before Flop
Seat 3: Jack1274 (big blind) folded before Flop
Seat 4: justMaestro folded before Flop (didn't bet)
Seat 5: HubertusB mucked [9h 8h]
Seat 6: ckostt folded before Flop (didn't bet)



PokerStars Hand #174029724660:  Hold'em No Limit ($0.05/$0.10) - 2017/08/07 20:13:52 CCT [2017/08/07 8:13:52 ET]
Table 'Aludra' 6-max Seat #1 is the button
Seat 1: leo12348888 ($7.12 in chips) 
Seat 2: HubertusB ($8.20 in chips) 
Seat 3: zackypokey ($13.51 in chips) 
Seat 4: klopen1982 ($12.98 in chips) 
Seat 5: TTONYX27 ($7.67 in chips) 
Seat 6: hassofass000 ($11.95 in chips) 
HubertusB: posts small blind $0.05
zackypokey: posts big blind $0.10
*** HOLE CARDS ***
Dealt to HubertusB [Kc 8d]
klopen1982: folds 
TTONYX27: folds 
hassofass000: folds 
leo12348888: calls $0.10
HubertusB: folds 
zackypokey: checks 
*** FLOP *** [6h Qh 4s]
zackypokey: checks 
leo12348888: bets $0.10
zackypokey: folds 
Uncalled bet ($0.10) returned to leo12348888
leo12348888 collected $0.24 from pot
leo12348888: doesn't show hand 
*** SUMMARY ***
Total pot $0.25 | Rake $0.01 
Board [6h Qh 4s]
Seat 1: leo12348888 (button) collected ($0.24)
Seat 2: HubertusB (small blind) folded before Flop
Seat 3: zackypokey (big blind) folded on the Flop
Seat 4: klopen1982 folded before Flop (didn't bet)
Seat 5: TTONYX27 folded before Flop (didn't bet)
Seat 6: hassofass000 folded before Flop (didn't bet)



PokerStars Hand #174029726855:  Hold'em No Limit ($0.05/$0.10) - 2017/08/07 20:13:57 CCT [2017/08/07 8:13:57 ET]
Table 'Aludra' 6-max Seat #1 is the button
Seat 1: DellClasher ($33.46 in chips) 
Seat 2: IBB13 ($13.02 in chips) 
Seat 3: HubertusB ($8.15 in chips) 
Seat 4: DAN74DAN ($16.02 in chips) 
Seat 5: simple s0o ($18.81 in chips) 
Seat 6: Jim Hopens ($10.33 in chips) 
IBB13: posts small blind $0.05
HubertusB: posts big blind $0.10
*** HOLE CARDS ***
Dealt to HubertusB [Kc 3c]
DAN74DAN: folds 
simple s0o: raises $0.20 to $0.30
Jim Hopens: folds 
DellClasher: folds 
IBB13: calls $0.25
HubertusB: folds 
*** FLOP *** [Jc 4c 9h]
IBB13: checks 
simple s0o: bets $0.22
IBB13: calls $0.22
*** TURN *** [Jc 4c 9h] [6h]
IBB13: checks 
simple s0o: checks 
*** RIVER *** [Jc 4c 9h 6h] [Ks]
IBB13: checks 
simple s0o: checks 
*** SHOW DOWN ***
IBB13: shows [As 9c] (a pair of Nines)
simple s0o: mucks hand 
IBB13 collected $1.09 from pot
*** SUMMARY ***
Total pot $1.14 | Rake $0.05 
Board [Jc 4c 9h 6h Ks]
Seat 1: DellClasher (button) folded before Flop (didn't bet)
Seat 2: IBB13 (small blind) showed [As 9c] and won ($1.09) with a pair of Nines
Seat 3: HubertusB (big blind) folded before Flop
Seat 4: DAN74DAN folded before Flop (didn't bet)
Seat 5: simple s0o mucked [Ac Th]
Seat 6: Jim Hopens folded before Flop (didn't bet)



PokerStars Hand #174029733325:  Hold'em No Limit ($0.05/$0.10) - 2017/08/07 20:14:12 CCT [2017/08/07 8:14:12 ET]
Table 'Aludra' 6-max Seat #1 is the button
Seat 1: HubertusB ($8.05 in chips) 
Seat 2: LuckyMadnS ($9.09 in chips) 
Seat 3: cozul ($17.94 in chips) 
Seat 4: hitniks ($10.94 in chips) 
Seat 5: sanjoh ($8.93 in chips) 
Seat 6: ErdemMis ($14.92 in chips) 
LuckyMadnS: posts small blind $0.05
cozul: posts big blind $0.10
*** HOLE CARDS ***
Dealt to HubertusB [Kc Qh]
hitniks: raises $0.15 to $0.25
sanjoh: folds 
ErdemMis: folds 
HubertusB: calls $0.25
LuckyMadnS: folds 
cozul: calls $0.15
*** FLOP *** [5h Js Ad]
cozul: checks 
hitniks: checks 
HubertusB: bets $0.60
cozul: folds 
hitniks: calls $0.60
*** TURN *** [5h Js Ad] [Ac]
hitniks: checks 
HubertusB: checks 
*** RIVER *** [5h Js Ad Ac] [2s]
hitniks: checks 
HubertusB: checks 
*** SHOW DOWN ***
hitniks: shows [As Ts] (three of a kind, Aces)
HubertusB: mucks hand 
hitniks collected $1.91 from pot
*** SUMMARY ***
Total pot $2 | Rake $0.09 
Board [5h Js Ad Ac 2s]
Seat 1: HubertusB (button) mucked [Kc Qh]
Seat 2: LuckyMadnS (small blind) folded before Flop
Seat 3: cozul (big blind) folded on the Flop
Seat 4: hitniks showed [As Ts] and won ($1.91) with three of a kind, Aces
Seat 5: sanjoh folded before Flop (didn't bet)
Seat 6: ErdemMis folded before Flop (didn't bet)



PokerStars Hand #174029762203:  Hold'em No Limit ($0.05/$0.10) - 2017/08/07 20:15:18 CCT [2017/08/07 8:15:18 ET]
Table 'Aludra' 6-max Seat #1 is the button
Seat 1: Nikola0412 ($14.73 in chips) 
Seat 2: 4ofakind1489 ($14.34 in chips) 
Seat 3: Pat.San.12 ($7.97 in chips) 
Seat 4: nikbelal ($12.63 in chips) 
Seat 5: HubertusB ($7.20 in chips) 
Seat 6: nervhy ($13.12 in chips) 
4ofakind1489: posts small blind $0.05
Pat.San.12: posts big blind $0.10
*** HOLE CARDS ***
Dealt to HubertusB [9c Qd]
nikbelal: folds 
HubertusB: folds 
nervhy: folds 
Nikola0412: folds 
4ofakind1489: raises $0.20 to $0.30
Pat.San.12: folds 
Uncalled bet ($0.20) returned to 4ofakind1489
4ofakind1489 collected $0.20 from pot
4ofakind1489: doesn't show hand 
*** SUMMARY ***
Total pot $0.20 | Rake $0 
Seat 1: Nikola0412 (button) folded before Flop (didn't bet)
Seat 2: 4ofakind1489 (small blind) collected ($0.20)
Seat 3: Pat.San.12 (big blind) folded before Flop
Seat 4: nikbelal folded before Flop (didn't bet)
Seat 5: HubertusB folded before Flop (didn't bet)
Seat 6: nervhy folded before Flop (didn't bet)



PokerStars Hand #174029772299:  Hold'em No Limit ($0.05/$0.10) - 2017/08/07 20:15:41 CCT [2017/08/07 8:15:41 ET]
Table 'Aludra' 6-max Seat #1 is the button
Seat 1: shisuke408 ($19.97 in chips) 
Seat 2: maksim8202 ($4.30 in chips) 
Seat 3: HubertusB ($7.20 in chips) 
Seat 4: Andronius99 ($10.71 in chips) 
Seat 5: fantasyluo ($10.15 in chips) 
Seat 6: eskymash ($11.69 in chips) 
maksim8202: posts small blind $0.05
HubertusB: posts big blind $0.10
*** HOLE CARDS ***
Dealt to HubertusB [2h Th]
Andronius99: folds 
fantasyluo: folds 
eskymash: raises $0.20 to $0.30
shisuke408: folds 
maksim8202: folds 
HubertusB: folds 
Uncalled bet ($0.20) returned to eskymash
eskymash collected $0.25 from pot
eskymash: doesn't show hand 
*** SUMMARY ***
Total pot $0.25 | Rake $0 
Seat 1: shisuke408 (button) folded before Flop (didn't bet)
Seat 2: maksim8202 (small blind) folded before Flop
Seat 3: HubertusB (big blind) folded before Flop
Seat 4: Andronius99 folded before Flop (didn't bet)
Seat 5: fantasyluo folded before Flop (didn't bet)
Seat 6: eskymash collected ($0.25)



PokerStars Hand #174029766917:  Hold'em No Limit ($0.05/$0.10) - 2017/08/07 20:15:29 CCT [2017/08/07 8:15:29 ET]
Table 'Aludra' 6-max Seat #1 is the button
Seat 1: Jack1274 ($10 in chips) 
Seat 2: wandayuu ($14.55 in chips) 
Seat 3: LuckyMadnS ($9.51 in chips) 
Seat 4: HubertusB ($7.20 in chips) 
Seat 5: kala222 ($10 in chips) 
Seat 6: Maniac140689 ($12.52 in chips) 
wandayuu: posts small blind $0.05
LuckyMadnS: posts big blind $0.10
*** HOLE CARDS ***
Dealt to HubertusB [Jc 7d]
HubertusB: folds 
kala222: folds 
Maniac140689: raises $0.15 to $0.25
Jack1274: folds 
wandayuu: folds 
LuckyMadnS: calls $0.15
*** FLOP *** [Tc Ts 6d]
LuckyMadnS: checks 
Maniac140689: checks 
*** TURN *** [Tc Ts 6d] [Jh]
LuckyMadnS: checks 
Maniac140689: checks 
*** RIVER *** [Tc Ts 6d Jh] [Js]
LuckyMadnS: checks 
Maniac140689: checks 
*** SHOW DOWN ***
LuckyMadnS: shows [8d 8h] (two pair, Jacks and Tens)
Maniac140689: shows [Ac 2c] (two pair, Jacks and Tens - Ace kicker)
Maniac140689 collected $0.53 from pot
*** SUMMARY ***
Total pot $0.55 | Rake $0.02 
Board [Tc Ts 6d Jh Js]
Seat 1: Jack1274 (button) folded before Flop (didn't bet)
Seat 2: wandayuu (small blind) folded before Flop
Seat 3: LuckyMadnS (big blind) showed [8d 8h] and lost with two pair, Jacks and Tens
Seat 4: HubertusB folded before Flop (didn't bet)
Seat 5: kala222 folded before Flop (didn't bet)
Seat 6: Maniac140689 showed [Ac 2c] and won ($0.53) with two pair, Jacks and Tens



PokerStars Hand #174029764345:  Hold'em No Limit ($0.05/$0.10) - 2017/08/07 20:15:23 CCT [2017/08/07 8:15:23 ET]
Table 'Aludra' 6-max Seat #1 is the button
Seat 1: jonathan8963 ($13.60 in chips) 
Seat 2: divine_star1 ($9.64 in chips) 
Seat 3: jingles890 ($20.59 in chips) 
Seat 4: 0Darkman0 ($16.49 in chips) 
Seat 5: wai822 ($14.43 in chips) 
Seat 6: HubertusB ($7.20 in chips) 
divine_star1: posts small blind $0.05
jingles890: posts big blind $0.10
*** HOLE CARDS ***
Dealt to HubertusB [Tc Qh]
0Darkman0: folds 
wai822: folds 
HubertusB: folds 
jonathan8963: raises $0.15 to $0.25
divine_star1: calls $0.20
jingles890: folds 
*** FLOP *** [7c 2s 3s]
divine_star1: checks 
jonathan8963: checks 
*** TURN *** [7c 2s 3s] [Qs]
divine_star1: bets $0.30
jonathan8963: calls $0.30
*** RIVER *** [7c 2s 3s Qs] [9h]
divine_star1: bets $0.58
jonathan8963: calls $0.58
*** SHOW DOWN ***
divine_star1: shows [Qc Jc] (a pair of Queens)
jonathan8963: shows [As Qd] (a pair of Queens - Ace kicker)
jonathan8963 collected $2.25 from pot
*** SUMMARY ***
Total pot $2.36 | Rake $0.11 
Board [7c 2s 3s Qs 9h]
Seat 1: jonathan8963 (button) showed [As Qd] and won ($2.25) with a pair of Queens
Seat 2: divine_star1 (small blind) showed [Qc Jc] and lost with a pair of Queens
Seat 3: jingles890 (big blind) folded before Flop
Seat 4: 0Darkman0 folded before Flop (didn't bet)
Seat 5: wai822 folded before Flop (didn't bet)
Seat 6: HubertusB folded before Flop (didn't bet)



PokerStars Hand #174029769211:  Hold'em No Limit ($0.05/$0.10) - 2017/08/07 20:15:34 CCT [2017/08/07 8:15:34 ET]
Table 'Aludra' 6-max Seat #1 is the button
Seat 1: BigBadaBoom8 ($20.04 in chips) 
Seat 2: bluffshanx ($13.25 in chips) 
Seat 3: 4ofakind1489 ($18.39 in chips) 
Seat 4: HubertusB ($7.20 in chips) 
Seat 5: morihouse ($8.92 in chips) 
Seat 6: shisuke408 ($19.97 in chips) 
bluffshanx: posts small blind $0.05
4ofakind1489: posts big blind $0.10
*** HOLE CARDS ***
Dealt to HubertusB [3h 7h]
HubertusB: folds 
morihouse: folds 
shisuke408: folds 
BigBadaBoom8: raises $0.15 to $0.25
bluffshanx: folds 
4ofakind1489: calls $0.15
*** FLOP *** [2s 2d 2h]
4ofakind1489: checks 
BigBadaBoom8: bets $0.18
4ofakind1489: calls $0.18
*** TURN *** [2s 2d 2h] [Qs]
4ofakind1489: checks 
BigBadaBoom8: checks 
*** RIVER *** [2s 2d 2h Qs] [4d]
4ofakind1489: checks 
BigBadaBoom8: checks 
*** SHOW DOWN ***
4ofakind1489: shows [7s Ah] (three of a kind, Deuces)
BigBadaBoom8: mucks hand 
4ofakind1489 collected $0.87 from pot
*** SUMMARY ***
Total pot $0.91 | Rake $0.04 
Board [2s 2d 2h Qs 4d]
Seat 1: BigBadaBoom8 (button) mucked [Kh Jh]
Seat 2: bluffshanx (small blind) folded before Flop
Seat 3: 4ofakind1489 (big blind) showed [7s Ah] and won ($0.87) with three of a kind, Deuces
Seat 4: HubertusB folded before Flop (didn't bet)
Seat 5: morihouse folded before Flop (didn't bet)
Seat 6: shisuke408 folded before Flop (didn't bet)



PokerStars Hand #174029781960:  Hold'em No Limit ($0.05/$0.10) - 2017/08/07 20:16:03 CCT [2017/08/07 8:16:03 ET]
Table 'Aludra' 6-max Seat #1 is the button
Seat 1: Marka555 ($21.64 in chips) 
Seat 2: Disco2148 ($2.49 in chips) 
Seat 3: s1_KIDO ($8.62 in chips) 
Seat 4: Maryjoseph18 ($10.04 in chips) 
Seat 5: fistel ($20.25 in chips) 
Seat 6: HubertusB ($7.05 in chips) 
Disco2148: posts small blind $0.05
s1_KIDO: posts big blind $0.10
*** HOLE CARDS ***
Dealt to HubertusB [3d Td]
Maryjoseph18: folds 
fistel: folds 
HubertusB: folds 
Marka555: folds 
Disco2148: raises $0.10 to $0.20
s1_KIDO: folds 
Uncalled bet ($0.10) returned to Disco2148
Disco2148 collected $0.20 from pot
Disco2148: doesn't show hand 
*** SUMMARY ***
Total pot $0.20 | Rake $0 
Seat 1: Marka555 (button) folded before Flop (didn't bet)
Seat 2: Disco2148 (small blind) collected ($0.20)
Seat 3: s1_KIDO (big blind) folded before Flop
Seat 4: Maryjoseph18 folded before Flop (didn't bet)
Seat 5: fistel folded before Flop (didn't bet)
Seat 6: HubertusB folded before Flop (didn't bet)



PokerStars Hand #174029777167:  Hold'em No Limit ($0.05/$0.10) - 2017/08/07 20:15:52 CCT [2017/08/07 8:15:52 ET]
Table 'Aludra' 6-max Seat #1 is the button
Seat 1: scaav ($10.59 in chips) 
Seat 2: shisuke408 ($19.97 in chips) 
Seat 3: Valerich8 ($35.94 in chips) 
Seat 4: afrika14 ($12.63 in chips) 
Seat 5: HubertusB ($7.10 in chips) 
Seat 6: Riyadh1985 ($7.89 in chips) 
shisuke408: posts small blind $0.05
Valerich8: posts big blind $0.10
*** HOLE CARDS ***
Dealt to HubertusB [Qh 6h]
afrika14: folds 
HubertusB: folds 
Riyadh1985: raises $0.20 to $0.30
scaav: calls $0.30
shisuke408: folds 
Valerich8: folds 
*** FLOP *** [3h Th Qd]
Riyadh1985: checks 
scaav: bets $0.48
Riyadh1985: folds 
Uncalled bet ($0.48) returned to scaav
scaav collected $0.72 from pot
scaav: doesn't show hand 
*** SUMMARY ***
Total pot $0.75 | Rake $0.03 
Board [3h Th Qd]
Seat 1: scaav (button) collected ($0.72)
Seat 2: shisuke408 (small blind) folded before Flop
Seat 3: Valerich8 (big blind) folded before Flop
Seat 4: afrika14 folded before Flop (didn't bet)
Seat 5: HubertusB folded before Flop (didn't bet)
Seat 6: Riyadh1985 folded on the Flop



PokerStars Hand #174029780197:  Hold'em No Limit ($0.05/$0.10) - 2017/08/07 20:15:59 CCT [2017/08/07 8:15:59 ET]
Table 'Aludra' 6-max Seat #1 is the button
Seat 1: DJ_Maniac385 ($24.23 in chips) 
Seat 2: HubertusB ($7.10 in chips) 
Seat 3: rbenall ($18.84 in chips) 
Seat 4: ckostt ($10.25 in chips) 
Seat 5: bigfreddo86 ($13.37 in chips) 
Seat 6: rhinoplastie ($7.21 in chips) 
HubertusB: posts small blind $0.05
rbenall: posts big blind $0.10
*** HOLE CARDS ***
Dealt to HubertusB [Jd 8c]
ckostt: raises $0.20 to $0.30
bigfreddo86: folds 
rhinoplastie: calls $0.30
DJ_Maniac385: folds 
HubertusB: folds 
rbenall: folds 
*** FLOP *** [3c 6c 7h]
ckostt: checks 
rhinoplastie: checks 
*** TURN *** [3c 6c 7h] [Qs]
ckostt: bets $0.50
rhinoplastie: folds 
Uncalled bet ($0.50) returned to ckostt
ckostt collected $0.72 from pot
ckostt: doesn't show hand 
*** SUMMARY ***
Total pot $0.75 | Rake $0.03 
Board [3c 6c 7h Qs]
Seat 1: DJ_Maniac385 (button) folded before Flop (didn't bet)
Seat 2: HubertusB (small blind) folded before Flop
Seat 3: rbenall (big blind) folded before Flop
Seat 4: ckostt collected ($0.72)
Seat 5: bigfreddo86 folded before Flop (didn't bet)
Seat 6: rhinoplastie folded on the Turn



PokerStars Hand #174029784596:  Hold'em No Limit ($0.05/$0.10) - 2017/08/07 20:16:09 CCT [2017/08/07 8:16:09 ET]
Table 'Aludra' 6-max Seat #1 is the button
Seat 1: HubertusB ($7.05 in chips) 
Seat 2: gewinner47 ($28.51 in chips) 
Seat 3: zmi331 ($10.39 in chips) 
Seat 4: cozul ($15.01 in chips) 
Seat 5: MisterFotov ($8.22 in chips) 
Seat 6: kala222 ($10.10 in chips) 
gewinner47: posts small blind $0.05
zmi331: posts big blind $0.10
*** HOLE CARDS ***
Dealt to HubertusB [4h Ah]
cozul: folds 
MisterFotov: folds 
kala222: raises $0.12 to $0.22
HubertusB: calls $0.22
gewinner47: folds 
zmi331: folds 
*** FLOP *** [7s Js 4d]
kala222: checks 
HubertusB: bets $0.31
kala222: folds 
Uncalled bet ($0.31) returned to HubertusB
HubertusB collected $0.56 from pot
HubertusB: doesn't show hand 
*** SUMMARY ***
Total pot $0.59 | Rake $0.03 
Board [7s Js 4d]
Seat 1: HubertusB (button) collected ($0.56)
Seat 2: gewinner47 (small blind) folded before Flop
Seat 3: zmi331 (big blind) folded before Flop
Seat 4: cozul folded before Flop (didn't bet)
Seat 5: MisterFotov folded before Flop (didn't bet)
Seat 6: kala222 folded on the Flop



PokerStars Hand #174029798887:  Hold'em No Limit ($0.05/$0.10) - 2017/08/07 20:16:41 CCT [2017/08/07 8:16:41 ET]
Table 'Aludra' 6-max Seat #1 is the button
Seat 1: TTONYX27 ($6.67 in chips) 
Seat 2: HubertusB ($7.39 in chips) 
Seat 3: Andronius99 ($10.56 in chips) 
Seat 4: jason032323 ($12.29 in chips) 
Seat 5: morihouse ($25.58 in chips) 
Seat 6: simple s0o ($12.80 in chips) 
HubertusB: posts small blind $0.05
Andronius99: posts big blind $0.10
*** HOLE CARDS ***
Dealt to HubertusB [6s Ad]
jason032323: folds 
morihouse: folds 
simple s0o: folds 
TTONYX27: folds 
HubertusB: folds 
Uncalled bet ($0.05) returned to Andronius99
Andronius99 collected $0.10 from pot
Andronius99: doesn't show hand 
*** SUMMARY ***
Total pot $0.10 | Rake $0 
Seat 1: TTONYX27 (button) folded before Flop (didn't bet)
Seat 2: HubertusB (small blind) folded before Flop
Seat 3: Andronius99 (big blind) collected ($0.10)
Seat 4: jason032323 folded before Flop (didn't bet)
Seat 5: morihouse folded before Flop (didn't bet)
Seat 6: simple s0o folded before Flop (didn't bet)



PokerStars Hand #174029801133:  Hold'em No Limit ($0.05/$0.10) - 2017/08/07 20:16:46 CCT [2017/08/07 8:16:46 ET]
Table 'Aludra' 6-max Seat #1 is the button
Seat 1: Count74 ($11.23 in chips) 
Seat 2: Nikola0412 ($7.78 in chips) 
Seat 3: HubertusB ($7.34 in chips) 
Seat 4: simple s0o ($10 in chips) 
Seat 5: Larisa0705 ($9.88 in chips) 
Seat 6: snamon ($11.46 in chips) 
Nikola0412: posts small blind $0.05
HubertusB: posts big blind $0.10
*** HOLE CARDS ***
Dealt to HubertusB [7s 8h]
simple s0o: folds 
Larisa0705: folds 
snamon: folds 
Count74: raises $0.20 to $0.30
Nikola0412: raises $0.70 to $1
HubertusB: folds 
Count74: folds 
Uncalled bet ($0.70) returned to Nikola0412
Nikola0412 collected $0.70 from pot
Nikola0412: doesn't show hand 
*** SUMMARY ***
Total pot $0.70 | Rake $0 
Seat 1: Count74 (button) folded before Flop
Seat 2: Nikola0412 (small blind) collected ($0.70)
Seat 3: HubertusB (big blind) folded before Flop
Seat 4: simple s0o folded before Flop (didn't bet)
Seat 5: Larisa0705 folded before Flop (didn't bet)
Seat 6: snamon folded before Flop (didn't bet)



PokerStars Hand #174029810151:  Hold'em No Limit ($0.05/$0.10) - 2017/08/07 20:17:06 CCT [2017/08/07 8:17:06 ET]
Table 'Aludra' 6-max Seat #1 is the button
Seat 1: afrika14 ($10.15 in chips) 
Seat 2: HyperFail ($7.69 in chips) 
Seat 3: simple s0o ($12.95 in chips) 
Seat 4: HubertusB ($7.24 in chips) 
Seat 5: cerberi ($8.62 in chips) 
Seat 6: Mr_Bobofruit ($21.55 in chips) 
HyperFail: posts small blind $0.05
simple s0o: posts big blind $0.10
*** HOLE CARDS ***
Dealt to HubertusB [Tc Qd]
HubertusB: folds 
cerberi: folds 
Mr_Bobofruit: folds 
afrika14: folds 
HyperFail: folds 
Uncalled bet ($0.05) returned to simple s0o
simple s0o collected $0.10 from pot
simple s0o: doesn't show hand 
*** SUMMARY ***
Total pot $0.10 | Rake $0 
Seat 1: afrika14 (button) folded before Flop (didn't bet)
Seat 2: HyperFail (small blind) folded before Flop
Seat 3: simple s0o (big blind) collected ($0.10)
Seat 4: HubertusB folded before Flop (didn't bet)
Seat 5: cerberi folded before Flop (didn't bet)
Seat 6: Mr_Bobofruit folded before Flop (didn't bet)



PokerStars Hand #174029807880:  Hold'em No Limit ($0.05/$0.10) - 2017/08/07 20:17:01 CCT [2017/08/07 8:17:01 ET]
Table 'Aludra' 6-max Seat #1 is the button
Seat 1: glossy.udval ($20.01 in chips) 
Seat 2: thecrow1313 ($33.39 in chips) 
Seat 3: okieh1 ($6.97 in chips) 
Seat 4: sanjoh ($6.19 in chips) 
Seat 5: cotyara1986 ($10.19 in chips) 
Seat 6: HubertusB ($7.24 in chips) 
thecrow1313: posts small blind $0.05
okieh1: posts big blind $0.10
*** HOLE CARDS ***
Dealt to HubertusB [Kd 4h]
sanjoh: folds 
cotyara1986: folds 
HubertusB: folds 
glossy.udval: raises $0.20 to $0.30
thecrow1313: folds 
okieh1: calls $0.20
*** FLOP *** [3s Th Ad]
okieh1: bets $0.50
glossy.udval: calls $0.50
*** TURN *** [3s Th Ad] [Jh]
okieh1: bets $0.50
glossy.udval: calls $0.50
*** RIVER *** [3s Th Ad Jh] [Kc]
okieh1: checks 
glossy.udval: checks 
*** SHOW DOWN ***
okieh1: shows [4c 4d] (a pair of Fours)
glossy.udval: shows [9s Ac] (a pair of Aces)
glossy.udval collected $2.53 from pot
*** SUMMARY ***
Total pot $2.65 | Rake $0.12 
Board [3s Th Ad Jh Kc]
Seat 1: glossy.udval (button) showed [9s Ac] and won ($2.53) with a pair of Aces
Seat 2: thecrow1313 (small blind) folded before Flop
Seat 3: okieh1 (big blind) showed [4c 4d] and lost with a pair of Fours
Seat 4: sanjoh folded before Flop (didn't bet)
Seat 5: cotyara1986 folded before Flop (didn't bet)
Seat 6: HubertusB folded before Flop (didn't bet)



PokerStars Hand #174029815434:  Hold'em No Limit ($0.05/$0.10) - 2017/08/07 20:17:18 CCT [2017/08/07 8:17:18 ET]
Table 'Aludra' 6-max Seat #1 is the button
Seat 1: cubord15 ($7.59 in chips) 
Seat 2: Larisa0705 ($9.75 in chips) 
Seat 3: HubertusB ($7.24 in chips) 
Seat 4: zmi331 ($10.10 in chips) 
Seat 5: 91053705 ($12.73 in chips) 
Seat 6: TROFIM.M ($2.72 in chips) 
Larisa0705: posts small blind $0.05
HubertusB: posts big blind $0.10
*** HOLE CARDS ***
Dealt to HubertusB [Kh 5d]
zmi331: folds 
91053705: raises $0.20 to $0.30
TROFIM.M: folds 
cubord15: folds 
Larisa0705: folds 
HubertusB: folds 
Uncalled bet ($0.20) returned to 91053705
91053705 collected $0.25 from pot
91053705: doesn't show hand 
*** SUMMARY ***
Total pot $0.25 | Rake $0 
Seat 1: cubord15 (button) folded before Flop (didn't bet)
Seat 2: Larisa0705 (small blind) folded before Flop
Seat 3: HubertusB (big blind) folded before Flop
Seat 4: zmi331 folded before Flop (didn't bet)
Seat 5: 91053705 collected ($0.25)
Seat 6: TROFIM.M folded before Flop (didn't bet)



PokerStars Hand #174029820025:  Hold'em No Limit ($0.05/$0.10) - 2017/08/07 20:17:28 CCT [2017/08/07 8:17:28 ET]
Table 'Aludra' 6-max Seat #1 is the button
Seat 1: CRAZYROFL ($9.95 in chips) 
Seat 2: shogi999 ($11.34 in chips) 
Seat 3: Maniac140689 ($26.48 in chips) 
Seat 4: 0Darkman0 ($16.98 in chips) 
Seat 5: HubertusB ($7.14 in chips) 
Seat 6: r6622005 ($21.24 in chips) 
shogi999: posts small blind $0.05
Maniac140689: posts big blind $0.10
*** HOLE CARDS ***
Dealt to HubertusB [3h 5h]
0Darkman0: folds 
HubertusB: folds 
r6622005: folds 
CRAZYROFL: folds 
shogi999: raises $0.20 to $0.30
Maniac140689: folds 
Uncalled bet ($0.20) returned to shogi999
shogi999 collected $0.20 from pot
shogi999: doesn't show hand 
*** SUMMARY ***
Total pot $0.20 | Rake $0 
Seat 1: CRAZYROFL (button) folded before Flop (didn't bet)
Seat 2: shogi999 (small blind) collected ($0.20)
Seat 3: Maniac140689 (big blind) folded before Flop
Seat 4: 0Darkman0 folded before Flop (didn't bet)
Seat 5: HubertusB folded before Flop (didn't bet)
Seat 6: r6622005 folded before Flop (didn't bet)



PokerStars Hand #174029822199:  Hold'em No Limit ($0.05/$0.10) - 2017/08/07 20:17:33 CCT [2017/08/07 8:17:33 ET]
Table 'Aludra' 6-max Seat #1 is the button
Seat 1: CRAZYROFL ($9.20 in chips) 
Seat 2: HubertusB ($7.14 in chips) 
Seat 3: Andronius99 ($11.07 in chips) 
Seat 4: thiusk ($12.85 in chips) 
Seat 5: zmi331 ($55.33 in chips) 
Seat 6: boito1978 ($10.74 in chips) 
HubertusB: posts small blind $0.05
Andronius99: posts big blind $0.10
*** HOLE CARDS ***
Dealt to HubertusB [2c 3d]
thiusk: folds 
zmi331: folds 
boito1978: folds 
CRAZYROFL: folds 
HubertusB: folds 
Uncalled bet ($0.05) returned to Andronius99
Andronius99 collected $0.10 from pot
Andronius99: doesn't show hand 
*** SUMMARY ***
Total pot $0.10 | Rake $0 
Seat 1: CRAZYROFL (button) folded before Flop (didn't bet)
Seat 2: HubertusB (small blind) folded before Flop
Seat 3: Andronius99 (big blind) collected ($0.10)
Seat 4: thiusk folded before Flop (didn't bet)
Seat 5: zmi331 folded before Flop (didn't bet)
Seat 6: boito1978 folded before Flop (didn't bet)



PokerStars Hand #174029812449:  Hold'em No Limit ($0.05/$0.10) - 2017/08/07 20:17:11 CCT [2017/08/07 8:17:11 ET]
Table 'Aludra' 6-max Seat #1 is the button
Seat 1: HubertusB ($7.24 in chips) 
Seat 2: CRAZYROFL ($9.25 in chips) 
Seat 3: mazipoli ($16.60 in chips) 
Seat 4: zloy_00 ($12.51 in chips) 
Seat 5: vekvil1 ($23.55 in chips) 
Seat 6: Jack1274 ($11.45 in chips) 
CRAZYROFL: posts small blind $0.05
mazipoli: posts big blind $0.10
*** HOLE CARDS ***
Dealt to HubertusB [Ad 6d]
zloy_00: folds 
vekvil1: raises $0.15 to $0.25
Jack1274: raises $0.65 to $0.90
HubertusB: folds 
CRAZYROFL: folds 
mazipoli: folds 
vekvil1: calls $0.65
*** FLOP *** [9s Qd 8s]
vekvil1: checks 
Jack1274: bets $1.50
vekvil1: raises $21.15 to $22.65 and is all-in
Jack1274: folds 
Uncalled bet ($21.15) returned to vekvil1
vekvil1 collected $4.73 from pot
vekvil1: doesn't show hand 
*** SUMMARY ***
Total pot $4.95 | Rake $0.22 
Board [9s Qd 8s]
Seat 1: HubertusB (button) folded before Flop (didn't bet)
Seat 2: CRAZYROFL (small blind) folded before Flop
Seat 3: mazipoli (big blind) folded before Flop
Seat 4: zloy_00 folded before Flop (didn't bet)
Seat 5: vekvil1 collected ($4.73)
Seat 6: Jack1274 folded on the Flop



PokerStars Hand #174029828909:  Hold'em No Limit ($0.05/$0.10) - 2017/08/07 20:17:48 CCT [2017/08/07 8:17:48 ET]
Table 'Aludra' 6-max Seat #1 is the button
Seat 1: siros777 ($2.65 in chips) 
Seat 2: GrrGrrGrauw ($11.26 in chips) 
Seat 3: simple s0o ($17.79 in chips) 
Seat 4: straicar ($10 in chips) 
Seat 5: HubertusB ($7.09 in chips) 
Seat 6: HebeFans ($10 in chips) 
GrrGrrGrauw: posts small blind $0.05
simple s0o: posts big blind $0.10
*** HOLE CARDS ***
Dealt to HubertusB [8c 3s]
straicar: folds 
HubertusB: folds 
HebeFans: folds 
siros777: folds 
GrrGrrGrauw: folds 
Uncalled bet ($0.05) returned to simple s0o
simple s0o collected $0.10 from pot
simple s0o: doesn't show hand 
*** SUMMARY ***
Total pot $0.10 | Rake $0 
Seat 1: siros777 (button) folded before Flop (didn't bet)
Seat 2: GrrGrrGrauw (small blind) folded before Flop
Seat 3: simple s0o (big blind) collected ($0.10)
Seat 4: straicar folded before Flop (didn't bet)
Seat 5: HubertusB folded before Flop (didn't bet)
Seat 6: HebeFans folded before Flop (didn't bet)



PokerStars Hand #174029825791:  Hold'em No Limit ($0.05/$0.10) - 2017/08/07 20:17:41 CCT [2017/08/07 8:17:41 ET]
Table 'Aludra' 6-max Seat #1 is the button
Seat 1: HubertusB ($7.09 in chips) 
Seat 2: GerryCze ($10.20 in chips) 
Seat 3: dim4ik77 ($5.66 in chips) 
Seat 4: Etternall ($30.11 in chips) 
Seat 5: vekvil1 ($10 in chips) 
Seat 6: Mr_Bobofruit ($10.35 in chips) 
GerryCze: posts small blind $0.05
dim4ik77: posts big blind $0.10
*** HOLE CARDS ***
Dealt to HubertusB [4s 3s]
Etternall: folds 
vekvil1: raises $0.15 to $0.25
Mr_Bobofruit: folds 
HubertusB: folds 
GerryCze: folds 
dim4ik77: calls $0.15
*** FLOP *** [4c Td Ah]
dim4ik77: checks 
vekvil1: bets $0.36
dim4ik77: folds 
Uncalled bet ($0.36) returned to vekvil1
vekvil1 collected $0.53 from pot
vekvil1: doesn't show hand 
*** SUMMARY ***
Total pot $0.55 | Rake $0.02 
Board [4c Td Ah]
Seat 1: HubertusB (button) folded before Flop (didn't bet)
Seat 2: GerryCze (small blind) folded before Flop
Seat 3: dim4ik77 (big blind) folded on the Flop
Seat 4: Etternall folded before Flop (didn't bet)
Seat 5: vekvil1 collected ($0.53)
Seat 6: Mr_Bobofruit folded before Flop (didn't bet)



PokerStars Hand #174029831165:  Hold'em No Limit ($0.05/$0.10) - 2017/08/07 20:17:53 CCT [2017/08/07 8:17:53 ET]
Table 'Aludra' 6-max Seat #1 is the button
Seat 1: kemal_zay4ik ($8.75 in chips) 
Seat 2: Pat.San.12 ($6.25 in chips) 
Seat 3: 777Kiryxa777 ($1.88 in chips) 
Seat 4: HubertusB ($7.09 in chips) 
Seat 5: AxuBlack ($10 in chips) 
Seat 6: Chicorito777 ($15.15 in chips) 
Pat.San.12: posts small blind $0.05
777Kiryxa777: posts big blind $0.10
*** HOLE CARDS ***
Dealt to HubertusB [Kh Th]
HubertusB: raises $0.16 to $0.26
AxuBlack: raises $0.64 to $0.90
Chicorito777: folds 
kemal_zay4ik: folds 
Pat.San.12: folds 
777Kiryxa777: folds 
HubertusB: folds 
Uncalled bet ($0.64) returned to AxuBlack
AxuBlack collected $0.67 from pot
AxuBlack: doesn't show hand 
*** SUMMARY ***
Total pot $0.67 | Rake $0 
Seat 1: kemal_zay4ik (button) folded before Flop (didn't bet)
Seat 2: Pat.San.12 (small blind) folded before Flop
Seat 3: 777Kiryxa777 (big blind) folded before Flop
Seat 4: HubertusB folded before Flop
Seat 5: AxuBlack collected ($0.67)
Seat 6: Chicorito777 folded before Flop (didn't bet)



PokerStars Hand #174029839628:  Hold'em No Limit ($0.05/$0.10) - 2017/08/07 20:18:12 CCT [2017/08/07 8:18:12 ET]
Table 'Aludra' 6-max Seat #1 is the button
Seat 1: hassofass000 ($13.37 in chips) 
Seat 2: Ivanych578 ($10.45 in chips) 
Seat 3: N.Damianov ($10.15 in chips) 
Seat 4: HubertusB ($6.83 in chips) 
Seat 5: konotop84 ($10.05 in chips) 
Seat 6: MysteryJack6 ($20.25 in chips) 
Ivanych578: posts small blind $0.05
N.Damianov: posts big blind $0.10
*** HOLE CARDS ***
Dealt to HubertusB [Jc Kd]
HubertusB: folds 
konotop84: folds 
MysteryJack6: folds 
hassofass000: folds 
Ivanych578: folds 
Uncalled bet ($0.05) returned to N.Damianov
N.Damianov collected $0.10 from pot
N.Damianov: doesn't show hand 
*** SUMMARY ***
Total pot $0.10 | Rake $0 
Seat 1: hassofass000 (button) folded before Flop (didn't bet)
Seat 2: Ivanych578 (small blind) folded before Flop
Seat 3: N.Damianov (big blind) collected ($0.10)
Seat 4: HubertusB folded before Flop (didn't bet)
Seat 5: konotop84 folded before Flop (didn't bet)
Seat 6: MysteryJack6 folded before Flop (didn't bet)



PokerStars Hand #174029844860:  Hold'em No Limit ($0.05/$0.10) - 2017/08/07 20:18:24 CCT [2017/08/07 8:18:24 ET]
Table 'Aludra' 6-max Seat #1 is the button
Seat 1: shisuke408 ($19.37 in chips) 
Seat 2: HubertusB ($6.73 in chips) 
Seat 3: Maniac140689 ($26.48 in chips) 
Seat 4: pokerdaria85 ($16.44 in chips) 
Seat 5: mioayu ($11.01 in chips) 
Seat 6: Shuhratt80 ($8.53 in chips) 
HubertusB: posts small blind $0.05
Maniac140689: posts big blind $0.10
*** HOLE CARDS ***
Dealt to HubertusB [7c 5s]
pokerdaria85: raises $0.20 to $0.30
mioayu: folds 
Shuhratt80: folds 
shisuke408: folds 
HubertusB: folds 
Maniac140689: folds 
Uncalled bet ($0.20) returned to pokerdaria85
pokerdaria85 collected $0.25 from pot
pokerdaria85: doesn't show hand 
*** SUMMARY ***
Total pot $0.25 | Rake $0 
Seat 1: shisuke408 (button) folded before Flop (didn't bet)
Seat 2: HubertusB (small blind) folded before Flop
Seat 3: Maniac140689 (big blind) folded before Flop
Seat 4: pokerdaria85 collected ($0.25)
Seat 5: mioayu folded before Flop (didn't bet)
Seat 6: Shuhratt80 folded before Flop (didn't bet)



PokerStars Hand #174029847133:  Hold'em No Limit ($0.05/$0.10) - 2017/08/07 20:18:29 CCT [2017/08/07 8:18:29 ET]
Table 'Aludra' 6-max Seat #1 is the button
Seat 1: Andronius99 ($10 in chips) 
Seat 2: halfbuck1 ($11.07 in chips) 
Seat 3: bokanda82 ($10 in chips) 
Seat 4: Adrian197879 ($7.75 in chips) 
Seat 5: HubertusB ($6.68 in chips) 
Seat 6: schloder ($7.79 in chips) 
halfbuck1: posts small blind $0.05
bokanda82: posts big blind $0.10
*** HOLE CARDS ***
Dealt to HubertusB [4h Ad]
Adrian197879: raises $0.20 to $0.30
HubertusB: folds 
schloder: folds 
Andronius99: folds 
halfbuck1: folds 
bokanda82: folds 
Uncalled bet ($0.20) returned to Adrian197879
Adrian197879 collected $0.25 from pot
Adrian197879: doesn't show hand 
*** SUMMARY ***
Total pot $0.25 | Rake $0 
Seat 1: Andronius99 (button) folded before Flop (didn't bet)
Seat 2: halfbuck1 (small blind) folded before Flop
Seat 3: bokanda82 (big blind) folded before Flop
Seat 4: Adrian197879 collected ($0.25)
Seat 5: HubertusB folded before Flop (didn't bet)
Seat 6: schloder folded before Flop (didn't bet)



PokerStars Hand #174029842704:  Hold'em No Limit ($0.05/$0.10) - 2017/08/07 20:18:19 CCT [2017/08/07 8:18:19 ET]
Table 'Aludra' 6-max Seat #1 is the button
Seat 1: rbenall ($15.34 in chips) 
Seat 2: nikbelal ($12.93 in chips) 
Seat 3: HubertusB ($6.83 in chips) 
Seat 4: eclibrise ($10 in chips) 
Seat 5: s1_KIDO ($17.85 in chips) 
Seat 6: zackypokey ($10.08 in chips) 
nikbelal: posts small blind $0.05
HubertusB: posts big blind $0.10
*** HOLE CARDS ***
Dealt to HubertusB [8c 5h]
eclibrise: raises $0.20 to $0.30
s1_KIDO: folds 
zackypokey: calls $0.30
rbenall: folds 
nikbelal: folds 
HubertusB: folds 
*** FLOP *** [Kh 7s 6s]
eclibrise: bets $0.43
zackypokey: raises $0.77 to $1.20
eclibrise: folds 
Uncalled bet ($0.77) returned to zackypokey
zackypokey collected $1.54 from pot
zackypokey: doesn't show hand 
*** SUMMARY ***
Total pot $1.61 | Rake $0.07 
Board [Kh 7s 6s]
Seat 1: rbenall (button) folded before Flop (didn't bet)
Seat 2: nikbelal (small blind) folded before Flop
Seat 3: HubertusB (big blind) folded before Flop
Seat 4: eclibrise folded on the Flop
Seat 5: s1_KIDO folded before Flop (didn't bet)
Seat 6: zackypokey collected ($1.54)



PokerStars Hand #174029849329:  Hold'em No Limit ($0.05/$0.10) - 2017/08/07 20:18:34 CCT [2017/08/07 8:18:34 ET]
Table 'Aludra' 6-max Seat #1 is the button
Seat 1: vekvil1 ($12.21 in chips) 
Seat 2: Hobo_sch ($2.75 in chips) 
Seat 3: zmi331 ($10.40 in chips) 
Seat 4: TsyhanouPS ($10 in chips) 
Seat 5: Moszes360 ($10 in chips) 
Seat 6: HubertusB ($6.68 in chips) 
Hobo_sch: posts small blind $0.05
zmi331: posts big blind $0.10
*** HOLE CARDS ***
Dealt to HubertusB [8c 9h]
TsyhanouPS: folds 
Moszes360: folds 
HubertusB: folds 
vekvil1: raises $0.12 to $0.22
Hobo_sch: raises $0.54 to $0.76
zmi331: folds 
vekvil1: calls $0.54
*** FLOP *** [Js 7s Jc]
Hobo_sch: bets $1.99 and is all-in
vekvil1: calls $1.99
*** TURN *** [Js 7s Jc] [4c]
*** RIVER *** [Js 7s Jc 4c] [3s]
*** SHOW DOWN ***
Hobo_sch: shows [Kc Ah] (a pair of Jacks)
vekvil1: shows [Ts 9s] (a flush, Jack high)
vekvil1 collected $5.35 from pot
*** SUMMARY ***
Total pot $5.60 | Rake $0.25 
Board [Js 7s Jc 4c 3s]
Seat 1: vekvil1 (button) showed [Ts 9s] and won ($5.35) with a flush, Jack high
Seat 2: Hobo_sch (small blind) showed [Kc Ah] and lost with a pair of Jacks
Seat 3: zmi331 (big blind) folded before Flop
Seat 4: TsyhanouPS folded before Flop (didn't bet)
Seat 5: Moszes360 folded before Flop (didn't bet)
Seat 6: HubertusB folded before Flop (didn't bet)



PokerStars Hand #174029855875:  Hold'em No Limit ($0.05/$0.10) - 2017/08/07 20:18:49 CCT [2017/08/07 8:18:49 ET]
Table 'Aludra' 6-max Seat #1 is the button
Seat 1: stas.1991762 ($6.41 in chips) 
Seat 2: sl33pyowl ($26.45 in chips) 
Seat 3: LoveL0lita ($11.02 in chips) 
Seat 4: HubertusB ($6.68 in chips) 
Seat 5: fantasyluo ($12.46 in chips) 
Seat 6: cozul ($20.36 in chips) 
sl33pyowl: posts small blind $0.05
LoveL0lita: posts big blind $0.10
*** HOLE CARDS ***
Dealt to HubertusB [6h As]
HubertusB: folds 
fantasyluo: folds 
cozul: folds 
stas.1991762: raises $0.30 to $0.40
sl33pyowl: folds 
LoveL0lita: folds 
Uncalled bet ($0.30) returned to stas.1991762
stas.1991762 collected $0.25 from pot
stas.1991762: doesn't show hand 
*** SUMMARY ***
Total pot $0.25 | Rake $0 
Seat 1: stas.1991762 (button) collected ($0.25)
Seat 2: sl33pyowl (small blind) folded before Flop
Seat 3: LoveL0lita (big blind) folded before Flop
Seat 4: HubertusB folded before Flop (didn't bet)
Seat 5: fantasyluo folded before Flop (didn't bet)
Seat 6: cozul folded before Flop (didn't bet)



PokerStars Hand #174029858135:  Hold'em No Limit ($0.05/$0.10) - 2017/08/07 20:18:54 CCT [2017/08/07 8:18:54 ET]
Table 'Aludra' 6-max Seat #1 is the button
Seat 1: thiusk ($13.69 in chips) 
Seat 2: okleahcim ($40.42 in chips) 
Seat 3: AxuBlack ($10.40 in chips) 
Seat 4: DowntownBG ($3.36 in chips) 
Seat 5: HubertusB ($6.68 in chips) 
Seat 6: klavdiya818 ($24.30 in chips) 
okleahcim: posts small blind $0.05
AxuBlack: posts big blind $0.10
*** HOLE CARDS ***
Dealt to HubertusB [Jd 6s]
DowntownBG: raises $0.25 to $0.35
HubertusB: folds 
klavdiya818: folds 
thiusk: folds 
okleahcim: folds 
AxuBlack: folds 
Uncalled bet ($0.25) returned to DowntownBG
DowntownBG collected $0.25 from pot
DowntownBG: doesn't show hand 
*** SUMMARY ***
Total pot $0.25 | Rake $0 
Seat 1: thiusk (button) folded before Flop (didn't bet)
Seat 2: okleahcim (small blind) folded before Flop
Seat 3: AxuBlack (big blind) folded before Flop
Seat 4: DowntownBG collected ($0.25)
Seat 5: HubertusB folded before Flop (didn't bet)
Seat 6: klavdiya818 folded before Flop (didn't bet)



PokerStars Hand #174029862558:  Hold'em No Limit ($0.05/$0.10) - 2017/08/07 20:19:04 CCT [2017/08/07 8:19:04 ET]
Table 'Aludra' 6-max Seat #1 is the button
Seat 1: kemal_zay4ik ($8.90 in chips) 
Seat 2: HebeFans ($10.15 in chips) 
Seat 3: HubertusB ($6.63 in chips) 
Seat 4: Andronius99 ($10.15 in chips) 
Seat 5: freesu1349 ($10.69 in chips) 
Seat 6: 6paTyxa1985 ($10.96 in chips) 
HebeFans: posts small blind $0.05
HubertusB: posts big blind $0.10
*** HOLE CARDS ***
Dealt to HubertusB [7d 5s]
Andronius99: folds 
freesu1349: folds 
6paTyxa1985: folds 
kemal_zay4ik: folds 
HebeFans: folds 
Uncalled bet ($0.05) returned to HubertusB
HubertusB collected $0.10 from pot
HubertusB: doesn't show hand 
*** SUMMARY ***
Total pot $0.10 | Rake $0 
Seat 1: kemal_zay4ik (button) folded before Flop (didn't bet)
Seat 2: HebeFans (small blind) folded before Flop
Seat 3: HubertusB (big blind) collected ($0.10)
Seat 4: Andronius99 folded before Flop (didn't bet)
Seat 5: freesu1349 folded before Flop (didn't bet)
Seat 6: 6paTyxa1985 folded before Flop (didn't bet)



PokerStars Hand #174029853214:  Hold'em No Limit ($0.05/$0.10) - 2017/08/07 20:18:43 CCT [2017/08/07 8:18:43 ET]
Table 'Aludra' 6-max Seat #1 is the button
Seat 1: HubertusB ($6.68 in chips) 
Seat 2: Mr_Bobofruit ($21.30 in chips) 
Seat 3: glossy.udval ($10.61 in chips) 
Seat 4: HebeFans ($10.10 in chips) 
Seat 5: Pat.San.12 ($7.70 in chips) 
Seat 6: cotyara1986 ($10.24 in chips) 
Mr_Bobofruit: posts small blind $0.05
glossy.udval: posts big blind $0.10
*** HOLE CARDS ***
Dealt to HubertusB [4h Qc]
HebeFans: folds 
Pat.San.12: folds 
cotyara1986: folds 
HubertusB: folds 
Mr_Bobofruit: raises $0.15 to $0.25
glossy.udval: raises $0.55 to $0.80
Mr_Bobofruit: calls $0.55
*** FLOP *** [2d 2c Ad]
Mr_Bobofruit: checks 
glossy.udval: checks 
*** TURN *** [2d 2c Ad] [Kh]
Mr_Bobofruit: checks 
glossy.udval: checks 
*** RIVER *** [2d 2c Ad Kh] [Th]
Mr_Bobofruit: checks 
glossy.udval: checks 
*** SHOW DOWN ***
Mr_Bobofruit: shows [6h 7h] (a pair of Deuces)
glossy.udval: shows [Jh Jc] (two pair, Jacks and Deuces)
glossy.udval collected $1.53 from pot
*** SUMMARY ***
Total pot $1.60 | Rake $0.07 
Board [2d 2c Ad Kh Th]
Seat 1: HubertusB (button) folded before Flop (didn't bet)
Seat 2: Mr_Bobofruit (small blind) showed [6h 7h] and lost with a pair of Deuces
Seat 3: glossy.udval (big blind) showed [Jh Jc] and won ($1.53) with two pair, Jacks and Deuces
Seat 4: HebeFans folded before Flop (didn't bet)
Seat 5: Pat.San.12 folded before Flop (didn't bet)
Seat 6: cotyara1986 folded before Flop (didn't bet)



PokerStars Hand #174029860359:  Hold'em No Limit ($0.05/$0.10) - 2017/08/07 20:18:59 CCT [2017/08/07 8:18:59 ET]
Table 'Aludra' 6-max Seat #1 is the button
Seat 1: bokanda82 ($10.05 in chips) 
Seat 2: HubertusB ($6.68 in chips) 
Seat 3: bluffshanx ($12.85 in chips) 
Seat 4: vekvil1 ($25.68 in chips) 
Seat 5: Jhetfieldz ($12.92 in chips) 
Seat 6: simple s0o ($17.99 in chips) 
HubertusB: posts small blind $0.05
bluffshanx: posts big blind $0.10
*** HOLE CARDS ***
Dealt to HubertusB [7s 8h]
vekvil1: folds 
Jhetfieldz: raises $0.20 to $0.30
simple s0o: folds 
bokanda82: calls $0.30
HubertusB: folds 
bluffshanx: folds 
*** FLOP *** [4s Jc 9d]
Jhetfieldz: bets $0.25
bokanda82: calls $0.25
*** TURN *** [4s Jc 9d] [5s]
Jhetfieldz: bets $0.86
bokanda82: folds 
Uncalled bet ($0.86) returned to Jhetfieldz
Jhetfieldz collected $1.19 from pot
Jhetfieldz: doesn't show hand 
*** SUMMARY ***
Total pot $1.25 | Rake $0.06 
Board [4s Jc 9d 5s]
Seat 1: bokanda82 (button) folded on the Turn
Seat 2: HubertusB (small blind) folded before Flop
Seat 3: bluffshanx (big blind) folded before Flop
Seat 4: vekvil1 folded before Flop (didn't bet)
Seat 5: Jhetfieldz collected ($1.19)
Seat 6: simple s0o folded before Flop (didn't bet)



PokerStars Hand #174029866910:  Hold'em No Limit ($0.05/$0.10) - 2017/08/07 20:19:14 CCT [2017/08/07 8:19:14 ET]
Table 'Aludra' 6-max Seat #1 is the button
Seat 1: HubertusB ($6.68 in chips) 
Seat 2: Jhetfieldz ($12.12 in chips) 
Seat 3: sketalva ($7.76 in chips) 
Seat 4: kemal_zay4ik ($8.65 in chips) 
Seat 5: cubord15 ($9.17 in chips) 
Seat 6: vyggandas ($10 in chips) 
Jhetfieldz: posts small blind $0.05
sketalva: posts big blind $0.10
*** HOLE CARDS ***
Dealt to HubertusB [8h 6h]
kemal_zay4ik: folds 
cubord15: folds 
vyggandas: folds 
HubertusB: raises $0.16 to $0.26
Jhetfieldz: folds 
sketalva: calls $0.16
*** FLOP *** [Jd Kc Tc]
sketalva: checks 
HubertusB: checks 
*** TURN *** [Jd Kc Tc] [7s]
sketalva: bets $0.30
HubertusB: folds 
Uncalled bet ($0.30) returned to sketalva
sketalva collected $0.54 from pot
sketalva: doesn't show hand 
*** SUMMARY ***
Total pot $0.57 | Rake $0.03 
Board [Jd Kc Tc 7s]
Seat 1: HubertusB (button) folded on the Turn
Seat 2: Jhetfieldz (small blind) folded before Flop
Seat 3: sketalva (big blind) collected ($0.54)
Seat 4: kemal_zay4ik folded before Flop (didn't bet)
Seat 5: cubord15 folded before Flop (didn't bet)
Seat 6: vyggandas folded before Flop (didn't bet)



PokerStars Hand #174029823992:  Hold'em No Limit ($0.05/$0.10) - 2017/08/07 20:17:37 CCT [2017/08/07 8:17:37 ET]
Table 'Aludra' 6-max Seat #1 is the button
Seat 1: glossy.udval ($9.70 in chips) 
Seat 2: masapark ($10 in chips) 
Seat 3: Jack1274 ($10.25 in chips) 
Seat 4: vekvil1 ($10 in chips) 
Seat 5: 6paTyxa1985 ($11.17 in chips) 
Seat 6: HubertusB ($7.09 in chips) 
masapark: posts small blind $0.05
Jack1274: posts big blind $0.10
*** HOLE CARDS ***
Dealt to HubertusB [4d 7s]
vekvil1: folds 
6paTyxa1985: folds 
HubertusB: folds 
glossy.udval: folds 
masapark: raises $0.15 to $0.25
Jack1274: raises $0.50 to $0.75
masapark: calls $0.50
*** FLOP *** [9h 3c 3d]
masapark: checks 
Jack1274: bets $0.90
masapark: calls $0.90
*** TURN *** [9h 3c 3d] [Tc]
masapark: checks 
Jack1274: bets $1.58
masapark has timed out
masapark: folds 
Uncalled bet ($1.58) returned to Jack1274
Jack1274 collected $3.15 from pot
Jack1274: doesn't show hand 
*** SUMMARY ***
Total pot $3.30 | Rake $0.15 
Board [9h 3c 3d Tc]
Seat 1: glossy.udval (button) folded before Flop (didn't bet)
Seat 2: masapark (small blind) folded on the Turn
Seat 3: Jack1274 (big blind) collected ($3.15)
Seat 4: vekvil1 folded before Flop (didn't bet)
Seat 5: 6paTyxa1985 folded before Flop (didn't bet)
Seat 6: HubertusB folded before Flop (didn't bet)



PokerStars Hand #174029877164:  Hold'em No Limit ($0.05/$0.10) - 2017/08/07 20:19:37 CCT [2017/08/07 8:19:37 ET]
Table 'Aludra' 6-max Seat #1 is the button
Seat 1: marcoschmitt ($8.44 in chips) 
Seat 2: ahstchenchen ($7.85 in chips) 
Seat 3: MOSUTANA ($14.22 in chips) 
Seat 4: 8br@cket ($25.05 in chips) 
Seat 5: Jhetfieldz ($12.07 in chips) 
Seat 6: HubertusB ($6.42 in chips) 
ahstchenchen: posts small blind $0.05
MOSUTANA: posts big blind $0.10
*** HOLE CARDS ***
Dealt to HubertusB [2s 3c]
8br@cket: raises $0.20 to $0.30
Jhetfieldz: folds 
HubertusB: folds 
marcoschmitt: folds 
ahstchenchen: folds 
MOSUTANA: folds 
Uncalled bet ($0.20) returned to 8br@cket
8br@cket collected $0.25 from pot
8br@cket: doesn't show hand 
*** SUMMARY ***
Total pot $0.25 | Rake $0 
Seat 1: marcoschmitt (button) folded before Flop (didn't bet)
Seat 2: ahstchenchen (small blind) folded before Flop
Seat 3: MOSUTANA (big blind) folded before Flop
Seat 4: 8br@cket collected ($0.25)
Seat 5: Jhetfieldz folded before Flop (didn't bet)
Seat 6: HubertusB folded before Flop (didn't bet)



PokerStars Hand #174029879399:  Hold'em No Limit ($0.05/$0.10) - 2017/08/07 20:19:42 CCT [2017/08/07 8:19:42 ET]
Table 'Aludra' 6-max Seat #1 is the button
Seat 1: D3kMAX ($10.60 in chips) 
Seat 2: HubertusB ($6.42 in chips) 
Seat 3: eskymash ($14.92 in chips) 
Seat 4: DIDOKMAG ($6.31 in chips) 
Seat 5: simple s0o ($17.79 in chips) 
Seat 6: mariaa1985 ($10 in chips) 
HubertusB: posts small blind $0.05
eskymash: posts big blind $0.10
*** HOLE CARDS ***
Dealt to HubertusB [3c Jh]
DIDOKMAG: folds 
simple s0o: raises $0.20 to $0.30
mariaa1985: folds 
D3kMAX: folds 
HubertusB: folds 
eskymash: folds 
Uncalled bet ($0.20) returned to simple s0o
simple s0o collected $0.25 from pot
simple s0o: doesn't show hand 
*** SUMMARY ***
Total pot $0.25 | Rake $0 
Seat 1: D3kMAX (button) folded before Flop (didn't bet)
Seat 2: HubertusB (small blind) folded before Flop
Seat 3: eskymash (big blind) folded before Flop
Seat 4: DIDOKMAG folded before Flop (didn't bet)
Seat 5: simple s0o collected ($0.25)
Seat 6: mariaa1985 folded before Flop (didn't bet)



PokerStars Hand #174029881665:  Hold'em No Limit ($0.05/$0.10) - 2017/08/07 20:19:47 CCT [2017/08/07 8:19:47 ET]
Table 'Aludra' 6-max Seat #1 is the button
Seat 1: MOSUTANA ($14.12 in chips) 
Seat 2: shisuke408 ($19.17 in chips) 
Seat 3: HubertusB ($6.37 in chips) 
Seat 4: afrika14 ($10.28 in chips) 
Seat 5: pool_king111 ($12.30 in chips) 
Seat 6: baide223 ($5.68 in chips) 
shisuke408: posts small blind $0.05
HubertusB: posts big blind $0.10
*** HOLE CARDS ***
Dealt to HubertusB [Qs 7c]
afrika14: folds 
pool_king111: folds 
baide223: folds 
MOSUTANA: raises $0.12 to $0.22
shisuke408: folds 
HubertusB: folds 
Uncalled bet ($0.12) returned to MOSUTANA
MOSUTANA collected $0.25 from pot
MOSUTANA: doesn't show hand 
*** SUMMARY ***
Total pot $0.25 | Rake $0 
Seat 1: MOSUTANA (button) collected ($0.25)
Seat 2: shisuke408 (small blind) folded before Flop
Seat 3: HubertusB (big blind) folded before Flop
Seat 4: afrika14 folded before Flop (didn't bet)
Seat 5: pool_king111 folded before Flop (didn't bet)
Seat 6: baide223 folded before Flop (didn't bet)



PokerStars Hand #174029886612:  Hold'em No Limit ($0.05/$0.10) - 2017/08/07 20:19:58 CCT [2017/08/07 8:19:58 ET]
Table 'Aludra' 6-max Seat #1 is the button
Seat 1: boito1978 ($11.29 in chips) 
Seat 2: vekvil1 ($13.26 in chips) 
Seat 3: zmi331 ($51.48 in chips) 
Seat 4: Etternall ($15.99 in chips) 
Seat 5: HubertusB ($6.27 in chips) 
Seat 6: Adrian197879 ($7.75 in chips) 
vekvil1: posts small blind $0.05
zmi331: posts big blind $0.10
*** HOLE CARDS ***
Dealt to HubertusB [4s 4c]
Etternall: raises $0.20 to $0.30
HubertusB: folds 
Adrian197879: folds 
boito1978: folds 
vekvil1: folds 
zmi331: folds 
Uncalled bet ($0.20) returned to Etternall
Etternall collected $0.25 from pot
Etternall: doesn't show hand 
*** SUMMARY ***
Total pot $0.25 | Rake $0 
Seat 1: boito1978 (button) folded before Flop (didn't bet)
Seat 2: vekvil1 (small blind) folded before Flop
Seat 3: zmi331 (big blind) folded before Flop
Seat 4: Etternall collected ($0.25)
Seat 5: HubertusB folded before Flop (didn't bet)
Seat 6: Adrian197879 folded before Flop (didn't bet)



PokerStars Hand #174029889214:  Hold'em No Limit ($0.05/$0.10) - 2017/08/07 20:20:04 CCT [2017/08/07 8:20:04 ET]
Table 'Aludra' 6-max Seat #1 is the button
Seat 1: sqwerty12 ($18.10 in chips) 
Seat 2: fistel ($18.48 in chips) 
Seat 3: baide223 ($5.68 in chips) 
Seat 4: Valerich8 ($27.43 in chips) 
Seat 5: HubertusB ($6.27 in chips) 
Seat 6: konotop84 ($7.41 in chips) 
fistel: posts small blind $0.05
baide223: posts big blind $0.10
*** HOLE CARDS ***
Dealt to HubertusB [Kc 7c]
Valerich8: raises $0.20 to $0.30
HubertusB: folds 
konotop84: folds 
sqwerty12: folds 
fistel: folds 
baide223: calls $0.20
*** FLOP *** [5s Kd 9d]
baide223: checks 
Valerich8: bets $0.31
baide223: folds 
Uncalled bet ($0.31) returned to Valerich8
Valerich8 collected $0.62 from pot
Valerich8: doesn't show hand 
*** SUMMARY ***
Total pot $0.65 | Rake $0.03 
Board [5s Kd 9d]
Seat 1: sqwerty12 (button) folded before Flop (didn't bet)
Seat 2: fistel (small blind) folded before Flop
Seat 3: baide223 (big blind) folded on the Flop
Seat 4: Valerich8 collected ($0.62)
Seat 5: HubertusB folded before Flop (didn't bet)
Seat 6: konotop84 folded before Flop (didn't bet)



PokerStars Hand #174029892336:  Hold'em No Limit ($0.05/$0.10) - 2017/08/07 20:20:11 CCT [2017/08/07 8:20:11 ET]
Table 'Aludra' 6-max Seat #1 is the button
Seat 1: HubertusB ($6.27 in chips) 
Seat 2: Diamond-PL ($5.82 in chips) 
Seat 3: siros777 ($4.15 in chips) 
Seat 4: slamliu ($12.93 in chips) 
Seat 5: shisuke408 ($19.02 in chips) 
Seat 6: HebeFans ($10.20 in chips) 
Diamond-PL: posts small blind $0.05
siros777: posts big blind $0.10
*** HOLE CARDS ***
Dealt to HubertusB [5c 4c]
slamliu: folds 
shisuke408: folds 
HebeFans: folds 
HubertusB: raises $0.16 to $0.26
Diamond-PL: folds 
siros777: calls $0.16
*** FLOP *** [8h 8c Ts]
siros777: checks 
HubertusB: bets $0.30
siros777: folds 
Uncalled bet ($0.30) returned to HubertusB
HubertusB collected $0.54 from pot
HubertusB: doesn't show hand 
*** SUMMARY ***
Total pot $0.57 | Rake $0.03 
Board [8h 8c Ts]
Seat 1: HubertusB (button) collected ($0.54)
Seat 2: Diamond-PL (small blind) folded before Flop
Seat 3: siros777 (big blind) folded on the Flop
Seat 4: slamliu folded before Flop (didn't bet)
Seat 5: shisuke408 folded before Flop (didn't bet)
Seat 6: HebeFans folded before Flop (didn't bet)



PokerStars Hand #174029902211:  Hold'em No Limit ($0.05/$0.10) - 2017/08/07 20:20:33 CCT [2017/08/07 8:20:33 ET]
Table 'Aludra' 6-max Seat #1 is the button
Seat 1: snamon ($10.41 in chips) 
Seat 2: hitniks ($10.72 in chips) 
Seat 3: eclibrise ($10.51 in chips) 
Seat 4: AndreyK11 ($15.07 in chips) 
Seat 5: theologos13 ($21.15 in chips) 
Seat 6: HubertusB ($6.55 in chips) 
hitniks: posts small blind $0.05
eclibrise: posts big blind $0.10
*** HOLE CARDS ***
Dealt to HubertusB [4c Qh]
AndreyK11: folds 
theologos13: folds 
HubertusB: folds 
snamon: folds 
hitniks: folds 
Uncalled bet ($0.05) returned to eclibrise
eclibrise collected $0.10 from pot
eclibrise: doesn't show hand 
*** SUMMARY ***
Total pot $0.10 | Rake $0 
Seat 1: snamon (button) folded before Flop (didn't bet)
Seat 2: hitniks (small blind) folded before Flop
Seat 3: eclibrise (big blind) collected ($0.10)
Seat 4: AndreyK11 folded before Flop (didn't bet)
Seat 5: theologos13 folded before Flop (didn't bet)
Seat 6: HubertusB folded before Flop (didn't bet)



PokerStars Hand #174029904045:  Hold'em No Limit ($0.05/$0.10) - 2017/08/07 20:20:37 CCT [2017/08/07 8:20:37 ET]
Table 'Aludra' 6-max Seat #1 is the button
Seat 1: Pat.San.12 ($8.19 in chips) 
Seat 2: F4lconetti ($16.61 in chips) 
Seat 3: Valerich8 ($27.70 in chips) 
Seat 4: HubertusB ($6.55 in chips) 
Seat 5: Andronius99 ($10.56 in chips) 
Seat 6: Chicorito777 ($10.68 in chips) 
F4lconetti: posts small blind $0.05
Valerich8: posts big blind $0.10
*** HOLE CARDS ***
Dealt to HubertusB [2s 9s]
HubertusB: folds 
Andronius99: folds 
Chicorito777: raises $0.15 to $0.25
Pat.San.12: folds 
F4lconetti: folds 
Valerich8: folds 
Uncalled bet ($0.15) returned to Chicorito777
Chicorito777 collected $0.25 from pot
Chicorito777: doesn't show hand 
*** SUMMARY ***
Total pot $0.25 | Rake $0 
Seat 1: Pat.San.12 (button) folded before Flop (didn't bet)
Seat 2: F4lconetti (small blind) folded before Flop
Seat 3: Valerich8 (big blind) folded before Flop
Seat 4: HubertusB folded before Flop (didn't bet)
Seat 5: Andronius99 folded before Flop (didn't bet)
Seat 6: Chicorito777 collected ($0.25)



PokerStars Hand #174029906277:  Hold'em No Limit ($0.05/$0.10) - 2017/08/07 20:20:42 CCT [2017/08/07 8:20:42 ET]
Table 'Aludra' 6-max Seat #1 is the button
Seat 1: ahstchenchen ($7.80 in chips) 
Seat 2: kmedg123 ($18.96 in chips) 
Seat 3: HubertusB ($6.55 in chips) 
Seat 4: eclibrise ($12.79 in chips) 
Seat 5: JH_Baek ($11.39 in chips) 
Seat 6: MayaPattaya ($11.06 in chips) 
kmedg123: posts small blind $0.05
HubertusB: posts big blind $0.10
*** HOLE CARDS ***
Dealt to HubertusB [Ad 5c]
eclibrise: raises $0.20 to $0.30
JH_Baek: folds 
MayaPattaya: folds 
ahstchenchen: folds 
kmedg123: folds 
HubertusB: folds 
Uncalled bet ($0.20) returned to eclibrise
eclibrise collected $0.25 from pot
eclibrise: doesn't show hand 
*** SUMMARY ***
Total pot $0.25 | Rake $0 
Seat 1: ahstchenchen (button) folded before Flop (didn't bet)
Seat 2: kmedg123 (small blind) folded before Flop
Seat 3: HubertusB (big blind) folded before Flop
Seat 4: eclibrise collected ($0.25)
Seat 5: JH_Baek folded before Flop (didn't bet)
Seat 6: MayaPattaya folded before Flop (didn't bet)



PokerStars Hand #174029913421:  Hold'em No Limit ($0.05/$0.10) - 2017/08/07 20:20:58 CCT [2017/08/07 8:20:58 ET]
Table 'Aludra' 6-max Seat #1 is the button
Seat 1: D3kMAX ($10 in chips) 
Seat 2: HubertusB ($6.45 in chips) 
Seat 3: hassofass000 ($10 in chips) 
Seat 4: Maryjoseph18 ($10 in chips) 
Seat 5: pool_king111 ($10 in chips) 
Seat 6: 7mask7 ($34.14 in chips) 
HubertusB: posts small blind $0.05
hassofass000: posts big blind $0.10
*** HOLE CARDS ***
Dealt to HubertusB [Qh 3s]
Maryjoseph18: folds 
pool_king111: folds 
7mask7: folds 
D3kMAX: folds 
HubertusB: folds 
Uncalled bet ($0.05) returned to hassofass000
hassofass000 collected $0.10 from pot
hassofass000: doesn't show hand 
*** SUMMARY ***
Total pot $0.10 | Rake $0 
Seat 1: D3kMAX (button) folded before Flop (didn't bet)
Seat 2: HubertusB (small blind) folded before Flop
Seat 3: hassofass000 (big blind) collected ($0.10)
Seat 4: Maryjoseph18 folded before Flop (didn't bet)
Seat 5: pool_king111 folded before Flop (didn't bet)
Seat 6: 7mask7 folded before Flop (didn't bet)



PokerStars Hand #174029915679:  Hold'em No Limit ($0.05/$0.10) - 2017/08/07 20:21:03 CCT [2017/08/07 8:21:03 ET]
Table 'Aludra' 6-max Seat #1 is the button
Seat 1: straicar ($9.65 in chips) 
Seat 2: Cheerie ($10.45 in chips) 
Seat 3: DAN74DAN ($16.28 in chips) 
Seat 4: turlik15 ($10.24 in chips) 
Seat 5: inzaghi21aek ($11.80 in chips) 
Seat 6: HubertusB ($6.40 in chips) 
Cheerie: posts small blind $0.05
DAN74DAN: posts big blind $0.10
*** HOLE CARDS ***
Dealt to HubertusB [Js 2c]
turlik15: folds 
inzaghi21aek: folds 
HubertusB: folds 
straicar: folds 
Cheerie: raises $0.10 to $0.20
DAN74DAN: raises $0.40 to $0.60
Cheerie: folds 
Uncalled bet ($0.40) returned to DAN74DAN
DAN74DAN collected $0.40 from pot
DAN74DAN: doesn't show hand 
*** SUMMARY ***
Total pot $0.40 | Rake $0 
Seat 1: straicar (button) folded before Flop (didn't bet)
Seat 2: Cheerie (small blind) folded before Flop
Seat 3: DAN74DAN (big blind) collected ($0.40)
Seat 4: turlik15 folded before Flop (didn't bet)
Seat 5: inzaghi21aek folded before Flop (didn't bet)
Seat 6: HubertusB folded before Flop (didn't bet)



PokerStars Hand #174029917447:  Hold'em No Limit ($0.05/$0.10) - 2017/08/07 20:21:07 CCT [2017/08/07 8:21:07 ET]
Table 'Aludra' 6-max Seat #1 is the button
Seat 1: HubertusB ($6.40 in chips) 
Seat 2: xex_serg ($9.70 in chips) 
Seat 3: cozul ($20.22 in chips) 
Seat 4: Moszes360 ($10.61 in chips) 
Seat 5: Marka555 ($10.92 in chips) 
Seat 6: sqwerty12 ($18.05 in chips) 
xex_serg: posts small blind $0.05
cozul: posts big blind $0.10
*** HOLE CARDS ***
Dealt to HubertusB [9d 6h]
Moszes360: raises $0.20 to $0.30
Marka555: folds 
sqwerty12: calls $0.30
HubertusB: folds 
xex_serg: folds 
cozul: folds 
*** FLOP *** [6d 4h 7d]
Moszes360: checks 
sqwerty12: bets $0.40
Moszes360: calls $0.40
*** TURN *** [6d 4h 7d] [8d]
Moszes360: checks 
sqwerty12: bets $1
Moszes360: calls $1
*** RIVER *** [6d 4h 7d 8d] [3h]
Moszes360: checks 
sqwerty12: checks 
*** SHOW DOWN ***
Moszes360: shows [5d 5c] (a straight, Four to Eight)
sqwerty12: mucks hand 
Moszes360 collected $3.39 from pot
*** SUMMARY ***
Total pot $3.55 | Rake $0.16 
Board [6d 4h 7d 8d 3h]
Seat 1: HubertusB (button) folded before Flop (didn't bet)
Seat 2: xex_serg (small blind) folded before Flop
Seat 3: cozul (big blind) folded before Flop
Seat 4: Moszes360 showed [5d 5c] and won ($3.39) with a straight, Four to Eight
Seat 5: Marka555 folded before Flop (didn't bet)
Seat 6: sqwerty12 mucked [9c Jc]



PokerStars Hand #174029919213:  Hold'em No Limit ($0.05/$0.10) - 2017/08/07 20:21:11 CCT [2017/08/07 8:21:11 ET]
Table 'Aludra' 6-max Seat #1 is the button
Seat 1: Bob77666 ($9.70 in chips) 
Seat 2: Andronius99 ($10.46 in chips) 
Seat 3: D3kMAX ($10.10 in chips) 
Seat 4: HubertusB ($6.40 in chips) 
Seat 5: Cheerie ($10.60 in chips) 
Seat 6: snamon ($20.29 in chips) 
Andronius99: posts small blind $0.05
D3kMAX: posts big blind $0.10
*** HOLE CARDS ***
Dealt to HubertusB [Ah Jh]
HubertusB: raises $0.20 to $0.30
Cheerie: folds 
snamon: folds 
Bob77666: folds 
Andronius99: folds 
D3kMAX: folds 
Uncalled bet ($0.20) returned to HubertusB
HubertusB collected $0.25 from pot
HubertusB: doesn't show hand 
*** SUMMARY ***
Total pot $0.25 | Rake $0 
Seat 1: Bob77666 (button) folded before Flop (didn't bet)
Seat 2: Andronius99 (small blind) folded before Flop
Seat 3: D3kMAX (big blind) folded before Flop
Seat 4: HubertusB collected ($0.25)
Seat 5: Cheerie folded before Flop (didn't bet)
Seat 6: snamon folded before Flop (didn't bet)



PokerStars Hand #174029934934:  Hold'em No Limit ($0.05/$0.10) - 2017/08/07 20:21:46 CCT [2017/08/07 8:21:46 ET]
Table 'Aludra' 6-max Seat #1 is the button
Seat 1: MysteryJack6 ($21.44 in chips) 
Seat 2: HubertusB ($6.55 in chips) 
Seat 3: bluffshanx ($31.49 in chips) 
Seat 4: 4toon20 ($14.64 in chips) 
Seat 5: djamillou ($23.83 in chips) 
Seat 6: LuckyMadnS ($6.79 in chips) 
HubertusB: posts small blind $0.05
bluffshanx: posts big blind $0.10
*** HOLE CARDS ***
Dealt to HubertusB [9d Jh]
4toon20: folds 
djamillou: folds 
LuckyMadnS: folds 
MysteryJack6: folds 
HubertusB: folds 
Uncalled bet ($0.05) returned to bluffshanx
bluffshanx collected $0.10 from pot
bluffshanx: doesn't show hand 
*** SUMMARY ***
Total pot $0.10 | Rake $0 
Seat 1: MysteryJack6 (button) folded before Flop (didn't bet)
Seat 2: HubertusB (small blind) folded before Flop
Seat 3: bluffshanx (big blind) collected ($0.10)
Seat 4: 4toon20 folded before Flop (didn't bet)
Seat 5: djamillou folded before Flop (didn't bet)
Seat 6: LuckyMadnS folded before Flop (didn't bet)



PokerStars Hand #174029939469:  Hold'em No Limit ($0.05/$0.10) - 2017/08/07 20:21:56 CCT [2017/08/07 8:21:56 ET]
Table 'Aludra' 6-max Seat #1 is the button
Seat 1: Chicorito777 ($12.02 in chips) 
Seat 2: G.Buhgalter ($13.20 in chips) 
Seat 3: Andronius99 ($11.01 in chips) 
Seat 4: HubertusB ($6.50 in chips) 
Seat 5: Ivesazisa ($58.64 in chips) 
Seat 6: pokahinn ($8.15 in chips) 
G.Buhgalter: posts small blind $0.05
Andronius99: posts big blind $0.10
*** HOLE CARDS ***
Dealt to HubertusB [6d Kc]
HubertusB: folds 
Ivesazisa: folds 
pokahinn: folds 
Chicorito777: folds 
G.Buhgalter: folds 
Uncalled bet ($0.05) returned to Andronius99
Andronius99 collected $0.10 from pot
Andronius99: doesn't show hand 
*** SUMMARY ***
Total pot $0.10 | Rake $0 
Seat 1: Chicorito777 (button) folded before Flop (didn't bet)
Seat 2: G.Buhgalter (small blind) folded before Flop
Seat 3: Andronius99 (big blind) collected ($0.10)
Seat 4: HubertusB folded before Flop (didn't bet)
Seat 5: Ivesazisa folded before Flop (didn't bet)
Seat 6: pokahinn folded before Flop (didn't bet)



PokerStars Hand #174029941191:  Hold'em No Limit ($0.05/$0.10) - 2017/08/07 20:22:00 CCT [2017/08/07 8:22:00 ET]
Table 'Aludra' 6-max Seat #1 is the button
Seat 1: HebeFans ($10.15 in chips) 
Seat 2: straicar ($10.66 in chips) 
Seat 3: HubertusB ($6.50 in chips) 
Seat 4: kesha_wtf ($2.48 in chips) 
Seat 5: eclibrise ($12.79 in chips) 
Seat 6: mazipoli ($18.23 in chips) 
straicar: posts small blind $0.05
HubertusB: posts big blind $0.10
*** HOLE CARDS ***
Dealt to HubertusB [Qd Tc]
kesha_wtf: raises $0.25 to $0.35
eclibrise: folds 
mazipoli: folds 
HebeFans: folds 
straicar: folds 
HubertusB: folds 
Uncalled bet ($0.25) returned to kesha_wtf
kesha_wtf collected $0.25 from pot
kesha_wtf: doesn't show hand 
*** SUMMARY ***
Total pot $0.25 | Rake $0 
Seat 1: HebeFans (button) folded before Flop (didn't bet)
Seat 2: straicar (small blind) folded before Flop
Seat 3: HubertusB (big blind) folded before Flop
Seat 4: kesha_wtf collected ($0.25)
Seat 5: eclibrise folded before Flop (didn't bet)
Seat 6: mazipoli folded before Flop (didn't bet)



PokerStars Hand #174029937249:  Hold'em No Limit ($0.05/$0.10) - 2017/08/07 20:21:51 CCT [2017/08/07 8:21:51 ET]
Table 'Aludra' 6-max Seat #1 is the button
Seat 1: simple s0o ($13.69 in chips) 
Seat 2: aabeboo ($19.15 in chips) 
Seat 3: sneakydeer ($10 in chips) 
Seat 4: 4toon20 ($13.53 in chips) 
Seat 5: HubertusB ($6.50 in chips) 
Seat 6: Andronius99 ($10.41 in chips) 
aabeboo: posts small blind $0.05
sneakydeer: posts big blind $0.10
*** HOLE CARDS ***
Dealt to HubertusB [Ad 6c]
4toon20: folds 
HubertusB: folds 
Andronius99: raises $0.20 to $0.30
simple s0o: folds 
aabeboo: raises $0.70 to $1
sneakydeer: folds 
Andronius99: folds 
Uncalled bet ($0.70) returned to aabeboo
aabeboo collected $0.70 from pot
aabeboo: doesn't show hand 
*** SUMMARY ***
Total pot $0.70 | Rake $0 
Seat 1: simple s0o (button) folded before Flop (didn't bet)
Seat 2: aabeboo (small blind) collected ($0.70)
Seat 3: sneakydeer (big blind) folded before Flop
Seat 4: 4toon20 folded before Flop (didn't bet)
Seat 5: HubertusB folded before Flop (didn't bet)
Seat 6: Andronius99 folded before Flop



PokerStars Hand #174029943906:  Hold'em No Limit ($0.05/$0.10) - 2017/08/07 20:22:06 CCT [2017/08/07 8:22:06 ET]
Table 'Aludra' 6-max Seat #1 is the button
Seat 1: wai822 ($16.60 in chips) 
Seat 2: TroubleA16 ($13.65 in chips) 
Seat 3: freesu1349 ($10 in chips) 
Seat 4: GrrGrrGrauw ($10 in chips) 
Seat 5: straicar ($9.79 in chips) 
Seat 6: HubertusB ($6.40 in chips) 
TroubleA16: posts small blind $0.05
freesu1349: posts big blind $0.10
*** HOLE CARDS ***
Dealt to HubertusB [4c 6c]
GrrGrrGrauw: folds 
straicar: raises $0.20 to $0.30
HubertusB: folds 
wai822: folds 
TroubleA16: folds 
freesu1349: folds 
Uncalled bet ($0.20) returned to straicar
straicar collected $0.25 from pot
straicar: doesn't show hand 
*** SUMMARY ***
Total pot $0.25 | Rake $0 
Seat 1: wai822 (button) folded before Flop (didn't bet)
Seat 2: TroubleA16 (small blind) folded before Flop
Seat 3: freesu1349 (big blind) folded before Flop
Seat 4: GrrGrrGrauw folded before Flop (didn't bet)
Seat 5: straicar collected ($0.25)
Seat 6: HubertusB folded before Flop (didn't bet)



PokerStars Hand #174029946110:  Hold'em No Limit ($0.05/$0.10) - 2017/08/07 20:22:11 CCT [2017/08/07 8:22:11 ET]
Table 'Aludra' 6-max Seat #1 is the button
Seat 1: MayaPattaya ($11.19 in chips) 
Seat 2: 3btm ($10.05 in chips) 
Seat 3: kemal_zay4ik ($9.81 in chips) 
Seat 4: HubertusB ($6.40 in chips) 
Seat 5: flatbelieve ($9.92 in chips) 
Seat 6: eclibrise ($10 in chips) 
3btm: posts small blind $0.05
kemal_zay4ik: posts big blind $0.10
*** HOLE CARDS ***
Dealt to HubertusB [4h Qc]
HubertusB: folds 
flatbelieve: folds 
eclibrise: folds 
MayaPattaya: folds 
3btm: folds 
Uncalled bet ($0.05) returned to kemal_zay4ik
kemal_zay4ik collected $0.10 from pot
kemal_zay4ik: doesn't show hand 
*** SUMMARY ***
Total pot $0.10 | Rake $0 
Seat 1: MayaPattaya (button) folded before Flop (didn't bet)
Seat 2: 3btm (small blind) folded before Flop
Seat 3: kemal_zay4ik (big blind) collected ($0.10)
Seat 4: HubertusB folded before Flop (didn't bet)
Seat 5: flatbelieve folded before Flop (didn't bet)
Seat 6: eclibrise folded before Flop (didn't bet)



PokerStars Hand #174029947909:  Hold'em No Limit ($0.05/$0.10) - 2017/08/07 20:22:15 CCT [2017/08/07 8:22:15 ET]
Table 'Aludra' 6-max Seat #1 is the button
Seat 1: HubertusB ($6.40 in chips) 
Seat 2: stas.1991762 ($10.96 in chips) 
Seat 3: rbenall ($10.63 in chips) 
Seat 4: bokanda82 ($14.26 in chips) 
Seat 5: s1_KIDO ($26.97 in chips) 
Seat 6: piirakka87 ($10.15 in chips) 
stas.1991762: posts small blind $0.05
rbenall: posts big blind $0.10
*** HOLE CARDS ***
Dealt to HubertusB [5d 3s]
bokanda82: folds 
s1_KIDO: folds 
piirakka87: folds 
HubertusB: folds 
stas.1991762: folds 
Uncalled bet ($0.05) returned to rbenall
rbenall collected $0.10 from pot
rbenall: doesn't show hand 
*** SUMMARY ***
Total pot $0.10 | Rake $0 
Seat 1: HubertusB (button) folded before Flop (didn't bet)
Seat 2: stas.1991762 (small blind) folded before Flop
Seat 3: rbenall (big blind) collected ($0.10)
Seat 4: bokanda82 folded before Flop (didn't bet)
Seat 5: s1_KIDO folded before Flop (didn't bet)
Seat 6: piirakka87 folded before Flop (didn't bet)



PokerStars Hand #174029950159:  Hold'em No Limit ($0.05/$0.10) - 2017/08/07 20:22:20 CCT [2017/08/07 8:22:20 ET]
Table 'Aludra' 6-max Seat #1 is the button
Seat 1: eclibrise ($10 in chips) 
Seat 2: GrrGrrGrauw ($10.35 in chips) 
Seat 3: HubertusB ($6.40 in chips) 
Seat 4: PrevenGrz ($6.08 in chips) 
Seat 5: AxuBlack ($11.46 in chips) 
Seat 6: Jack1274 ($12.07 in chips) 
GrrGrrGrauw: posts small blind $0.05
HubertusB: posts big blind $0.10
*** HOLE CARDS ***
Dealt to HubertusB [9h Ad]
PrevenGrz: folds 
AxuBlack: folds 
Jack1274: folds 
eclibrise: folds 
GrrGrrGrauw: folds 
Uncalled bet ($0.05) returned to HubertusB
HubertusB collected $0.10 from pot
HubertusB: doesn't show hand 
*** SUMMARY ***
Total pot $0.10 | Rake $0 
Seat 1: eclibrise (button) folded before Flop (didn't bet)
Seat 2: GrrGrrGrauw (small blind) folded before Flop
Seat 3: HubertusB (big blind) collected ($0.10)
Seat 4: PrevenGrz folded before Flop (didn't bet)
Seat 5: AxuBlack folded before Flop (didn't bet)
Seat 6: Jack1274 folded before Flop (didn't bet)



PokerStars Hand #174029954675:  Hold'em No Limit ($0.05/$0.10) - 2017/08/07 20:22:30 CCT [2017/08/07 8:22:30 ET]
Table 'Aludra' 6-max Seat #1 is the button
Seat 1: fistel ($18.08 in chips) 
Seat 2: HubertusB ($6.45 in chips) 
Seat 3: Etternall ($32.37 in chips) 
Seat 4: eskymash ($15.69 in chips) 
Seat 5: xex_serg ($10.15 in chips) 
Seat 6: Stackoffski ($10.51 in chips) 
HubertusB: posts small blind $0.05
Etternall: posts big blind $0.10
*** HOLE CARDS ***
Dealt to HubertusB [As 4s]
eskymash: folds 
xex_serg: raises $0.17 to $0.27
Stackoffski: folds 
fistel: folds 
HubertusB: folds 
Etternall: folds 
Uncalled bet ($0.17) returned to xex_serg
xex_serg collected $0.25 from pot
xex_serg: doesn't show hand 
*** SUMMARY ***
Total pot $0.25 | Rake $0 
Seat 1: fistel (button) folded before Flop (didn't bet)
Seat 2: HubertusB (small blind) folded before Flop
Seat 3: Etternall (big blind) folded before Flop
Seat 4: eskymash folded before Flop (didn't bet)
Seat 5: xex_serg collected ($0.25)
Seat 6: Stackoffski folded before Flop (didn't bet)



PokerStars Hand #174029969816:  Hold'em No Limit ($0.05/$0.10) - 2017/08/07 20:22:52 CCT [2017/08/07 8:22:52 ET]
Table 'Aludra' 6-max Seat #1 is the button
Seat 1: straicar ($9.54 in chips) 
Seat 2: dim4ik77 ($3.74 in chips) 
Seat 3: kmedg123 ($20.08 in chips) 
Seat 4: Evalynee ($13.49 in chips) 
Seat 5: Thindifference ($26.45 in chips) 
Seat 6: HubertusB ($6.40 in chips) 
dim4ik77: posts small blind $0.05
kmedg123: posts big blind $0.10
*** HOLE CARDS ***
Dealt to HubertusB [Jd Kh]
Evalynee: folds 
Thindifference: folds 
HubertusB: raises $0.16 to $0.26
straicar: folds 
dim4ik77: folds 
kmedg123: folds 
Uncalled bet ($0.16) returned to HubertusB
HubertusB collected $0.25 from pot
HubertusB: doesn't show hand 
*** SUMMARY ***
Total pot $0.25 | Rake $0 
Seat 1: straicar (button) folded before Flop (didn't bet)
Seat 2: dim4ik77 (small blind) folded before Flop
Seat 3: kmedg123 (big blind) folded before Flop
Seat 4: Evalynee folded before Flop (didn't bet)
Seat 5: Thindifference folded before Flop (didn't bet)
Seat 6: HubertusB collected ($0.25)



PokerStars Hand #174029975175:  Hold'em No Limit ($0.05/$0.10) - 2017/08/07 20:23:04 CCT [2017/08/07 8:23:04 ET]
Table 'Aludra' 6-max Seat #1 is the button
Seat 1: djamillou ($23.48 in chips) 
Seat 2: _-BATRIM-_ ($12.49 in chips) 
Seat 3: Gostina ($21.10 in chips) 
Seat 4: siros777 ($2.29 in chips) 
Seat 5: HubertusB ($6.55 in chips) 
Seat 6: piirakka87 ($10.75 in chips) 
_-BATRIM-_: posts small blind $0.05
Gostina: posts big blind $0.10
*** HOLE CARDS ***
Dealt to HubertusB [3c 3s]
siros777: folds 
HubertusB: folds 
piirakka87: folds 
djamillou: folds 
_-BATRIM-_: folds 
Uncalled bet ($0.05) returned to Gostina
Gostina collected $0.10 from pot
Gostina: doesn't show hand 
*** SUMMARY ***
Total pot $0.10 | Rake $0 
Seat 1: djamillou (button) folded before Flop (didn't bet)
Seat 2: _-BATRIM-_ (small blind) folded before Flop
Seat 3: Gostina (big blind) collected ($0.10)
Seat 4: siros777 folded before Flop (didn't bet)
Seat 5: HubertusB folded before Flop (didn't bet)
Seat 6: piirakka87 folded before Flop (didn't bet)



PokerStars Hand #174029977815:  Hold'em No Limit ($0.05/$0.10) - 2017/08/07 20:23:10 CCT [2017/08/07 8:23:10 ET]
Table 'Aludra' 6-max Seat #1 is the button
Seat 1: HubertusB ($6.55 in chips) 
Seat 2: nikbelal ($12.27 in chips) 
Seat 3: AxuBlack ($11.56 in chips) 
Seat 4: LuckyMadnS ($6.54 in chips) 
Seat 5: P_chan08 ($18.10 in chips) 
Seat 6: justinnlt ($10 in chips) 
nikbelal: posts small blind $0.05
AxuBlack: posts big blind $0.10
*** HOLE CARDS ***
Dealt to HubertusB [Qh 5c]
LuckyMadnS: folds 
P_chan08: folds 
justinnlt: folds 
HubertusB: folds 
nikbelal: folds 
Uncalled bet ($0.05) returned to AxuBlack
AxuBlack collected $0.10 from pot
AxuBlack: doesn't show hand 
*** SUMMARY ***
Total pot $0.10 | Rake $0 
Seat 1: HubertusB (button) folded before Flop (didn't bet)
Seat 2: nikbelal (small blind) folded before Flop
Seat 3: AxuBlack (big blind) collected ($0.10)
Seat 4: LuckyMadnS folded before Flop (didn't bet)
Seat 5: P_chan08 folded before Flop (didn't bet)
Seat 6: justinnlt folded before Flop (didn't bet)



PokerStars Hand #174029980954:  Hold'em No Limit ($0.05/$0.10) - 2017/08/07 20:23:17 CCT [2017/08/07 8:23:17 ET]
Table 'Aludra' 6-max Seat #1 is the button
Seat 1: wolfskin33 ($11.22 in chips) 
Seat 2: pool_king111 ($10.68 in chips) 
Seat 3: simple s0o ($12.79 in chips) 
Seat 4: HubertusB ($6.55 in chips) 
Seat 5: straicar ($9.90 in chips) 
Seat 6: DAN74DAN ($16.28 in chips) 
pool_king111: posts small blind $0.05
simple s0o: posts big blind $0.10
*** HOLE CARDS ***
Dealt to HubertusB [Th 6d]
HubertusB: folds 
straicar: raises $0.20 to $0.30
DAN74DAN: folds 
wolfskin33: folds 
pool_king111: folds 
simple s0o: folds 
Uncalled bet ($0.20) returned to straicar
straicar collected $0.25 from pot
straicar: doesn't show hand 
*** SUMMARY ***
Total pot $0.25 | Rake $0 
Seat 1: wolfskin33 (button) folded before Flop (didn't bet)
Seat 2: pool_king111 (small blind) folded before Flop
Seat 3: simple s0o (big blind) folded before Flop
Seat 4: HubertusB folded before Flop (didn't bet)
Seat 5: straicar collected ($0.25)
Seat 6: DAN74DAN folded before Flop (didn't bet)



PokerStars Hand #174029985415:  Hold'em No Limit ($0.05/$0.10) - 2017/08/07 20:23:27 CCT [2017/08/07 8:23:27 ET]
Table 'Aludra' 6-max Seat #1 is the button
Seat 1: DAN74DAN ($6.69 in chips) 
Seat 2: HubertusB ($6.55 in chips) 
Seat 3: FuchsAt7 ($8.25 in chips) 
Seat 4: HanyBadger ($5.33 in chips) 
Seat 5: HebeFans ($12.65 in chips) 
Seat 6: Jhetfieldz ($11.77 in chips) 
HubertusB: posts small blind $0.05
FuchsAt7: posts big blind $0.10
*** HOLE CARDS ***
Dealt to HubertusB [Ac 2h]
HanyBadger: folds 
HebeFans: folds 
Jhetfieldz: folds 
DAN74DAN: folds 
HubertusB: folds 
Uncalled bet ($0.05) returned to FuchsAt7
FuchsAt7 collected $0.10 from pot
FuchsAt7: doesn't show hand 
*** SUMMARY ***
Total pot $0.10 | Rake $0 
Seat 1: DAN74DAN (button) folded before Flop (didn't bet)
Seat 2: HubertusB (small blind) folded before Flop
Seat 3: FuchsAt7 (big blind) collected ($0.10)
Seat 4: HanyBadger folded before Flop (didn't bet)
Seat 5: HebeFans folded before Flop (didn't bet)
Seat 6: Jhetfieldz folded before Flop (didn't bet)



PokerStars Hand #174029987306:  Hold'em No Limit ($0.05/$0.10) - 2017/08/07 20:23:31 CCT [2017/08/07 8:23:31 ET]
Table 'Aludra' 6-max Seat #1 is the button
Seat 1: jason032323 ($20.19 in chips) 
Seat 2: MysteryJack6 ($21.91 in chips) 
Seat 3: HubertusB ($6.50 in chips) 
Seat 4: €L E$TraGo ($10.15 in chips) 
Seat 5: kemal_zay4ik ($9.46 in chips) 
Seat 6: BigBadaBoom8 ($26.80 in chips) 
MysteryJack6: posts small blind $0.05
HubertusB: posts big blind $0.10
*** HOLE CARDS ***
Dealt to HubertusB [8d As]
€L E$TraGo: folds 
kemal_zay4ik: folds 
BigBadaBoom8: folds 
jason032323: folds 
MysteryJack6: folds 
Uncalled bet ($0.05) returned to HubertusB
HubertusB collected $0.10 from pot
HubertusB: doesn't show hand 
*** SUMMARY ***
Total pot $0.10 | Rake $0 
Seat 1: jason032323 (button) folded before Flop (didn't bet)
Seat 2: MysteryJack6 (small blind) folded before Flop
Seat 3: HubertusB (big blind) collected ($0.10)
Seat 4: €L E$TraGo folded before Flop (didn't bet)
Seat 5: kemal_zay4ik folded before Flop (didn't bet)
Seat 6: BigBadaBoom8 folded before Flop (didn't bet)



PokerStars Hand #174029983218:  Hold'em No Limit ($0.05/$0.10) - 2017/08/07 20:23:22 CCT [2017/08/07 8:23:22 ET]
Table 'Aludra' 6-max Seat #1 is the button
Seat 1: B_miha_Y ($10.12 in chips) 
Seat 2: diavola_999 ($8.75 in chips) 
Seat 3: €L E$TraGo ($10 in chips) 
Seat 4: JohnStrannik ($13.34 in chips) 
Seat 5: LoveL0lita ($14.40 in chips) 
Seat 6: HubertusB ($6.55 in chips) 
diavola_999: posts small blind $0.05
€L E$TraGo: posts big blind $0.10
*** HOLE CARDS ***
Dealt to HubertusB [5s 3s]
JohnStrannik: raises $0.20 to $0.30
LoveL0lita: calls $0.30
HubertusB: folds 
B_miha_Y: calls $0.30
diavola_999: folds 
€L E$TraGo: folds 
*** FLOP *** [7h 2d 5d]
JohnStrannik: bets $0.71
LoveL0lita: calls $0.71
B_miha_Y: folds 
*** TURN *** [7h 2d 5d] [8h]
JohnStrannik: bets $1.68
LoveL0lita: folds 
Uncalled bet ($1.68) returned to JohnStrannik
JohnStrannik collected $2.36 from pot
JohnStrannik: doesn't show hand 
*** SUMMARY ***
Total pot $2.47 | Rake $0.11 
Board [7h 2d 5d 8h]
Seat 1: B_miha_Y (button) folded on the Flop
Seat 2: diavola_999 (small blind) folded before Flop
Seat 3: €L E$TraGo (big blind) folded before Flop
Seat 4: JohnStrannik collected ($2.36)
Seat 5: LoveL0lita folded on the Turn
Seat 6: HubertusB folded before Flop (didn't bet)



PokerStars Hand #174029992665:  Hold'em No Limit ($0.05/$0.10) - 2017/08/07 20:23:43 CCT [2017/08/07 8:23:43 ET]
Table 'Aludra' 6-max Seat #1 is the button
Seat 1: HubertusB ($6.55 in chips) 
Seat 2: straicar ($10.15 in chips) 
Seat 3: Stackoffski ($10 in chips) 
Seat 4: cozul ($10.08 in chips) 
Seat 5: leo12348888 ($9.83 in chips) 
Seat 6: AxuBlack ($11.56 in chips) 
straicar: posts small blind $0.05
Stackoffski: posts big blind $0.10
*** HOLE CARDS ***
Dealt to HubertusB [8c 5s]
cozul: folds 
leo12348888: folds 
AxuBlack: folds 
HubertusB: folds 
straicar: raises $0.20 to $0.30
Stackoffski: calls $0.20
*** FLOP *** [3s Ks 8d]
straicar: checks 
Stackoffski: bets $0.29
straicar: folds 
Uncalled bet ($0.29) returned to Stackoffski
Stackoffski collected $0.57 from pot
Stackoffski: doesn't show hand 
*** SUMMARY ***
Total pot $0.60 | Rake $0.03 
Board [3s Ks 8d]
Seat 1: HubertusB (button) folded before Flop (didn't bet)
Seat 2: straicar (small blind) folded on the Flop
Seat 3: Stackoffski (big blind) collected ($0.57)
Seat 4: cozul folded before Flop (didn't bet)
Seat 5: leo12348888 folded before Flop (didn't bet)
Seat 6: AxuBlack folded before Flop (didn't bet)



PokerStars Hand #174029994906:  Hold'em No Limit ($0.05/$0.10) - 2017/08/07 20:23:48 CCT [2017/08/07 8:23:48 ET]
Table 'Aludra' 6-max Seat #1 is the button
Seat 1: sneakydeer ($10.45 in chips) 
Seat 2: nervhy ($10.17 in chips) 
Seat 3: HebeFans ($10.51 in chips) 
Seat 4: elektro1977 ($14.59 in chips) 
Seat 5: HubertusB ($6.55 in chips) 
Seat 6: sketalva ($8.59 in chips) 
nervhy: posts small blind $0.05
HebeFans: posts big blind $0.10
*** HOLE CARDS ***
Dealt to HubertusB [5s 7h]
elektro1977: folds 
HubertusB: folds 
sketalva: folds 
sneakydeer: raises $0.10 to $0.20
nervhy: raises $0.10 to $0.30
HebeFans: raises $0.80 to $1.10
sneakydeer: folds 
nervhy: calls $0.80
*** FLOP *** [Jc 5d 6s]
nervhy: checks 
HebeFans: bets $1.10
nervhy: calls $1.10
*** TURN *** [Jc 5d 6s] [As]
nervhy: checks 
HebeFans: checks 
*** RIVER *** [Jc 5d 6s As] [Ah]
nervhy: bets $5
HebeFans: calls $5
*** SHOW DOWN ***
nervhy: shows [Ac Jd] (a full house, Aces full of Jacks)
HebeFans: mucks hand 
nervhy collected $13.94 from pot
*** SUMMARY ***
Total pot $14.60 | Rake $0.66 
Board [Jc 5d 6s As Ah]
Seat 1: sneakydeer (button) folded before Flop
Seat 2: nervhy (small blind) showed [Ac Jd] and won ($13.94) with a full house, Aces full of Jacks
Seat 3: HebeFans (big blind) mucked [Ad Kd]
Seat 4: elektro1977 folded before Flop (didn't bet)
Seat 5: HubertusB folded before Flop (didn't bet)
Seat 6: sketalva folded before Flop (didn't bet)



PokerStars Hand #174029997201:  Hold'em No Limit ($0.05/$0.10) - 2017/08/07 20:23:53 CCT [2017/08/07 8:23:53 ET]
Table 'Aludra' 6-max Seat #1 is the button
Seat 1: Pog-Mo-hone ($36.41 in chips) 
Seat 2: 1H8P0K3R ($8.61 in chips) 
Seat 3: TsyhanouPS ($12.76 in chips) 
Seat 4: leo12348888 ($9.83 in chips) 
Seat 5: HubertusB ($6.55 in chips) 
Seat 6: straicar ($9.85 in chips) 
1H8P0K3R: posts small blind $0.05
TsyhanouPS: posts big blind $0.10
*** HOLE CARDS ***
Dealt to HubertusB [7s 8s]
leo12348888: folds 
HubertusB: raises $0.16 to $0.26
straicar: folds 
Pog-Mo-hone: folds 
1H8P0K3R: folds 
TsyhanouPS: raises $0.54 to $0.80
HubertusB: calls $0.54
*** FLOP *** [6d Ah 4s]
TsyhanouPS: checks 
HubertusB: bets $0.90
TsyhanouPS: calls $0.90
*** TURN *** [6d Ah 4s] [Kh]
TsyhanouPS: checks 
HubertusB: checks 
*** RIVER *** [6d Ah 4s Kh] [Qs]
TsyhanouPS: checks 
HubertusB: checks 
*** SHOW DOWN ***
TsyhanouPS: shows [Ts Th] (a pair of Tens)
HubertusB: mucks hand 
TsyhanouPS collected $3.29 from pot
*** SUMMARY ***
Total pot $3.45 | Rake $0.16 
Board [6d Ah 4s Kh Qs]
Seat 1: Pog-Mo-hone (button) folded before Flop (didn't bet)
Seat 2: 1H8P0K3R (small blind) folded before Flop
Seat 3: TsyhanouPS (big blind) showed [Ts Th] and won ($3.29) with a pair of Tens
Seat 4: leo12348888 folded before Flop (didn't bet)
Seat 5: HubertusB mucked [7s 8s]
Seat 6: straicar folded before Flop (didn't bet)



PokerStars Hand #174030031447:  Hold'em No Limit ($0.05/$0.10) - 2017/08/07 20:25:09 CCT [2017/08/07 8:25:09 ET]
Table 'Aludra' 6-max Seat #1 is the button
Seat 1: BigBadaBoom8 ($41.11 in chips) 
Seat 2: Jim Hopens ($14.51 in chips) 
Seat 3: HubertusB ($4.85 in chips) 
Seat 4: slamliu ($18.03 in chips) 
Seat 5: godoy1981 ($19.14 in chips) 
Seat 6: vyggandas ($10.55 in chips) 
Jim Hopens: posts small blind $0.05
HubertusB: posts big blind $0.10
*** HOLE CARDS ***
Dealt to HubertusB [8c 9d]
slamliu: raises $0.15 to $0.25
godoy1981: folds 
vyggandas: folds 
BigBadaBoom8: folds 
Jim Hopens: folds 
HubertusB: folds 
Uncalled bet ($0.15) returned to slamliu
slamliu collected $0.25 from pot
slamliu: doesn't show hand 
*** SUMMARY ***
Total pot $0.25 | Rake $0 
Seat 1: BigBadaBoom8 (button) folded before Flop (didn't bet)
Seat 2: Jim Hopens (small blind) folded before Flop
Seat 3: HubertusB (big blind) folded before Flop
Seat 4: slamliu collected ($0.25)
Seat 5: godoy1981 folded before Flop (didn't bet)
Seat 6: vyggandas folded before Flop (didn't bet)



PokerStars Hand #174030029183:  Hold'em No Limit ($0.05/$0.10) - 2017/08/07 20:25:04 CCT [2017/08/07 8:25:04 ET]
Table 'Aludra' 6-max Seat #1 is the button
Seat 1: Moszes360 ($11.06 in chips) 
Seat 2: TROFIM.M ($7.13 in chips) 
Seat 3: piirakka87 ($10 in chips) 
Seat 4: HubertusB ($4.85 in chips) 
Seat 5: MysteryJack6 ($22.42 in chips) 
Seat 6: BigBadaBoom8 ($41.11 in chips) 
TROFIM.M: posts small blind $0.05
piirakka87: posts big blind $0.10
*** HOLE CARDS ***
Dealt to HubertusB [9h 2h]
HubertusB: folds 
MysteryJack6: folds 
BigBadaBoom8: folds 
Moszes360: raises $0.15 to $0.25
TROFIM.M: calls $0.20
piirakka87: folds 
*** FLOP *** [6d Ts 5s]
TROFIM.M: checks 
Moszes360: checks 
*** TURN *** [6d Ts 5s] [Jc]
TROFIM.M: bets $0.29
Moszes360: calls $0.29
*** RIVER *** [6d Ts 5s Jc] [8d]
TROFIM.M: checks 
Moszes360: bets $0.85
TROFIM.M: calls $0.85
*** SHOW DOWN ***
Moszes360: shows [Jd 8s] (two pair, Jacks and Eights)
TROFIM.M: mucks hand 
Moszes360 collected $2.75 from pot
*** SUMMARY ***
Total pot $2.88 | Rake $0.13 
Board [6d Ts 5s Jc 8d]
Seat 1: Moszes360 (button) showed [Jd 8s] and won ($2.75) with two pair, Jacks and Eights
Seat 2: TROFIM.M (small blind) mucked [Kc Td]
Seat 3: piirakka87 (big blind) folded before Flop
Seat 4: HubertusB folded before Flop (didn't bet)
Seat 5: MysteryJack6 folded before Flop (didn't bet)
Seat 6: BigBadaBoom8 folded before Flop (didn't bet)



PokerStars Hand #174030037766:  Hold'em No Limit ($0.05/$0.10) - 2017/08/07 20:25:23 CCT [2017/08/07 8:25:23 ET]
Table 'Aludra' 6-max Seat #1 is the button
Seat 1: cozul ($16.35 in chips) 
Seat 2: MysteryJack6 ($22.47 in chips) 
Seat 3: zazexp ($10 in chips) 
Seat 4: MarshalKonev ($22.80 in chips) 
Seat 5: ChikoKz740 ($10.40 in chips) 
Seat 6: HubertusB ($4.70 in chips) 
MysteryJack6: posts small blind $0.05
zazexp: posts big blind $0.10
*** HOLE CARDS ***
Dealt to HubertusB [6c 5s]
MarshalKonev: folds 
ChikoKz740: folds 
HubertusB: folds 
cozul: raises $0.15 to $0.25
MysteryJack6: folds 
zazexp: folds 
Uncalled bet ($0.15) returned to cozul
cozul collected $0.25 from pot
cozul: doesn't show hand 
*** SUMMARY ***
Total pot $0.25 | Rake $0 
Seat 1: cozul (button) collected ($0.25)
Seat 2: MysteryJack6 (small blind) folded before Flop
Seat 3: zazexp (big blind) folded before Flop
Seat 4: MarshalKonev folded before Flop (didn't bet)
Seat 5: ChikoKz740 folded before Flop (didn't bet)
Seat 6: HubertusB folded before Flop (didn't bet)



PokerStars Hand #174030040445:  Hold'em No Limit ($0.05/$0.10) - 2017/08/07 20:25:29 CCT [2017/08/07 8:25:29 ET]
Table 'Aludra' 6-max Seat #1 is the button
Seat 1: HubertusB ($4.70 in chips) 
Seat 2: Gostina ($14.99 in chips) 
Seat 3: jason032323 ($16.45 in chips) 
Seat 4: TsyhanouPS ($15.99 in chips) 
Seat 5: zackypokey ($10.02 in chips) 
Seat 6: Tolstyak056 ($22.83 in chips) 
Gostina: posts small blind $0.05
jason032323: posts big blind $0.10
*** HOLE CARDS ***
Dealt to HubertusB [5h 8d]
TsyhanouPS: folds 
zackypokey: folds 
Tolstyak056: folds 
HubertusB: folds 
Gostina: folds 
Uncalled bet ($0.05) returned to jason032323
jason032323 collected $0.10 from pot
jason032323: doesn't show hand 
*** SUMMARY ***
Total pot $0.10 | Rake $0 
Seat 1: HubertusB (button) folded before Flop (didn't bet)
Seat 2: Gostina (small blind) folded before Flop
Seat 3: jason032323 (big blind) collected ($0.10)
Seat 4: TsyhanouPS folded before Flop (didn't bet)
Seat 5: zackypokey folded before Flop (didn't bet)
Seat 6: Tolstyak056 folded before Flop (didn't bet)



PokerStars Hand #174030035533:  Hold'em No Limit ($0.05/$0.10) - 2017/08/07 20:25:18 CCT [2017/08/07 8:25:18 ET]
Table 'Aludra' 6-max Seat #1 is the button
Seat 1: Nikolas19711 ($8.06 in chips) 
Seat 2: HubertusB ($4.75 in chips) 
Seat 3: salim_erdek ($5 in chips) 
Seat 4: fistel ($17.85 in chips) 
Seat 5: slamliu ($11.77 in chips) 
Seat 6: kuba.enjoy ($12.87 in chips) 
HubertusB: posts small blind $0.05
salim_erdek: posts big blind $0.10
*** HOLE CARDS ***
Dealt to HubertusB [Ad 6c]
fistel: folds 
slamliu: raises $0.15 to $0.25
kuba.enjoy: calls $0.25
Nikolas19711: calls $0.25
HubertusB: folds 
salim_erdek: folds 
*** FLOP *** [Jc Kh 6h]
slamliu: bets $0.26
kuba.enjoy: folds 
Nikolas19711: calls $0.26
*** TURN *** [Jc Kh 6h] [7d]
slamliu: bets $0.41
Nikolas19711: calls $0.41
*** RIVER *** [Jc Kh 6h 7d] [7s]
slamliu: checks 
Nikolas19711: bets $0.40
slamliu: calls $0.40
*** SHOW DOWN ***
Nikolas19711: shows [Ks Tc] (two pair, Kings and Sevens)
slamliu: mucks hand 
Nikolas19711 collected $2.90 from pot
*** SUMMARY ***
Total pot $3.04 | Rake $0.14 
Board [Jc Kh 6h 7d 7s]
Seat 1: Nikolas19711 (button) showed [Ks Tc] and won ($2.90) with two pair, Kings and Sevens
Seat 2: HubertusB (small blind) folded before Flop
Seat 3: salim_erdek (big blind) folded before Flop
Seat 4: fistel folded before Flop (didn't bet)
Seat 5: slamliu mucked [Qh Js]
Seat 6: kuba.enjoy folded on the Flop



PokerStars Hand #174030044974:  Hold'em No Limit ($0.05/$0.10) - 2017/08/07 20:25:39 CCT [2017/08/07 8:25:39 ET]
Table 'Aludra' 6-max Seat #1 is the button
Seat 1: ckostt ($10 in chips) 
Seat 2: HubertusB ($4.70 in chips) 
Seat 3: Adrian197879 ($5.97 in chips) 
Seat 4: afrika14 ($22.13 in chips) 
Seat 5: maksim8202 ($4.97 in chips) 
Seat 6: Atercx ($10.53 in chips) 
HubertusB: posts small blind $0.05
Adrian197879: posts big blind $0.10
*** HOLE CARDS ***
Dealt to HubertusB [Tc 9s]
afrika14: folds 
maksim8202: folds 
Atercx: raises $0.15 to $0.25
ckostt: folds 
HubertusB: folds 
Adrian197879: folds 
Uncalled bet ($0.15) returned to Atercx
Atercx collected $0.25 from pot
Atercx: doesn't show hand 
*** SUMMARY ***
Total pot $0.25 | Rake $0 
Seat 1: ckostt (button) folded before Flop (didn't bet)
Seat 2: HubertusB (small blind) folded before Flop
Seat 3: Adrian197879 (big blind) folded before Flop
Seat 4: afrika14 folded before Flop (didn't bet)
Seat 5: maksim8202 folded before Flop (didn't bet)
Seat 6: Atercx collected ($0.25)



PokerStars Hand #174030050400:  Hold'em No Limit ($0.05/$0.10) - 2017/08/07 20:25:51 CCT [2017/08/07 8:25:51 ET]
Table 'Aludra' 6-max Seat #1 is the button
Seat 1: MayaPattaya ($10.80 in chips) 
Seat 2: Atercx ($10.68 in chips) 
Seat 3: Hundu007 ($5 in chips) 
Seat 4: glossy.udval ($23.64 in chips) 
Seat 5: hitniks ($13.74 in chips) 
Seat 6: HubertusB ($4.65 in chips) 
Atercx: posts small blind $0.05
Hundu007: posts big blind $0.10
*** HOLE CARDS ***
Dealt to HubertusB [Qs 3c]
glossy.udval: folds 
hitniks: folds 
HubertusB: folds 
MayaPattaya: folds 
Atercx: raises $0.15 to $0.25
Hundu007: folds 
Uncalled bet ($0.15) returned to Atercx
Atercx collected $0.20 from pot
Atercx: doesn't show hand 
*** SUMMARY ***
Total pot $0.20 | Rake $0 
Seat 1: MayaPattaya (button) folded before Flop (didn't bet)
Seat 2: Atercx (small blind) collected ($0.20)
Seat 3: Hundu007 (big blind) folded before Flop
Seat 4: glossy.udval folded before Flop (didn't bet)
Seat 5: hitniks folded before Flop (didn't bet)
Seat 6: HubertusB folded before Flop (didn't bet)



PokerStars Hand #174030052603:  Hold'em No Limit ($0.05/$0.10) - 2017/08/07 20:25:56 CCT [2017/08/07 8:25:56 ET]
Table 'Aludra' 6-max Seat #1 is the button
Seat 1: Diamond-PL ($13 in chips) 
Seat 2: AndreyK11 ($10 in chips) 
Seat 3: HubertusB ($4.65 in chips) 
Seat 4: Stackoffski ($10.22 in chips) 
Seat 5: gen1337 ($10 in chips) 
Seat 6: cozul ($20.58 in chips) 
AndreyK11: posts small blind $0.05
HubertusB: posts big blind $0.10
*** HOLE CARDS ***
Dealt to HubertusB [8h Qd]
Stackoffski: folds 
gen1337: folds 
cozul: folds 
Diamond-PL: raises $0.20 to $0.30
AndreyK11: folds 
HubertusB: folds 
Uncalled bet ($0.20) returned to Diamond-PL
Diamond-PL collected $0.25 from pot
Diamond-PL: doesn't show hand 
*** SUMMARY ***
Total pot $0.25 | Rake $0 
Seat 1: Diamond-PL (button) collected ($0.25)
Seat 2: AndreyK11 (small blind) folded before Flop
Seat 3: HubertusB (big blind) folded before Flop
Seat 4: Stackoffski folded before Flop (didn't bet)
Seat 5: gen1337 folded before Flop (didn't bet)
Seat 6: cozul folded before Flop (didn't bet)



PokerStars Hand #174030047699:  Hold'em No Limit ($0.05/$0.10) - 2017/08/07 20:25:45 CCT [2017/08/07 8:25:45 ET]
Table 'Aludra' 6-max Seat #1 is the button
Seat 1: xex_serg ($13.95 in chips) 
Seat 2: Evalynee ($21.50 in chips) 
Seat 3: €L E$TraGo ($10 in chips) 
Seat 4: HubertusB ($4.65 in chips) 
Seat 5: AndreyK11 ($10 in chips) 
Seat 6: Mst. Yaddle ($37.01 in chips) 
Evalynee: posts small blind $0.05
€L E$TraGo: posts big blind $0.10
*** HOLE CARDS ***
Dealt to HubertusB [4d 6d]
HubertusB: folds 
AndreyK11: folds 
Mst. Yaddle: raises $0.15 to $0.25
xex_serg: raises $0.55 to $0.80
Evalynee: folds 
€L E$TraGo: folds 
Mst. Yaddle: folds 
Uncalled bet ($0.55) returned to xex_serg
xex_serg collected $0.65 from pot
xex_serg: doesn't show hand 
*** SUMMARY ***
Total pot $0.65 | Rake $0 
Seat 1: xex_serg (button) collected ($0.65)
Seat 2: Evalynee (small blind) folded before Flop
Seat 3: €L E$TraGo (big blind) folded before Flop
Seat 4: HubertusB folded before Flop (didn't bet)
Seat 5: AndreyK11 folded before Flop (didn't bet)
Seat 6: Mst. Yaddle folded before Flop



PokerStars Hand #174030042697:  Hold'em No Limit ($0.05/$0.10) - 2017/08/07 20:25:34 CCT [2017/08/07 8:25:34 ET]
Table 'Aludra' 6-max Seat #1 is the button
Seat 1: godoy1981 ($10 in chips) 
Seat 2: Mr_Bobofruit ($18.29 in chips) 
Seat 3: xex_serg ($10.76 in chips) 
Seat 4: kala222 ($11.64 in chips) 
Seat 5: HubertusB ($4.70 in chips) 
Seat 6: kyouhei1013 ($15.45 in chips) 
Mr_Bobofruit: posts small blind $0.05
xex_serg: posts big blind $0.10
*** HOLE CARDS ***
Dealt to HubertusB [2d 8s]
kala222: folds 
HubertusB: folds 
kyouhei1013 has timed out
kyouhei1013: folds 
godoy1981: raises $0.14 to $0.24
Mr_Bobofruit: folds 
xex_serg: calls $0.14
*** FLOP *** [Td 9c Ac]
xex_serg: checks 
godoy1981: bets $0.26
xex_serg: folds 
Uncalled bet ($0.26) returned to godoy1981
godoy1981 collected $0.51 from pot
godoy1981: doesn't show hand 
*** SUMMARY ***
Total pot $0.53 | Rake $0.02 
Board [Td 9c Ac]
Seat 1: godoy1981 (button) collected ($0.51)
Seat 2: Mr_Bobofruit (small blind) folded before Flop
Seat 3: xex_serg (big blind) folded on the Flop
Seat 4: kala222 folded before Flop (didn't bet)
Seat 5: HubertusB folded before Flop (didn't bet)
Seat 6: kyouhei1013 folded before Flop (didn't bet)



PokerStars Hand #174030058069:  Hold'em No Limit ($0.05/$0.10) - 2017/08/07 20:26:08 CCT [2017/08/07 8:26:08 ET]
Table 'Aludra' 6-max Seat #1 is the button
Seat 1: HubertusB ($4.55 in chips) 
Seat 2: zackypokey ($13.32 in chips) 
Seat 3: TsyhanouPS ($15.94 in chips) 
Seat 4: BigBadaBoom8 ($26.35 in chips) 
Seat 5: pryanikR ($4.58 in chips) 
Seat 6: Stackoffski ($10.66 in chips) 
zackypokey: posts small blind $0.05
TsyhanouPS: posts big blind $0.10
*** HOLE CARDS ***
Dealt to HubertusB [3d 7h]
BigBadaBoom8: folds 
pryanikR: folds 
Stackoffski: folds 
HubertusB: folds 
zackypokey: raises $0.15 to $0.25
TsyhanouPS: folds 
Uncalled bet ($0.15) returned to zackypokey
zackypokey collected $0.20 from pot
zackypokey: doesn't show hand 
*** SUMMARY ***
Total pot $0.20 | Rake $0 
Seat 1: HubertusB (button) folded before Flop (didn't bet)
Seat 2: zackypokey (small blind) collected ($0.20)
Seat 3: TsyhanouPS (big blind) folded before Flop
Seat 4: BigBadaBoom8 folded before Flop (didn't bet)
Seat 5: pryanikR folded before Flop (didn't bet)
Seat 6: Stackoffski folded before Flop (didn't bet)



PokerStars Hand #174030062161:  Hold'em No Limit ($0.05/$0.10) - 2017/08/07 20:26:17 CCT [2017/08/07 8:26:17 ET]
Table 'Aludra' 6-max Seat #1 is the button
Seat 1: LoveOnTop ($10.25 in chips) 
Seat 2: straicar ($9.90 in chips) 
Seat 3: Larisa0705 ($10 in chips) 
Seat 4: DJ_Maniac385 ($16.85 in chips) 
Seat 5: HubertusB ($4.55 in chips) 
Seat 6: bluffshanx ($11.97 in chips) 
straicar: posts small blind $0.05
Larisa0705: posts big blind $0.10
*** HOLE CARDS ***
Dealt to HubertusB [Ah Qd]
DJ_Maniac385: folds 
HubertusB: raises $0.20 to $0.30
bluffshanx: folds 
LoveOnTop: folds 
straicar: folds 
Larisa0705: folds 
Uncalled bet ($0.20) returned to HubertusB
HubertusB collected $0.25 from pot
HubertusB: doesn't show hand 
*** SUMMARY ***
Total pot $0.25 | Rake $0 
Seat 1: LoveOnTop (button) folded before Flop (didn't bet)
Seat 2: straicar (small blind) folded before Flop
Seat 3: Larisa0705 (big blind) folded before Flop
Seat 4: DJ_Maniac385 folded before Flop (didn't bet)
Seat 5: HubertusB collected ($0.25)
Seat 6: bluffshanx folded before Flop (didn't bet)



PokerStars Hand #174030060330:  Hold'em No Limit ($0.05/$0.10) - 2017/08/07 20:26:13 CCT [2017/08/07 8:26:13 ET]
Table 'Aludra' 6-max Seat #1 is the button
Seat 1: madravida ($8 in chips) 
Seat 2: BigBadaBoom8 ($10 in chips) 
Seat 3: Chicorito777 ($10.77 in chips) 
Seat 4: Mr.Terek ($16.66 in chips) 
Seat 5: GrrGrrGrauw ($16.48 in chips) 
Seat 6: HubertusB ($4.55 in chips) 
BigBadaBoom8: posts small blind $0.05
Chicorito777: posts big blind $0.10
*** HOLE CARDS ***
Dealt to HubertusB [5c Jd]
Mr.Terek: folds 
GrrGrrGrauw: raises $0.20 to $0.30
HubertusB: folds 
madravida: folds 
BigBadaBoom8: raises $0.60 to $0.90
Chicorito777: folds 
GrrGrrGrauw: folds 
Uncalled bet ($0.60) returned to BigBadaBoom8
BigBadaBoom8 collected $0.70 from pot
BigBadaBoom8: doesn't show hand 
*** SUMMARY ***
Total pot $0.70 | Rake $0 
Seat 1: madravida (button) folded before Flop (didn't bet)
Seat 2: BigBadaBoom8 (small blind) collected ($0.70)
Seat 3: Chicorito777 (big blind) folded before Flop
Seat 4: Mr.Terek folded before Flop (didn't bet)
Seat 5: GrrGrrGrauw folded before Flop
Seat 6: HubertusB folded before Flop (didn't bet)



PokerStars Hand #174030070774:  Hold'em No Limit ($0.05/$0.10) - 2017/08/07 20:26:36 CCT [2017/08/07 8:26:36 ET]
Table 'Aludra' 6-max Seat #1 is the button
Seat 1: sneakydeer ($10.20 in chips) 
Seat 2: glossy.udval ($23.54 in chips) 
Seat 3: HubertusB ($4.70 in chips) 
Seat 4: LuckyMadnS ($5.42 in chips) 
Seat 5: LoveL0lita ($17.57 in chips) 
Seat 6: regularfishf ($9.70 in chips) 
glossy.udval: posts small blind $0.05
HubertusB: posts big blind $0.10
*** HOLE CARDS ***
Dealt to HubertusB [Th 6d]
LuckyMadnS: raises $0.10 to $0.20
LoveL0lita: folds 
regularfishf: folds 
sneakydeer: folds 
glossy.udval: calls $0.15
HubertusB: folds 
*** FLOP *** [2c Qd 6h]
glossy.udval: checks 
LuckyMadnS: checks 
*** TURN *** [2c Qd 6h] [Ac]
glossy.udval: checks 
LuckyMadnS: checks 
*** RIVER *** [2c Qd 6h Ac] [8d]
glossy.udval: checks 
LuckyMadnS: checks 
*** SHOW DOWN ***
glossy.udval: shows [Kc Qs] (a pair of Queens)
LuckyMadnS: mucks hand 
glossy.udval collected $0.48 from pot
*** SUMMARY ***
Total pot $0.50 | Rake $0.02 
Board [2c Qd 6h Ac 8d]
Seat 1: sneakydeer (button) folded before Flop (didn't bet)
Seat 2: glossy.udval (small blind) showed [Kc Qs] and won ($0.48) with a pair of Queens
Seat 3: HubertusB (big blind) folded before Flop
Seat 4: LuckyMadnS mucked [4d 4s]
Seat 5: LoveL0lita folded before Flop (didn't bet)
Seat 6: regularfishf folded before Flop (didn't bet)



PokerStars Hand #174030073056:  Hold'em No Limit ($0.05/$0.10) - 2017/08/07 20:26:41 CCT [2017/08/07 8:26:41 ET]
Table 'Aludra' 6-max Seat #1 is the button
Seat 1: twisterk_12 ($10 in chips) 
Seat 2: DOCTORWUPPIE ($8.24 in chips) 
Seat 3: elektro1977 ($11.43 in chips) 
Seat 4: HubertusB ($4.60 in chips) 
Seat 5: godoy1981 ($19.20 in chips) 
Seat 6: ChikoKz740 ($10.97 in chips) 
DOCTORWUPPIE: posts small blind $0.05
elektro1977: posts big blind $0.10
*** HOLE CARDS ***
Dealt to HubertusB [4h Qc]
HubertusB: folds 
godoy1981: folds 
ChikoKz740: folds 
twisterk_12: folds 
DOCTORWUPPIE: folds 
Uncalled bet ($0.05) returned to elektro1977
elektro1977 collected $0.10 from pot
elektro1977: doesn't show hand 
*** SUMMARY ***
Total pot $0.10 | Rake $0 
Seat 1: twisterk_12 (button) folded before Flop (didn't bet)
Seat 2: DOCTORWUPPIE (small blind) folded before Flop
Seat 3: elektro1977 (big blind) collected ($0.10)
Seat 4: HubertusB folded before Flop (didn't bet)
Seat 5: godoy1981 folded before Flop (didn't bet)
Seat 6: ChikoKz740 folded before Flop (didn't bet)



PokerStars Hand #174030075274:  Hold'em No Limit ($0.05/$0.10) - 2017/08/07 20:26:46 CCT [2017/08/07 8:26:46 ET]
Table 'Aludra' 6-max Seat #1 is the button
Seat 1: NastySkank ($10.05 in chips) 
Seat 2: HubertusB ($4.60 in chips) 
Seat 3: okieh1 ($4.56 in chips) 
Seat 4: kemal_zay4ik ($9.62 in chips) 
Seat 5: Dteam-92 ($10.05 in chips) 
Seat 6: CRAZYROFL ($9.18 in chips) 
HubertusB: posts small blind $0.05
okieh1: posts big blind $0.10
*** HOLE CARDS ***
Dealt to HubertusB [8d Ac]
kemal_zay4ik: folds 
Dteam-92: folds 
CRAZYROFL: folds 
NastySkank: folds 
HubertusB: folds 
Uncalled bet ($0.05) returned to okieh1
okieh1 collected $0.10 from pot
okieh1: doesn't show hand 
*** SUMMARY ***
Total pot $0.10 | Rake $0 
Seat 1: NastySkank (button) folded before Flop (didn't bet)
Seat 2: HubertusB (small blind) folded before Flop
Seat 3: okieh1 (big blind) collected ($0.10)
Seat 4: kemal_zay4ik folded before Flop (didn't bet)
Seat 5: Dteam-92 folded before Flop (didn't bet)
Seat 6: CRAZYROFL folded before Flop (didn't bet)



PokerStars Hand #174030079839:  Hold'em No Limit ($0.05/$0.10) - 2017/08/07 20:26:56 CCT [2017/08/07 8:26:56 ET]
Table 'Aludra' 6-max Seat #1 is the button
Seat 1: HubertusB ($4.55 in chips) 
Seat 2: DJMev ($11.49 in chips) 
Seat 3: diavola_999 ($9.78 in chips) 
Seat 4: fantasyluo ($12.23 in chips) 
Seat 5: LoveL0lita ($12.08 in chips) 
Seat 6: N.Damianov ($10.61 in chips) 
DJMev: posts small blind $0.05
diavola_999: posts big blind $0.10
*** HOLE CARDS ***
Dealt to HubertusB [7h 7c]
fantasyluo: folds 
LoveL0lita: folds 
N.Damianov: folds 
HubertusB: raises $0.20 to $0.30
DJMev: folds 
diavola_999: calls $0.20
*** FLOP *** [8h 7d 3d]
diavola_999: bets $0.30
HubertusB: raises $0.60 to $0.90
diavola_999: calls $0.60
*** TURN *** [8h 7d 3d] [Qd]
diavola_999: checks 
HubertusB: bets $1.29
diavola_999: folds 
Uncalled bet ($1.29) returned to HubertusB
HubertusB collected $2.34 from pot
HubertusB: doesn't show hand 
*** SUMMARY ***
Total pot $2.45 | Rake $0.11 
Board [8h 7d 3d Qd]
Seat 1: HubertusB (button) collected ($2.34)
Seat 2: DJMev (small blind) folded before Flop
Seat 3: diavola_999 (big blind) folded on the Turn
Seat 4: fantasyluo folded before Flop (didn't bet)
Seat 5: LoveL0lita folded before Flop (didn't bet)
Seat 6: N.Damianov folded before Flop (didn't bet)



PokerStars Hand #174030077587:  Hold'em No Limit ($0.05/$0.10) - 2017/08/07 20:26:51 CCT [2017/08/07 8:26:51 ET]
Table 'Aludra' 6-max Seat #1 is the button
Seat 1: shisuke408 ($18.69 in chips) 
Seat 2: zloy_00 ($12.23 in chips) 
Seat 3: LoveL0lita ($17.52 in chips) 
Seat 4: HubertusB ($4.55 in chips) 
Seat 5: €L E$TraGo ($10 in chips) 
Seat 6: jason032323 ($16.35 in chips) 
zloy_00: posts small blind $0.05
LoveL0lita: posts big blind $0.10
*** HOLE CARDS ***
Dealt to HubertusB [Ac 5s]
HubertusB: folds 
€L E$TraGo: folds 
jason032323: folds 
shisuke408: folds 
zloy_00: raises $0.15 to $0.25
LoveL0lita: calls $0.15
*** FLOP *** [Qc Qs Jc]
zloy_00: checks 
LoveL0lita: checks 
*** TURN *** [Qc Qs Jc] [Ah]
zloy_00: bets $0.32
LoveL0lita: calls $0.32
*** RIVER *** [Qc Qs Jc Ah] [Js]
zloy_00: checks 
LoveL0lita: bets $1.09
zloy_00: calls $1.09
*** SHOW DOWN ***
LoveL0lita: shows [Qh Jd] (a full house, Queens full of Jacks)
zloy_00: mucks hand 
LoveL0lita collected $3.17 from pot
*** SUMMARY ***
Total pot $3.32 | Rake $0.15 
Board [Qc Qs Jc Ah Js]
Seat 1: shisuke408 (button) folded before Flop (didn't bet)
Seat 2: zloy_00 (small blind) mucked [6d Ad]
Seat 3: LoveL0lita (big blind) showed [Qh Jd] and won ($3.17) with a full house, Queens full of Jacks
Seat 4: HubertusB folded before Flop (didn't bet)
Seat 5: €L E$TraGo folded before Flop (didn't bet)
Seat 6: jason032323 folded before Flop (didn't bet)



PokerStars Hand #174030100391:  Hold'em No Limit ($0.05/$0.10) - 2017/08/07 20:27:41 CCT [2017/08/07 8:27:41 ET]
Table 'Aludra' 6-max Seat #1 is the button
Seat 1: masspri ($10.97 in chips) 
Seat 2: 4ofakind1489 ($10.26 in chips) 
Seat 3: ErdemMis ($20.52 in chips) 
Seat 4: HubertusB ($5.69 in chips) 
Seat 5: tesi x ($42.20 in chips) 
Seat 6: bokanda82 ($12.46 in chips) 
4ofakind1489: posts small blind $0.05
ErdemMis: posts big blind $0.10
*** HOLE CARDS ***
Dealt to HubertusB [4d 4c]
HubertusB: folds 
tesi x: folds 
bokanda82: raises $0.20 to $0.30
masspri: folds 
4ofakind1489: folds 
ErdemMis: folds 
Uncalled bet ($0.20) returned to bokanda82
bokanda82 collected $0.25 from pot
bokanda82: doesn't show hand 
*** SUMMARY ***
Total pot $0.25 | Rake $0 
Seat 1: masspri (button) folded before Flop (didn't bet)
Seat 2: 4ofakind1489 (small blind) folded before Flop
Seat 3: ErdemMis (big blind) folded before Flop
Seat 4: HubertusB folded before Flop (didn't bet)
Seat 5: tesi x folded before Flop (didn't bet)
Seat 6: bokanda82 collected ($0.25)



PokerStars Hand #174030103097:  Hold'em No Limit ($0.05/$0.10) - 2017/08/07 20:27:47 CCT [2017/08/07 8:27:47 ET]
Table 'Aludra' 6-max Seat #1 is the button
Seat 1: P_chan08 ($17.25 in chips) 
Seat 2: Jhetfieldz ($12.05 in chips) 
Seat 3: slamliu ($13.71 in chips) 
Seat 4: DIDOKMAG ($6.54 in chips) 
Seat 5: masspri ($10.97 in chips) 
Seat 6: HubertusB ($5.69 in chips) 
Jhetfieldz: posts small blind $0.05
slamliu: posts big blind $0.10
*** HOLE CARDS ***
Dealt to HubertusB [9s 9h]
DIDOKMAG: folds 
masspri: folds 
HubertusB: raises $0.20 to $0.30
P_chan08: calls $0.30
Jhetfieldz: folds 
slamliu: folds 
*** FLOP *** [Kc Kh 9d]
HubertusB: bets $0.40
P_chan08: folds 
Uncalled bet ($0.40) returned to HubertusB
HubertusB collected $0.72 from pot
HubertusB: doesn't show hand 
*** SUMMARY ***
Total pot $0.75 | Rake $0.03 
Board [Kc Kh 9d]
Seat 1: P_chan08 (button) folded on the Flop
Seat 2: Jhetfieldz (small blind) folded before Flop
Seat 3: slamliu (big blind) folded before Flop
Seat 4: DIDOKMAG folded before Flop (didn't bet)
Seat 5: masspri folded before Flop (didn't bet)
Seat 6: HubertusB collected ($0.72)



PokerStars Hand #174030117086:  Hold'em No Limit ($0.05/$0.10) - 2017/08/07 20:28:18 CCT [2017/08/07 8:28:18 ET]
Table 'Aludra' 6-max Seat #1 is the button
Seat 1: HebeFans ($10.15 in chips) 
Seat 2: HubertusB ($6.11 in chips) 
Seat 3: jason032323 ($18.19 in chips) 
Seat 4: OtiNaNailol ($10.77 in chips) 
Seat 5: Kamchadal 11 ($20.53 in chips) 
Seat 6: TsyhanouPS ($13.53 in chips) 
HubertusB: posts small blind $0.05
jason032323: posts big blind $0.10
*** HOLE CARDS ***
Dealt to HubertusB [Js As]
OtiNaNailol: folds 
Kamchadal 11: folds 
TsyhanouPS: folds 
HebeFans: folds 
HubertusB: raises $0.20 to $0.30
jason032323: folds 
Uncalled bet ($0.20) returned to HubertusB
HubertusB collected $0.20 from pot
HubertusB: doesn't show hand 
*** SUMMARY ***
Total pot $0.20 | Rake $0 
Seat 1: HebeFans (button) folded before Flop (didn't bet)
Seat 2: HubertusB (small blind) collected ($0.20)
Seat 3: jason032323 (big blind) folded before Flop
Seat 4: OtiNaNailol folded before Flop (didn't bet)
Seat 5: Kamchadal 11 folded before Flop (didn't bet)
Seat 6: TsyhanouPS folded before Flop (didn't bet)



PokerStars Hand #174030125156:  Hold'em No Limit ($0.05/$0.10) - 2017/08/07 20:28:36 CCT [2017/08/07 8:28:36 ET]
Table 'Aludra' 6-max Seat #1 is the button
Seat 1: Vntoday ($12.43 in chips) 
Seat 2: gen1337 ($10.05 in chips) 
Seat 3: HubertusB ($6.21 in chips) 
Seat 4: scaav ($20.45 in chips) 
Seat 5: newRotterdam ($10.13 in chips) 
Seat 6: 4toon20 ($11.63 in chips) 
gen1337: posts small blind $0.05
HubertusB: posts big blind $0.10
*** HOLE CARDS ***
Dealt to HubertusB [2s Qc]
scaav: folds 
newRotterdam: raises $0.10 to $0.20
4toon20: folds 
Vntoday: folds 
gen1337: folds 
HubertusB: folds 
Uncalled bet ($0.10) returned to newRotterdam
newRotterdam collected $0.25 from pot
newRotterdam: doesn't show hand 
*** SUMMARY ***
Total pot $0.25 | Rake $0 
Seat 1: Vntoday (button) folded before Flop (didn't bet)
Seat 2: gen1337 (small blind) folded before Flop
Seat 3: HubertusB (big blind) folded before Flop
Seat 4: scaav folded before Flop (didn't bet)
Seat 5: newRotterdam collected ($0.25)
Seat 6: 4toon20 folded before Flop (didn't bet)



PokerStars Hand #174030128295:  Hold'em No Limit ($0.05/$0.10) - 2017/08/07 20:28:43 CCT [2017/08/07 8:28:43 ET]
Table 'Aludra' 6-max Seat #1 is the button
Seat 1: pokerdaria85 ($4.95 in chips) 
Seat 2: dim4ik77 ($3.16 in chips) 
Seat 3: godoy1981 ($10 in chips) 
Seat 4: Reebok__Lex ($5.46 in chips) 
Seat 5: HubertusB ($6.11 in chips) 
Seat 6: nalover ($7.70 in chips) 
dim4ik77: posts small blind $0.05
godoy1981: posts big blind $0.10
*** HOLE CARDS ***
Dealt to HubertusB [Ad 8s]
Reebok__Lex: folds 
HubertusB: folds 
nalover: calls $0.10
pokerdaria85: folds 
dim4ik77: calls $0.05
godoy1981: checks 
*** FLOP *** [7s 6c 5s]
dim4ik77: checks 
godoy1981: checks 
nalover: bets $0.40
dim4ik77: raises $0.60 to $1
godoy1981: folds 
nalover: calls $0.60
*** TURN *** [7s 6c 5s] [Ts]
dim4ik77: checks 
nalover: checks 
*** RIVER *** [7s 6c 5s Ts] [Tc]
dim4ik77: bets $1.10
nalover: raises $1.10 to $2.20
dim4ik77: calls $0.96 and is all-in
Uncalled bet ($0.14) returned to nalover
*** SHOW DOWN ***
nalover: shows [Js As] (a flush, Ace high)
dim4ik77: shows [8c 9s] (a straight, Six to Ten)
nalover collected $6.13 from pot
*** SUMMARY ***
Total pot $6.42 | Rake $0.29 
Board [7s 6c 5s Ts Tc]
Seat 1: pokerdaria85 (button) folded before Flop (didn't bet)
Seat 2: dim4ik77 (small blind) showed [8c 9s] and lost with a straight, Six to Ten
Seat 3: godoy1981 (big blind) folded on the Flop
Seat 4: Reebok__Lex folded before Flop (didn't bet)
Seat 5: HubertusB folded before Flop (didn't bet)
Seat 6: nalover showed [Js As] and won ($6.13) with a flush, Ace high



PokerStars Hand #174030131051:  Hold'em No Limit ($0.05/$0.10) - 2017/08/07 20:28:49 CCT [2017/08/07 8:28:49 ET]
Table 'Aludra' 6-max Seat #1 is the button
Seat 1: HubertusB ($6.11 in chips) 
Seat 2: MOSUTANA ($7.64 in chips) 
Seat 3: 0Darkman0 ($23.74 in chips) 
Seat 4: _-BATRIM-_ ($14.76 in chips) 
Seat 5: piirakka87 ($13.34 in chips) 
Seat 6: straicar ($10.73 in chips) 
MOSUTANA: posts small blind $0.05
0Darkman0: posts big blind $0.10
*** HOLE CARDS ***
Dealt to HubertusB [Ts Qs]
_-BATRIM-_: folds 
piirakka87: raises $0.14 to $0.24
straicar: folds 
HubertusB: calls $0.24
MOSUTANA: folds 
0Darkman0: folds 
*** FLOP *** [Qc 7h Tc]
piirakka87: bets $0.40
HubertusB: raises $1.10 to $1.50
piirakka87: calls $1.10
*** TURN *** [Qc 7h Tc] [2h]
piirakka87: checks 
HubertusB: bets $4.37 and is all-in
piirakka87: calls $4.37
*** RIVER *** [Qc 7h Tc 2h] [Th]
*** SHOW DOWN ***
piirakka87: shows [As Ad] (two pair, Aces and Tens)
HubertusB: shows [Ts Qs] (a full house, Tens full of Queens)
HubertusB collected $11.81 from pot
*** SUMMARY ***
Total pot $12.37 | Rake $0.56 
Board [Qc 7h Tc 2h Th]
Seat 1: HubertusB (button) showed [Ts Qs] and won ($11.81) with a full house, Tens full of Queens
Seat 2: MOSUTANA (small blind) folded before Flop
Seat 3: 0Darkman0 (big blind) folded before Flop
Seat 4: _-BATRIM-_ folded before Flop (didn't bet)
Seat 5: piirakka87 showed [As Ad] and lost with two pair, Aces and Tens
Seat 6: straicar folded before Flop (didn't bet)



PokerStars Hand #174030162883:  Hold'em No Limit ($0.05/$0.10) - 2017/08/07 20:29:59 CCT [2017/08/07 8:29:59 ET]
Table 'Aludra' 6-max Seat #1 is the button
Seat 1: (hampionS ($9.20 in chips) 
Seat 2: HebeFans ($12.95 in chips) 
Seat 3: kyouhei1013 ($14.70 in chips) 
Seat 4: MOSUTANA ($7.59 in chips) 
Seat 5: GrrGrrGrauw ($12.38 in chips) 
Seat 6: HubertusB ($11.81 in chips) 
HebeFans: posts small blind $0.05
kyouhei1013: posts big blind $0.10
*** HOLE CARDS ***
Dealt to HubertusB [8c 7h]
MOSUTANA: folds 
GrrGrrGrauw: folds 
HubertusB: folds 
(hampionS: folds 
HebeFans: folds 
Uncalled bet ($0.05) returned to kyouhei1013
kyouhei1013 collected $0.10 from pot
kyouhei1013: doesn't show hand 
*** SUMMARY ***
Total pot $0.10 | Rake $0 
Seat 1: (hampionS (button) folded before Flop (didn't bet)
Seat 2: HebeFans (small blind) folded before Flop
Seat 3: kyouhei1013 (big blind) collected ($0.10)
Seat 4: MOSUTANA folded before Flop (didn't bet)
Seat 5: GrrGrrGrauw folded before Flop (didn't bet)
Seat 6: HubertusB folded before Flop (didn't bet)



PokerStars Hand #174030165987:  Hold'em No Limit ($0.05/$0.10) - 2017/08/07 20:30:06 CCT [2017/08/07 8:30:06 ET]
Table 'Aludra' 6-max Seat #1 is the button
Seat 1: kuba.enjoy ($21.48 in chips) 
Seat 2: HubertusB ($11.81 in chips) 
Seat 3: piirakka87 ($10.52 in chips) 
Seat 4: afrika14 ($24.05 in chips) 
Seat 5: sneakydeer ($11.62 in chips) 
Seat 6: Kamchadal 11 ($20.45 in chips) 
HubertusB: posts small blind $0.05
piirakka87: posts big blind $0.10
*** HOLE CARDS ***
Dealt to HubertusB [9s 7c]
afrika14: folds 
sneakydeer: folds 
Kamchadal 11: raises $0.20 to $0.30
kuba.enjoy: calls $0.30
HubertusB: folds 
piirakka87: raises $1.10 to $1.40
Kamchadal 11: folds 
kuba.enjoy: folds 
Uncalled bet ($1.10) returned to piirakka87
piirakka87 collected $0.95 from pot
piirakka87: doesn't show hand 
*** SUMMARY ***
Total pot $0.95 | Rake $0 
Seat 1: kuba.enjoy (button) folded before Flop
Seat 2: HubertusB (small blind) folded before Flop
Seat 3: piirakka87 (big blind) collected ($0.95)
Seat 4: afrika14 folded before Flop (didn't bet)
Seat 5: sneakydeer folded before Flop (didn't bet)
Seat 6: Kamchadal 11 folded before Flop



PokerStars Hand #174030172373:  Hold'em No Limit ($0.05/$0.10) - 2017/08/07 20:30:20 CCT [2017/08/07 8:30:20 ET]
Table 'Aludra' 6-max Seat #1 is the button
Seat 1: 0Darkman0 ($10 in chips) 
Seat 2: HebeFans ($10 in chips) 
Seat 3: HubertusB ($11.76 in chips) 
Seat 4: nervhy ($18.72 in chips) 
Seat 5: sneakydeer ($10.68 in chips) 
Seat 6: jason032323 ($12.92 in chips) 
HebeFans: posts small blind $0.05
HubertusB: posts big blind $0.10
*** HOLE CARDS ***
Dealt to HubertusB [As 5s]
nervhy: folds 
sneakydeer: folds 
jason032323: folds 
0Darkman0: raises $0.15 to $0.25
HebeFans: folds 
HubertusB: folds 
Uncalled bet ($0.15) returned to 0Darkman0
0Darkman0 collected $0.25 from pot
0Darkman0: doesn't show hand 
*** SUMMARY ***
Total pot $0.25 | Rake $0 
Seat 1: 0Darkman0 (button) collected ($0.25)
Seat 2: HebeFans (small blind) folded before Flop
Seat 3: HubertusB (big blind) folded before Flop
Seat 4: nervhy folded before Flop (didn't bet)
Seat 5: sneakydeer folded before Flop (didn't bet)
Seat 6: jason032323 folded before Flop (didn't bet)



PokerStars Hand #174030181017:  Hold'em No Limit ($0.05/$0.10) - 2017/08/07 20:30:39 CCT [2017/08/07 8:30:39 ET]
Table 'Aludra' 6-max Seat #1 is the button
Seat 1: HubertusB ($11.66 in chips) 
Seat 2: theologos13 ($18.39 in chips) 
Seat 3: AxuBlack ($12.38 in chips) 
Seat 4: Mr_Bobofruit ($11.30 in chips) 
Seat 5: TsyhanouPS ($12.04 in chips) 
Seat 6: GrrGrrGrauw ($12.03 in chips) 
theologos13: posts small blind $0.05
AxuBlack: posts big blind $0.10
*** HOLE CARDS ***
Dealt to HubertusB [8d 2s]
Mr_Bobofruit: folds 
TsyhanouPS: raises $0.20 to $0.30
GrrGrrGrauw: folds 
HubertusB: folds 
theologos13: folds 
AxuBlack: folds 
Uncalled bet ($0.20) returned to TsyhanouPS
TsyhanouPS collected $0.25 from pot
TsyhanouPS: doesn't show hand 
*** SUMMARY ***
Total pot $0.25 | Rake $0 
Seat 1: HubertusB (button) folded before Flop (didn't bet)
Seat 2: theologos13 (small blind) folded before Flop
Seat 3: AxuBlack (big blind) folded before Flop
Seat 4: Mr_Bobofruit folded before Flop (didn't bet)
Seat 5: TsyhanouPS collected ($0.25)
Seat 6: GrrGrrGrauw folded before Flop (didn't bet)



PokerStars Hand #174030169250:  Hold'em No Limit ($0.05/$0.10) - 2017/08/07 20:30:13 CCT [2017/08/07 8:30:13 ET]
Table 'Aludra' 6-max Seat #1 is the button
Seat 1: glossy.udval ($12.14 in chips) 
Seat 2: slamliu ($10 in chips) 
Seat 3: D3kMAX ($11.85 in chips) 
Seat 4: GrrGrrGrauw ($12.15 in chips) 
Seat 5: HubertusB ($11.76 in chips) 
Seat 6: F4lconetti ($15.90 in chips) 
slamliu: posts small blind $0.05
D3kMAX: posts big blind $0.10
*** HOLE CARDS ***
Dealt to HubertusB [8s 7c]
GrrGrrGrauw: raises $0.20 to $0.30
HubertusB: folds 
F4lconetti: folds 
glossy.udval: folds 
slamliu: folds 
D3kMAX: calls $0.20
*** FLOP *** [8c 2c Kh]
D3kMAX: checks 
GrrGrrGrauw: bets $0.41
D3kMAX: calls $0.41
*** TURN *** [8c 2c Kh] [2d]
D3kMAX: checks 
GrrGrrGrauw: bets $0.70
D3kMAX: calls $0.70
*** RIVER *** [8c 2c Kh 2d] [Tc]
D3kMAX: checks 
GrrGrrGrauw: checks 
*** SHOW DOWN ***
D3kMAX: shows [Kc Qc] (a flush, King high)
GrrGrrGrauw: mucks hand 
D3kMAX collected $2.74 from pot
*** SUMMARY ***
Total pot $2.87 | Rake $0.13 
Board [8c 2c Kh 2d Tc]
Seat 1: glossy.udval (button) folded before Flop (didn't bet)
Seat 2: slamliu (small blind) folded before Flop
Seat 3: D3kMAX (big blind) showed [Kc Qc] and won ($2.74) with a flush, King high
Seat 4: GrrGrrGrauw mucked [Jd Ad]
Seat 5: HubertusB folded before Flop (didn't bet)
Seat 6: F4lconetti folded before Flop (didn't bet)



PokerStars Hand #174030183326:  Hold'em No Limit ($0.05/$0.10) - 2017/08/07 20:30:44 CCT [2017/08/07 8:30:44 ET]
Table 'Aludra' 6-max Seat #1 is the button
Seat 1: 3btm ($11.58 in chips) 
Seat 2: sl33pyowl ($24.66 in chips) 
Seat 3: twisterk_12 ($10 in chips) 
Seat 4: elektro1977 ($10.94 in chips) 
Seat 5: HubertusB ($11.66 in chips) 
Seat 6: Maryjoseph18 ($10 in chips) 
sl33pyowl: posts small blind $0.05
twisterk_12: posts big blind $0.10
*** HOLE CARDS ***
Dealt to HubertusB [Qs 7s]
elektro1977: folds 
HubertusB: folds 
Maryjoseph18: folds 
3btm: folds 
sl33pyowl: folds 
Uncalled bet ($0.05) returned to twisterk_12
twisterk_12 collected $0.10 from pot
twisterk_12: doesn't show hand 
*** SUMMARY ***
Total pot $0.10 | Rake $0 
Seat 1: 3btm (button) folded before Flop (didn't bet)
Seat 2: sl33pyowl (small blind) folded before Flop
Seat 3: twisterk_12 (big blind) collected ($0.10)
Seat 4: elektro1977 folded before Flop (didn't bet)
Seat 5: HubertusB folded before Flop (didn't bet)
Seat 6: Maryjoseph18 folded before Flop (didn't bet)



PokerStars Hand #174030185599:  Hold'em No Limit ($0.05/$0.10) - 2017/08/07 20:30:49 CCT [2017/08/07 8:30:49 ET]
Table 'Aludra' 6-max Seat #1 is the button
Seat 1: xex_serg ($18.63 in chips) 
Seat 2: StAlpro ($5.25 in chips) 
Seat 3: JH_Baek ($18.50 in chips) 
Seat 4: afrika14 ($10 in chips) 
Seat 5: Fongolfin ($17.66 in chips) 
Seat 6: HubertusB ($11.66 in chips) 
StAlpro: posts small blind $0.05
JH_Baek: posts big blind $0.10
*** HOLE CARDS ***
Dealt to HubertusB [Kh Qd]
afrika14: folds 
Fongolfin has timed out
Fongolfin: folds 
HubertusB: raises $0.16 to $0.26
xex_serg: calls $0.26
StAlpro: folds 
JH_Baek: folds 
*** FLOP *** [Qc 8c 9s]
HubertusB: bets $0.40
xex_serg: folds 
Uncalled bet ($0.40) returned to HubertusB
HubertusB collected $0.64 from pot
HubertusB: doesn't show hand 
*** SUMMARY ***
Total pot $0.67 | Rake $0.03 
Board [Qc 8c 9s]
Seat 1: xex_serg (button) folded on the Flop
Seat 2: StAlpro (small blind) folded before Flop
Seat 3: JH_Baek (big blind) folded before Flop
Seat 4: afrika14 folded before Flop (didn't bet)
Seat 5: Fongolfin folded before Flop (didn't bet)
Seat 6: HubertusB collected ($0.64)



PokerStars Hand #174030208358:  Hold'em No Limit ($0.05/$0.10) - 2017/08/07 20:31:39 CCT [2017/08/07 8:31:39 ET]
Table 'Aludra' 6-max Seat #1 is the button
Seat 1: kyouhei1013 ($14.80 in chips) 
Seat 2: Andronius99 ($12.19 in chips) 
Seat 3: paocpeho22 ($10.04 in chips) 
Seat 4: HubertusB ($12.04 in chips) 
Seat 5: Atercx ($12.95 in chips) 
Seat 6: wolfskin33 ($11.14 in chips) 
Andronius99: posts small blind $0.05
paocpeho22: posts big blind $0.10
*** HOLE CARDS ***
Dealt to HubertusB [Ad Kc]
HubertusB: raises $0.20 to $0.30
Atercx: folds 
wolfskin33: folds 
kyouhei1013: folds 
Andronius99: calls $0.25
paocpeho22: folds 
*** FLOP *** [Jd Qh 4c]
Andronius99: checks 
HubertusB: bets $0.40
Andronius99: folds 
Uncalled bet ($0.40) returned to HubertusB
HubertusB collected $0.67 from pot
HubertusB: doesn't show hand 
*** SUMMARY ***
Total pot $0.70 | Rake $0.03 
Board [Jd Qh 4c]
Seat 1: kyouhei1013 (button) folded before Flop (didn't bet)
Seat 2: Andronius99 (small blind) folded on the Flop
Seat 3: paocpeho22 (big blind) folded before Flop
Seat 4: HubertusB collected ($0.67)
Seat 5: Atercx folded before Flop (didn't bet)
Seat 6: wolfskin33 folded before Flop (didn't bet)



PokerStars Hand #174030206060:  Hold'em No Limit ($0.05/$0.10) - 2017/08/07 20:31:34 CCT [2017/08/07 8:31:34 ET]
Table 'Aludra' 6-max Seat #1 is the button
Seat 1: ErdemMis ($17.47 in chips) 
Seat 2: 7mask7 ($25.93 in chips) 
Seat 3: morihouse ($7.20 in chips) 
Seat 4: HubertusB ($12.04 in chips) 
Seat 5: Moszes360 ($12.85 in chips) 
Seat 6: gen1337 ($10.28 in chips) 
7mask7: posts small blind $0.05
morihouse: posts big blind $0.10
*** HOLE CARDS ***
Dealt to HubertusB [4h 3h]
HubertusB: folds 
Moszes360: raises $0.20 to $0.30
gen1337: calls $0.30
ErdemMis: folds 
7mask7: folds 
morihouse: folds 
*** FLOP *** [6s Ah 7d]
Moszes360: bets $0.42
gen1337: calls $0.42
*** TURN *** [6s Ah 7d] [9d]
Moszes360: bets $1.14
gen1337: raises $1.86 to $3
Moszes360: folds 
Uncalled bet ($1.86) returned to gen1337
gen1337 collected $3.70 from pot
gen1337: doesn't show hand 
*** SUMMARY ***
Total pot $3.87 | Rake $0.17 
Board [6s Ah 7d 9d]
Seat 1: ErdemMis (button) folded before Flop (didn't bet)
Seat 2: 7mask7 (small blind) folded before Flop
Seat 3: morihouse (big blind) folded before Flop
Seat 4: HubertusB folded before Flop (didn't bet)
Seat 5: Moszes360 folded on the Turn
Seat 6: gen1337 collected ($3.70)



PokerStars Hand #174030225726:  Hold'em No Limit ($0.05/$0.10) - 2017/08/07 20:32:17 CCT [2017/08/07 8:32:17 ET]
Table 'Aludra' 6-max Seat #1 is the button
Seat 1: A.Lailapa ($12 in chips) 
Seat 2: davob7 ($4.26 in chips) 
Seat 3: HubertusB ($12.41 in chips) 
Seat 4: Ivesazisa ($13.83 in chips) 
Seat 5: F4lconetti ($15.70 in chips) 
Seat 6: DIDOKMAG ($5.60 in chips) 
davob7: posts small blind $0.05
HubertusB: posts big blind $0.10
*** HOLE CARDS ***
Dealt to HubertusB [5c Jh]
Ivesazisa: folds 
F4lconetti: folds 
DIDOKMAG: folds 
A.Lailapa: folds 
davob7: folds 
Uncalled bet ($0.05) returned to HubertusB
HubertusB collected $0.10 from pot
HubertusB: doesn't show hand 
*** SUMMARY ***
Total pot $0.10 | Rake $0 
Seat 1: A.Lailapa (button) folded before Flop (didn't bet)
Seat 2: davob7 (small blind) folded before Flop
Seat 3: HubertusB (big blind) collected ($0.10)
Seat 4: Ivesazisa folded before Flop (didn't bet)
Seat 5: F4lconetti folded before Flop (didn't bet)
Seat 6: DIDOKMAG folded before Flop (didn't bet)



PokerStars Hand #174030231639:  Hold'em No Limit ($0.05/$0.10) - 2017/08/07 20:32:30 CCT [2017/08/07 8:32:30 ET]
Table 'Aludra' 6-max Seat #1 is the button
Seat 1: RinkoYamada ($12.40 in chips) 
Seat 2: HubertusB ($12.46 in chips) 
Seat 3: mentorius1 ($12.63 in chips) 
Seat 4: JohnStrannik ($18.58 in chips) 
Seat 5: tobshap ($10.75 in chips) 
Seat 6: G.Buhgalter ($10.07 in chips) 
HubertusB: posts small blind $0.05
mentorius1: posts big blind $0.10
*** HOLE CARDS ***
Dealt to HubertusB [Kd Qd]
JohnStrannik: folds 
tobshap: folds 
G.Buhgalter: folds 
RinkoYamada: folds 
HubertusB: raises $0.16 to $0.26
mentorius1: calls $0.16
*** FLOP *** [2s 6s 9s]
HubertusB: checks 
mentorius1: checks 
*** TURN *** [2s 6s 9s] [5c]
HubertusB: checks 
mentorius1: checks 
*** RIVER *** [2s 6s 9s 5c] [Qs]
HubertusB: checks 
mentorius1: checks 
*** SHOW DOWN ***
HubertusB: shows [Kd Qd] (a pair of Queens)
mentorius1: mucks hand 
HubertusB collected $0.50 from pot
*** SUMMARY ***
Total pot $0.52 | Rake $0.02 
Board [2s 6s 9s 5c Qs]
Seat 1: RinkoYamada (button) folded before Flop (didn't bet)
Seat 2: HubertusB (small blind) showed [Kd Qd] and won ($0.50) with a pair of Queens
Seat 3: mentorius1 (big blind) mucked [8c Qc]
Seat 4: JohnStrannik folded before Flop (didn't bet)
Seat 5: tobshap folded before Flop (didn't bet)
Seat 6: G.Buhgalter folded before Flop (didn't bet)



PokerStars Hand #174030247137:  Hold'em No Limit ($0.05/$0.10) - 2017/08/07 20:33:04 CCT [2017/08/07 8:33:04 ET]
Table 'Aludra' 6-max Seat #1 is the button
Seat 1: HubertusB ($12.70 in chips) 
Seat 2: Mazikak ($12.46 in chips) 
Seat 3: kemal_zay4ik ($6.71 in chips) 
Seat 4: BUKAjjj ($2.85 in chips) 
Seat 5: arcmonk ($9.74 in chips) 
Seat 6: Evalynee ($21.37 in chips) 
Mazikak: posts small blind $0.05
kemal_zay4ik: posts big blind $0.10
*** HOLE CARDS ***
Dealt to HubertusB [3c 6h]
BUKAjjj: folds 
arcmonk: folds 
Evalynee: folds 
HubertusB: folds 
Mazikak: folds 
Uncalled bet ($0.05) returned to kemal_zay4ik
kemal_zay4ik collected $0.10 from pot
kemal_zay4ik: doesn't show hand 
*** SUMMARY ***
Total pot $0.10 | Rake $0 
Seat 1: HubertusB (button) folded before Flop (didn't bet)
Seat 2: Mazikak (small blind) folded before Flop
Seat 3: kemal_zay4ik (big blind) collected ($0.10)
Seat 4: BUKAjjj folded before Flop (didn't bet)
Seat 5: arcmonk folded before Flop (didn't bet)
Seat 6: Evalynee folded before Flop (didn't bet)



PokerStars Hand #174030249862:  Hold'em No Limit ($0.05/$0.10) - 2017/08/07 20:33:10 CCT [2017/08/07 8:33:10 ET]
Table 'Aludra' 6-max Seat #1 is the button
Seat 1: $ch1pzpleaze ($19.57 in chips) 
Seat 2: Chicorito777 ($16.36 in chips) 
Seat 3: HebeFans ($10.31 in chips) 
Seat 4: slamliu ($13.20 in chips) 
Seat 5: HubertusB ($12.70 in chips) 
Seat 6: glossy.udval ($14.47 in chips) 
Chicorito777: posts small blind $0.05
HebeFans: posts big blind $0.10
*** HOLE CARDS ***
Dealt to HubertusB [4s Tc]
slamliu: folds 
HubertusB: folds 
glossy.udval: folds 
$ch1pzpleaze: folds 
Chicorito777: raises $0.20 to $0.30
HebeFans: calls $0.20
*** FLOP *** [2h 6d 3c]
Chicorito777: checks 
HebeFans: bets $0.34
Chicorito777: raises $0.50 to $0.84
HebeFans: folds 
Uncalled bet ($0.50) returned to Chicorito777
Chicorito777 collected $1.22 from pot
Chicorito777: doesn't show hand 
*** SUMMARY ***
Total pot $1.28 | Rake $0.06 
Board [2h 6d 3c]
Seat 1: $ch1pzpleaze (button) folded before Flop (didn't bet)
Seat 2: Chicorito777 (small blind) collected ($1.22)
Seat 3: HebeFans (big blind) folded on the Flop
Seat 4: slamliu folded before Flop (didn't bet)
Seat 5: HubertusB folded before Flop (didn't bet)
Seat 6: glossy.udval folded before Flop (didn't bet)



PokerStars Hand #174030254433:  Hold'em No Limit ($0.05/$0.10) - 2017/08/07 20:33:20 CCT [2017/08/07 8:33:20 ET]
Table 'Aludra' 6-max Seat #1 is the button
Seat 1: simple s0o ($11.52 in chips) 
Seat 2: Pat.San.12 ($8.81 in chips) 
Seat 3: HubertusB ($12.70 in chips) 
Seat 4: DIDOKMAG ($5.15 in chips) 
Seat 5: diavola_999 ($15.09 in chips) 
Seat 6: cp000074 ($9.85 in chips) 
Pat.San.12: posts small blind $0.05
HubertusB: posts big blind $0.10
*** HOLE CARDS ***
Dealt to HubertusB [4d Th]
DIDOKMAG: folds 
diavola_999: folds 
cp000074: folds 
simple s0o: raises $0.15 to $0.25
Pat.San.12: folds 
HubertusB: folds 
Uncalled bet ($0.15) returned to simple s0o
simple s0o collected $0.25 from pot
simple s0o: doesn't show hand 
*** SUMMARY ***
Total pot $0.25 | Rake $0 
Seat 1: simple s0o (button) collected ($0.25)
Seat 2: Pat.San.12 (small blind) folded before Flop
Seat 3: HubertusB (big blind) folded before Flop
Seat 4: DIDOKMAG folded before Flop (didn't bet)
Seat 5: diavola_999 folded before Flop (didn't bet)
Seat 6: cp000074 folded before Flop (didn't bet)



PokerStars Hand #174030252192:  Hold'em No Limit ($0.05/$0.10) - 2017/08/07 20:33:15 CCT [2017/08/07 8:33:15 ET]
Table 'Aludra' 6-max Seat #1 is the button
Seat 1: jason032323 ($15.09 in chips) 
Seat 2: rugrat374 ($10 in chips) 
Seat 3: PetaPockets ($22.95 in chips) 
Seat 4: JH_Baek ($18.63 in chips) 
Seat 5: freesu1349 ($19.43 in chips) 
Seat 6: HubertusB ($12.70 in chips) 
rugrat374: posts small blind $0.05
PetaPockets: posts big blind $0.10
*** HOLE CARDS ***
Dealt to HubertusB [7s 9c]
JH_Baek: folds 
freesu1349: folds 
HubertusB: folds 
jason032323: folds 
rugrat374: raises $0.20 to $0.30
PetaPockets: folds 
Uncalled bet ($0.20) returned to rugrat374
rugrat374 collected $0.20 from pot
rugrat374: doesn't show hand 
*** SUMMARY ***
Total pot $0.20 | Rake $0 
Seat 1: jason032323 (button) folded before Flop (didn't bet)
Seat 2: rugrat374 (small blind) collected ($0.20)
Seat 3: PetaPockets (big blind) folded before Flop
Seat 4: JH_Baek folded before Flop (didn't bet)
Seat 5: freesu1349 folded before Flop (didn't bet)
Seat 6: HubertusB folded before Flop (didn't bet)



PokerStars Hand #174030264937:  Hold'em No Limit ($0.05/$0.10) - 2017/08/07 20:33:43 CCT [2017/08/07 8:33:43 ET]
Table 'Aludra' 6-max Seat #1 is the button
Seat 1: Sevenfold85 ($10.05 in chips) 
Seat 2: nemabob85 ($10 in chips) 
Seat 3: r6622005 ($20.06 in chips) 
Seat 4: PetaPockets ($22.85 in chips) 
Seat 5: Chicorito777 ($10.82 in chips) 
Seat 6: HubertusB ($12.55 in chips) 
nemabob85: posts small blind $0.05
r6622005: posts big blind $0.10
*** HOLE CARDS ***
Dealt to HubertusB [2h 5c]
PetaPockets: folds 
Chicorito777: raises $0.20 to $0.30
HubertusB: folds 
Sevenfold85: folds 
nemabob85: folds 
r6622005: folds 
Uncalled bet ($0.20) returned to Chicorito777
Chicorito777 collected $0.25 from pot
Chicorito777: doesn't show hand 
*** SUMMARY ***
Total pot $0.25 | Rake $0 
Seat 1: Sevenfold85 (button) folded before Flop (didn't bet)
Seat 2: nemabob85 (small blind) folded before Flop
Seat 3: r6622005 (big blind) folded before Flop
Seat 4: PetaPockets folded before Flop (didn't bet)
Seat 5: Chicorito777 collected ($0.25)
Seat 6: HubertusB folded before Flop (didn't bet)



PokerStars Hand #174030267252:  Hold'em No Limit ($0.05/$0.10) - 2017/08/07 20:33:48 CCT [2017/08/07 8:33:48 ET]
Table 'Aludra' 6-max Seat #1 is the button
Seat 1: sneakydeer ($11.10 in chips) 
Seat 2: arcmonk ($6.91 in chips) 
Seat 3: Emetty ($10.45 in chips) 
Seat 4: HubertusB ($12.55 in chips) 
Seat 5: 8br@cket ($24.15 in chips) 
Seat 6: baide223 ($5.06 in chips) 
arcmonk: posts small blind $0.05
Emetty: posts big blind $0.10
*** HOLE CARDS ***
Dealt to HubertusB [4s As]
HubertusB: folds 
8br@cket: folds 
baide223: folds 
sneakydeer: raises $0.10 to $0.20
arcmonk: folds 
Emetty: calls $0.10
*** FLOP *** [Ks 6c Js]
Emetty: checks 
sneakydeer: bets $0.22
Emetty: folds 
Uncalled bet ($0.22) returned to sneakydeer
sneakydeer collected $0.43 from pot
sneakydeer: doesn't show hand 
*** SUMMARY ***
Total pot $0.45 | Rake $0.02 
Board [Ks 6c Js]
Seat 1: sneakydeer (button) collected ($0.43)
Seat 2: arcmonk (small blind) folded before Flop
Seat 3: Emetty (big blind) folded on the Flop
Seat 4: HubertusB folded before Flop (didn't bet)
Seat 5: 8br@cket folded before Flop (didn't bet)
Seat 6: baide223 folded before Flop (didn't bet)



PokerStars Hand #174030261736:  Hold'em No Limit ($0.05/$0.10) - 2017/08/07 20:33:36 CCT [2017/08/07 8:33:36 ET]
Table 'Aludra' 6-max Seat #1 is the button
Seat 1: Mupoaces ($38.52 in chips) 
Seat 2: HubertusB ($12.60 in chips) 
Seat 3: ChikoKz740 ($10 in chips) 
Seat 4: godoy1981 ($10.71 in chips) 
Seat 5: kuba.enjoy ($10.29 in chips) 
Seat 6: tobshap ($10.60 in chips) 
HubertusB: posts small blind $0.05
ChikoKz740: posts big blind $0.10
*** HOLE CARDS ***
Dealt to HubertusB [8d 7d]
godoy1981: folds 
kuba.enjoy: raises $0.20 to $0.30
tobshap: folds 
Mupoaces: folds 
HubertusB: folds 
ChikoKz740: calls $0.20
*** FLOP *** [Kc 6c 3h]
ChikoKz740: checks 
kuba.enjoy: checks 
*** TURN *** [Kc 6c 3h] [8h]
ChikoKz740: bets $0.40
kuba.enjoy: calls $0.40
*** RIVER *** [Kc 6c 3h 8h] [5h]
ChikoKz740: bets $1.04
kuba.enjoy: folds 
Uncalled bet ($1.04) returned to ChikoKz740
ChikoKz740 collected $1.38 from pot
ChikoKz740: doesn't show hand 
*** SUMMARY ***
Total pot $1.45 | Rake $0.07 
Board [Kc 6c 3h 8h 5h]
Seat 1: Mupoaces (button) folded before Flop (didn't bet)
Seat 2: HubertusB (small blind) folded before Flop
Seat 3: ChikoKz740 (big blind) collected ($1.38)
Seat 4: godoy1981 folded before Flop (didn't bet)
Seat 5: kuba.enjoy folded on the River
Seat 6: tobshap folded before Flop (didn't bet)



PokerStars Hand #174030269526:  Hold'em No Limit ($0.05/$0.10) - 2017/08/07 20:33:53 CCT [2017/08/07 8:33:53 ET]
Table 'Aludra' 6-max Seat #1 is the button
Seat 1: nemabob85 ($10 in chips) 
Seat 2: piirakka87 ($11.07 in chips) 
Seat 3: DJMev ($11.85 in chips) 
Seat 4: Stackoffski ($10 in chips) 
Seat 5: HubertusB ($12.55 in chips) 
Seat 6: Bob77666 ($9.80 in chips) 
piirakka87: posts small blind $0.05
DJMev: posts big blind $0.10
*** HOLE CARDS ***
Dealt to HubertusB [7c 6c]
Stackoffski: folds 
HubertusB: raises $0.16 to $0.26
Bob77666: folds 
nemabob85: folds 
piirakka87: raises $0.74 to $1
DJMev: folds 
HubertusB: folds 
Uncalled bet ($0.74) returned to piirakka87
piirakka87 collected $0.62 from pot
piirakka87: doesn't show hand 
*** SUMMARY ***
Total pot $0.62 | Rake $0 
Seat 1: nemabob85 (button) folded before Flop (didn't bet)
Seat 2: piirakka87 (small blind) collected ($0.62)
Seat 3: DJMev (big blind) folded before Flop
Seat 4: Stackoffski folded before Flop (didn't bet)
Seat 5: HubertusB folded before Flop
Seat 6: Bob77666 folded before Flop (didn't bet)



PokerStars Hand #174030259484:  Hold'em No Limit ($0.05/$0.10) - 2017/08/07 20:33:31 CCT [2017/08/07 8:33:31 ET]
Table 'Aludra' 6-max Seat #1 is the button
Seat 1: HubertusB ($12.60 in chips) 
Seat 2: GIB01 ($10.03 in chips) 
Seat 3: accaugl ($10 in chips) 
Seat 4: Reebok__Lex ($5.67 in chips) 
Seat 5: slamliu ($10 in chips) 
Seat 6: Thindifference ($14.92 in chips) 
GIB01: posts small blind $0.05
accaugl: posts big blind $0.10
*** HOLE CARDS ***
Dealt to HubertusB [2d 4h]
Reebok__Lex: folds 
slamliu: folds 
Thindifference: raises $0.15 to $0.25
HubertusB: folds 
GIB01: folds 
accaugl: raises $0.70 to $0.95
Thindifference: calls $0.70
*** FLOP *** [Kh Tc 6c]
accaugl: bets $0.84
Thindifference: calls $0.84
*** TURN *** [Kh Tc 6c] [3s]
accaugl: bets $2.95
Thindifference: calls $2.95
*** RIVER *** [Kh Tc 6c 3s] [As]
accaugl: bets $5.26 and is all-in
Thindifference: calls $5.26
*** SHOW DOWN ***
accaugl: shows [Ad Ks] (two pair, Aces and Kings)
Thindifference: shows [Qs Ac] (a pair of Aces)
accaugl collected $19.15 from pot
*** SUMMARY ***
Total pot $20.05 | Rake $0.90 
Board [Kh Tc 6c 3s As]
Seat 1: HubertusB (button) folded before Flop (didn't bet)
Seat 2: GIB01 (small blind) folded before Flop
Seat 3: accaugl (big blind) showed [Ad Ks] and won ($19.15) with two pair, Aces and Kings
Seat 4: Reebok__Lex folded before Flop (didn't bet)
Seat 5: slamliu folded before Flop (didn't bet)
Seat 6: Thindifference showed [Qs Ac] and lost with a pair of Aces



PokerStars Hand #174030282338:  Hold'em No Limit ($0.05/$0.10) - 2017/08/07 20:34:21 CCT [2017/08/07 8:34:21 ET]
Table 'Aludra' 6-max Seat #1 is the button
Seat 1: Diamond-PL ($12.92 in chips) 
Seat 2: CRAZYROFL ($9.85 in chips) 
Seat 3: sl33pyowl ($24.46 in chips) 
Seat 4: HubertusB ($12.29 in chips) 
Seat 5: Dteam-92 ($14.81 in chips) 
Seat 6: Carphunte338 ($10.24 in chips) 
CRAZYROFL: posts small blind $0.05
sl33pyowl: posts big blind $0.10
*** HOLE CARDS ***
Dealt to HubertusB [Ac 6d]
HubertusB: folds 
Dteam-92: raises $0.15 to $0.25
Carphunte338: folds 
Diamond-PL: folds 
CRAZYROFL: folds 
sl33pyowl: calls $0.15
*** FLOP *** [3h 9c 7h]
sl33pyowl: checks 
Dteam-92: bets $0.39
sl33pyowl: raises $0.39 to $0.78
Dteam-92: folds 
Uncalled bet ($0.39) returned to sl33pyowl
sl33pyowl collected $1.27 from pot
sl33pyowl: doesn't show hand 
*** SUMMARY ***
Total pot $1.33 | Rake $0.06 
Board [3h 9c 7h]
Seat 1: Diamond-PL (button) folded before Flop (didn't bet)
Seat 2: CRAZYROFL (small blind) folded before Flop
Seat 3: sl33pyowl (big blind) collected ($1.27)
Seat 4: HubertusB folded before Flop (didn't bet)
Seat 5: Dteam-92 folded on the Flop
Seat 6: Carphunte338 folded before Flop (didn't bet)



PokerStars Hand #174030292825:  Hold'em No Limit ($0.05/$0.10) - 2017/08/07 20:34:44 CCT [2017/08/07 8:34:44 ET]
Table 'Aludra' 6-max Seat #1 is the button
Seat 1: billaros12 ($7.20 in chips) 
Seat 2: HubertusB ($12.19 in chips) 
Seat 3: kuba.enjoy ($10.03 in chips) 
Seat 4: godoy1981 ($10.71 in chips) 
Seat 5: Jack1274 ($33.09 in chips) 
Seat 6: ManiakHaze ($10.78 in chips) 
HubertusB: posts small blind $0.05
kuba.enjoy: posts big blind $0.10
*** HOLE CARDS ***
Dealt to HubertusB [5h 8h]
godoy1981: folds 
Jack1274: folds 
ManiakHaze: folds 
billaros12: raises $0.10 to $0.20
HubertusB: folds 
kuba.enjoy: folds 
Uncalled bet ($0.10) returned to billaros12
billaros12 collected $0.25 from pot
billaros12: doesn't show hand 
*** SUMMARY ***
Total pot $0.25 | Rake $0 
Seat 1: billaros12 (button) collected ($0.25)
Seat 2: HubertusB (small blind) folded before Flop
Seat 3: kuba.enjoy (big blind) folded before Flop
Seat 4: godoy1981 folded before Flop (didn't bet)
Seat 5: Jack1274 folded before Flop (didn't bet)
Seat 6: ManiakHaze folded before Flop (didn't bet)



PokerStars Hand #174030296072:  Hold'em No Limit ($0.05/$0.10) - 2017/08/07 20:34:51 CCT [2017/08/07 8:34:51 ET]
Table 'Aludra' 6-max Seat #1 is the button
Seat 1: HubertusB ($12.14 in chips) 
Seat 2: TroubleA16 ($11.29 in chips) 
Seat 3: MOSUTANA ($11.59 in chips) 
Seat 4: Jim Hopens ($10 in chips) 
Seat 5: xex_serg ($21.21 in chips) 
Seat 6: GrrGrrGrauw ($10.20 in chips) 
TroubleA16: posts small blind $0.05
MOSUTANA: posts big blind $0.10
*** HOLE CARDS ***
Dealt to HubertusB [6h Qc]
Jim Hopens: folds 
xex_serg: folds 
GrrGrrGrauw: folds 
HubertusB: folds 
TroubleA16: raises $0.20 to $0.30
MOSUTANA: folds 
Uncalled bet ($0.20) returned to TroubleA16
TroubleA16 collected $0.20 from pot
TroubleA16: doesn't show hand 
*** SUMMARY ***
Total pot $0.20 | Rake $0 
Seat 1: HubertusB (button) folded before Flop (didn't bet)
Seat 2: TroubleA16 (small blind) collected ($0.20)
Seat 3: MOSUTANA (big blind) folded before Flop
Seat 4: Jim Hopens folded before Flop (didn't bet)
Seat 5: xex_serg folded before Flop (didn't bet)
Seat 6: GrrGrrGrauw folded before Flop (didn't bet)



PokerStars Hand #174030298389:  Hold'em No Limit ($0.05/$0.10) - 2017/08/07 20:34:56 CCT [2017/08/07 8:34:56 ET]
Table 'Aludra' 6-max Seat #1 is the button
Seat 1: kuba.enjoy ($10 in chips) 
Seat 2: Chicorito777 ($10.72 in chips) 
Seat 3: TTONYX27 ($8.48 in chips) 
Seat 4: diavola_999 ($14.59 in chips) 
Seat 5: t0ppoker ($10.15 in chips) 
Seat 6: HubertusB ($12.14 in chips) 
Chicorito777: posts small blind $0.05
TTONYX27: posts big blind $0.10
*** HOLE CARDS ***
Dealt to HubertusB [5c 7d]
diavola_999: calls $0.10
t0ppoker: folds 
HubertusB: folds 
kuba.enjoy: raises $0.50 to $0.60
Chicorito777: folds 
TTONYX27: folds 
diavola_999: folds 
Uncalled bet ($0.50) returned to kuba.enjoy
kuba.enjoy collected $0.35 from pot
kuba.enjoy: doesn't show hand 
*** SUMMARY ***
Total pot $0.35 | Rake $0 
Seat 1: kuba.enjoy (button) collected ($0.35)
Seat 2: Chicorito777 (small blind) folded before Flop
Seat 3: TTONYX27 (big blind) folded before Flop
Seat 4: diavola_999 folded before Flop
Seat 5: t0ppoker folded before Flop (didn't bet)
Seat 6: HubertusB folded before Flop (didn't bet)



PokerStars Hand #174030289672:  Hold'em No Limit ($0.05/$0.10) - 2017/08/07 20:34:37 CCT [2017/08/07 8:34:37 ET]
Table 'Aludra' 6-max Seat #1 is the button
Seat 1: RubberTruck ($6.15 in chips) 
Seat 2: D3kMAX ($10.07 in chips) 
Seat 3: kemal_zay4ik ($10.10 in chips) 
Seat 4: thiusk ($14.45 in chips) 
Seat 5: HubertusB ($12.19 in chips) 
Seat 6: illiad25 ($5.43 in chips) 
D3kMAX: posts small blind $0.05
kemal_zay4ik: posts big blind $0.10
*** HOLE CARDS ***
Dealt to HubertusB [7c 6c]
thiusk: folds 
HubertusB: folds 
illiad25: raises $0.20 to $0.30
RubberTruck: calls $0.30
D3kMAX: folds 
kemal_zay4ik: folds 
*** FLOP *** [Ad 7s 2s]
illiad25: bets $0.30
RubberTruck: calls $0.30
*** TURN *** [Ad 7s 2s] [Tc]
illiad25: checks 
RubberTruck: bets $0.65
illiad25: folds 
Uncalled bet ($0.65) returned to RubberTruck
RubberTruck collected $1.29 from pot
RubberTruck: doesn't show hand 
*** SUMMARY ***
Total pot $1.35 | Rake $0.06 
Board [Ad 7s 2s Tc]
Seat 1: RubberTruck (button) collected ($1.29)
Seat 2: D3kMAX (small blind) folded before Flop
Seat 3: kemal_zay4ik (big blind) folded before Flop
Seat 4: thiusk folded before Flop (didn't bet)
Seat 5: HubertusB folded before Flop (didn't bet)
Seat 6: illiad25 folded on the Turn



PokerStars Hand #174030300676:  Hold'em No Limit ($0.05/$0.10) - 2017/08/07 20:35:01 CCT [2017/08/07 8:35:01 ET]
Table 'Aludra' 6-max Seat #1 is the button
Seat 1: javierrlazo ($3.30 in chips) 
Seat 2: nemabob85 ($10.05 in chips) 
Seat 3: HubertusB ($12.14 in chips) 
Seat 4: 0Darkman0 ($19.43 in chips) 
Seat 5: Komdol ($10.43 in chips) 
Seat 6: CRAZYROFL ($10.59 in chips) 
nemabob85: posts small blind $0.05
HubertusB: posts big blind $0.10
*** HOLE CARDS ***
Dealt to HubertusB [3h Qh]
0Darkman0: folds 
Komdol: folds 
CRAZYROFL: folds 
javierrlazo: raises $0.20 to $0.30
nemabob85: folds 
HubertusB: folds 
Uncalled bet ($0.20) returned to javierrlazo
javierrlazo collected $0.25 from pot
javierrlazo: doesn't show hand 
*** SUMMARY ***
Total pot $0.25 | Rake $0 
Seat 1: javierrlazo (button) collected ($0.25)
Seat 2: nemabob85 (small blind) folded before Flop
Seat 3: HubertusB (big blind) folded before Flop
Seat 4: 0Darkman0 folded before Flop (didn't bet)
Seat 5: Komdol folded before Flop (didn't bet)
Seat 6: CRAZYROFL folded before Flop (didn't bet)



PokerStars Hand #174030284659:  Hold'em No Limit ($0.05/$0.10) - 2017/08/07 20:34:26 CCT [2017/08/07 8:34:26 ET]
Table 'Aludra' 6-max Seat #1 is the button
Seat 1: Jhetfieldz ($12.67 in chips) 
Seat 2: accaugl ($19.15 in chips) 
Seat 3: HubertusB ($12.29 in chips) 
Seat 4: sqwerty12 ($14.87 in chips) 
Seat 5: G.Buhgalter ($10.43 in chips) 
Seat 6: afrika14 ($10 in chips) 
accaugl: posts small blind $0.05
HubertusB: posts big blind $0.10
*** HOLE CARDS ***
Dealt to HubertusB [5c Qd]
sqwerty12: folds 
G.Buhgalter: raises $0.15 to $0.25
afrika14: folds 
Jhetfieldz: calls $0.25
accaugl: folds 
HubertusB: folds 
*** FLOP *** [Qs 2h Td]
G.Buhgalter: bets $0.40
Jhetfieldz: calls $0.40
*** TURN *** [Qs 2h Td] [Jd]
G.Buhgalter: bets $1.10
Jhetfieldz: calls $1.10
*** RIVER *** [Qs 2h Td Jd] [4h]
G.Buhgalter: bets $2.62
Jhetfieldz: folds 
Uncalled bet ($2.62) returned to G.Buhgalter
G.Buhgalter collected $3.49 from pot
G.Buhgalter: doesn't show hand 
*** SUMMARY ***
Total pot $3.65 | Rake $0.16 
Board [Qs 2h Td Jd 4h]
Seat 1: Jhetfieldz (button) folded on the River
Seat 2: accaugl (small blind) folded before Flop
Seat 3: HubertusB (big blind) folded before Flop
Seat 4: sqwerty12 folded before Flop (didn't bet)
Seat 5: G.Buhgalter collected ($3.49)
Seat 6: afrika14 folded before Flop (didn't bet)



PokerStars Hand #174030312158:  Hold'em No Limit ($0.05/$0.10) - 2017/08/07 20:35:26 CCT [2017/08/07 8:35:26 ET]
Table 'Aludra' 6-max Seat #1 is the button
Seat 1: HebeFans ($10 in chips) 
Seat 2: fraxinus61 ($7.30 in chips) 
Seat 3: Pawelekb24 ($10 in chips) 
Seat 4: morihouse ($30.89 in chips) 
Seat 5: AstrumNatale ($10 in chips) 
Seat 6: HubertusB ($11.99 in chips) 
fraxinus61: posts small blind $0.05
Pawelekb24: posts big blind $0.10
*** HOLE CARDS ***
Dealt to HubertusB [7d 2h]
morihouse: folds 
AstrumNatale: folds 
HubertusB: folds 
HebeFans: folds 
fraxinus61: folds 
Uncalled bet ($0.05) returned to Pawelekb24
Pawelekb24 collected $0.10 from pot
Pawelekb24: doesn't show hand 
*** SUMMARY ***
Total pot $0.10 | Rake $0 
Seat 1: HebeFans (button) folded before Flop (didn't bet)
Seat 2: fraxinus61 (small blind) folded before Flop
Seat 3: Pawelekb24 (big blind) collected ($0.10)
Seat 4: morihouse folded before Flop (didn't bet)
Seat 5: AstrumNatale folded before Flop (didn't bet)
Seat 6: HubertusB folded before Flop (didn't bet)



PokerStars Hand #174030308012:  Hold'em No Limit ($0.05/$0.10) - 2017/08/07 20:35:17 CCT [2017/08/07 8:35:17 ET]
Table 'Aludra' 6-max Seat #1 is the button
Seat 1: Hobo_sch ($12.58 in chips) 
Seat 2: madravida ($19.10 in chips) 
Seat 3: slamliu ($12.24 in chips) 
Seat 4: sketalva ($6.52 in chips) 
Seat 5: HubertusB ($12.04 in chips) 
Seat 6: Viserion65 ($9.87 in chips) 
madravida: posts small blind $0.05
slamliu: posts big blind $0.10
*** HOLE CARDS ***
Dealt to HubertusB [4s 6s]
sketalva: folds 
HubertusB: folds 
Viserion65: calls $0.10
Hobo_sch: calls $0.10
madravida: calls $0.05
slamliu: checks 
*** FLOP *** [Jc 8s 5s]
madravida: checks 
slamliu: checks 
Viserion65: checks 
Hobo_sch: checks 
*** TURN *** [Jc 8s 5s] [7d]
madravida: bets $0.20
slamliu: calls $0.20
Viserion65: calls $0.20
Hobo_sch: folds 
*** RIVER *** [Jc 8s 5s 7d] [2d]
madravida: checks 
slamliu: checks 
Viserion65: checks 
*** SHOW DOWN ***
madravida: shows [Ts Tc] (a pair of Tens)
slamliu: mucks hand 
Viserion65: shows [Js Qh] (a pair of Jacks)
Viserion65 collected $0.96 from pot
*** SUMMARY ***
Total pot $1 | Rake $0.04 
Board [Jc 8s 5s 7d 2d]
Seat 1: Hobo_sch (button) folded on the Turn
Seat 2: madravida (small blind) showed [Ts Tc] and lost with a pair of Tens
Seat 3: slamliu (big blind) mucked [8d Ah]
Seat 4: sketalva folded before Flop (didn't bet)
Seat 5: HubertusB folded before Flop (didn't bet)
Seat 6: Viserion65 showed [Js Qh] and won ($0.96) with a pair of Jacks



PokerStars Hand #174030305332:  Hold'em No Limit ($0.05/$0.10) - 2017/08/07 20:35:11 CCT [2017/08/07 8:35:11 ET]
Table 'Aludra' 6-max Seat #1 is the button
Seat 1: HubertusB ($12.04 in chips) 
Seat 2: nemabob85 ($11.60 in chips) 
Seat 3: kala222 ($10 in chips) 
Seat 4: Moszes360 ($11.87 in chips) 
Seat 5: straicar ($22.16 in chips) 
Seat 6: Bricsi96 ($18.88 in chips) 
nemabob85: posts small blind $0.05
kala222: posts big blind $0.10
*** HOLE CARDS ***
Dealt to HubertusB [5h Qh]
Moszes360: folds 
straicar: raises $0.20 to $0.30
Bricsi96: calls $0.30
HubertusB: folds 
nemabob85: folds 
kala222: folds 
*** FLOP *** [Kd 8c 4c]
straicar: bets $0.50
Bricsi96: calls $0.50
*** TURN *** [Kd 8c 4c] [7h]
straicar: bets $1.25
Bricsi96: folds 
Uncalled bet ($1.25) returned to straicar
straicar collected $1.67 from pot
straicar: doesn't show hand 
*** SUMMARY ***
Total pot $1.75 | Rake $0.08 
Board [Kd 8c 4c 7h]
Seat 1: HubertusB (button) folded before Flop (didn't bet)
Seat 2: nemabob85 (small blind) folded before Flop
Seat 3: kala222 (big blind) folded before Flop
Seat 4: Moszes360 folded before Flop (didn't bet)
Seat 5: straicar collected ($1.67)
Seat 6: Bricsi96 folded on the Turn



PokerStars Hand #174030310319:  Hold'em No Limit ($0.05/$0.10) - 2017/08/07 20:35:22 CCT [2017/08/07 8:35:22 ET]
Table 'Aludra' 6-max Seat #1 is the button
Seat 1: Mr_Bobofruit ($11.13 in chips) 
Seat 2: HubertusB ($12.04 in chips) 
Seat 3: zloy_00 ($12.76 in chips) 
Seat 4: TsyhanouPS ($13.48 in chips) 
Seat 5: kuba.enjoy ($17.66 in chips) 
Seat 6: F4lconetti ($14.95 in chips) 
HubertusB: posts small blind $0.05
zloy_00: posts big blind $0.10
*** HOLE CARDS ***
Dealt to HubertusB [Qs 8c]
TsyhanouPS: raises $0.20 to $0.30
kuba.enjoy: folds 
F4lconetti: folds 
Mr_Bobofruit: calls $0.30
HubertusB: folds 
zloy_00: folds 
*** FLOP *** [6h Tc 2d]
TsyhanouPS: bets $0.47
Mr_Bobofruit: calls $0.47
*** TURN *** [6h Tc 2d] [Ad]
TsyhanouPS: checks 
Mr_Bobofruit: checks 
*** RIVER *** [6h Tc 2d Ad] [Ac]
TsyhanouPS: checks 
Mr_Bobofruit: checks 
*** SHOW DOWN ***
TsyhanouPS: shows [Jd Jc] (two pair, Aces and Jacks)
Mr_Bobofruit: mucks hand 
TsyhanouPS collected $1.61 from pot
*** SUMMARY ***
Total pot $1.69 | Rake $0.08 
Board [6h Tc 2d Ad Ac]
Seat 1: Mr_Bobofruit (button) mucked [4d 4c]
Seat 2: HubertusB (small blind) folded before Flop
Seat 3: zloy_00 (big blind) folded before Flop
Seat 4: TsyhanouPS showed [Jd Jc] and won ($1.61) with two pair, Aces and Jacks
Seat 5: kuba.enjoy folded before Flop (didn't bet)
Seat 6: F4lconetti folded before Flop (didn't bet)



PokerStars Hand #174030313996:  Hold'em No Limit ($0.05/$0.10) - 2017/08/07 20:35:30 CCT [2017/08/07 8:35:30 ET]
Table 'Aludra' 6-max Seat #1 is the button
Seat 1: DEMON0711 ($7.05 in chips) 
Seat 2: Argogen ($6.31 in chips) 
Seat 3: jason032323 ($20 in chips) 
Seat 4: HubertusB ($11.99 in chips) 
Seat 5: DAN74DAN ($2.94 in chips) 
Seat 6: RinkoYamada ($10 in chips) 
Argogen: posts small blind $0.05
jason032323: posts big blind $0.10
*** HOLE CARDS ***
Dealt to HubertusB [Js As]
HubertusB: raises $0.16 to $0.26
DAN74DAN: calls $0.26
RinkoYamada: folds 
DEMON0711: calls $0.26
Argogen: folds 
jason032323: calls $0.16
*** FLOP *** [Qc Kc Th]
jason032323: checks 
HubertusB: bets $0.57
DAN74DAN: folds 
DEMON0711: folds 
jason032323: folds 
Uncalled bet ($0.57) returned to HubertusB
HubertusB collected $1.04 from pot
HubertusB: doesn't show hand 
*** SUMMARY ***
Total pot $1.09 | Rake $0.05 
Board [Qc Kc Th]
Seat 1: DEMON0711 (button) folded on the Flop
Seat 2: Argogen (small blind) folded before Flop
Seat 3: jason032323 (big blind) folded on the Flop
Seat 4: HubertusB collected ($1.04)
Seat 5: DAN74DAN folded on the Flop
Seat 6: RinkoYamada folded before Flop (didn't bet)



PokerStars Hand #174030329639:  Hold'em No Limit ($0.05/$0.10) - 2017/08/07 20:36:04 CCT [2017/08/07 8:36:04 ET]
Table 'Aludra' 6-max Seat #1 is the button
Seat 1: HubertusB ($12.77 in chips) 
Seat 2: PetaPockets ($22.56 in chips) 
Seat 3: Chicorito777 ($16.44 in chips) 
Seat 4: TROFIM.M ($3.20 in chips) 
Seat 5: Evalynee ($19.23 in chips) 
Seat 6: 6oraTo ($18.69 in chips) 
PetaPockets: posts small blind $0.05
Chicorito777: posts big blind $0.10
*** HOLE CARDS ***
Dealt to HubertusB [4s Th]
TROFIM.M: folds 
Evalynee: folds 
6oraTo: folds 
HubertusB: folds 
PetaPockets: folds 
Uncalled bet ($0.05) returned to Chicorito777
Chicorito777 collected $0.10 from pot
Chicorito777: doesn't show hand 
*** SUMMARY ***
Total pot $0.10 | Rake $0 
Seat 1: HubertusB (button) folded before Flop (didn't bet)
Seat 2: PetaPockets (small blind) folded before Flop
Seat 3: Chicorito777 (big blind) collected ($0.10)
Seat 4: TROFIM.M folded before Flop (didn't bet)
Seat 5: Evalynee folded before Flop (didn't bet)
Seat 6: 6oraTo folded before Flop (didn't bet)



PokerStars Hand #174030331889:  Hold'em No Limit ($0.05/$0.10) - 2017/08/07 20:36:09 CCT [2017/08/07 8:36:09 ET]
Table 'Aludra' 6-max Seat #1 is the button
Seat 1: 8br@cket ($27.55 in chips) 
Seat 2: Jim Hopens ($14.85 in chips) 
Seat 3: HubertusB ($12.77 in chips) 
Seat 4: priknik ($16.70 in chips) 
Seat 5: slamliu ($11.89 in chips) 
Seat 6: halfbuck1 ($10 in chips) 
Jim Hopens: posts small blind $0.05
HubertusB: posts big blind $0.10
*** HOLE CARDS ***
Dealt to HubertusB [6s 9c]
priknik: raises $0.20 to $0.30
slamliu: folds 
halfbuck1: folds 
8br@cket: folds 
Jim Hopens: folds 
HubertusB: folds 
Uncalled bet ($0.20) returned to priknik
priknik collected $0.25 from pot
priknik: doesn't show hand 
*** SUMMARY ***
Total pot $0.25 | Rake $0 
Seat 1: 8br@cket (button) folded before Flop (didn't bet)
Seat 2: Jim Hopens (small blind) folded before Flop
Seat 3: HubertusB (big blind) folded before Flop
Seat 4: priknik collected ($0.25)
Seat 5: slamliu folded before Flop (didn't bet)
Seat 6: halfbuck1 folded before Flop (didn't bet)



PokerStars Hand #174030334712:  Hold'em No Limit ($0.05/$0.10) - 2017/08/07 20:36:15 CCT [2017/08/07 8:36:15 ET]
Table 'Aludra' 6-max Seat #1 is the button
Seat 1: twisterk_12 ($11.45 in chips) 
Seat 2: pool_king111 ($15.49 in chips) 
Seat 3: tobshap ($9.90 in chips) 
Seat 4: Jhetfieldz ($10.20 in chips) 
Seat 5: HubertusB ($12.67 in chips) 
Seat 6: RinkoYamada ($14.49 in chips) 
pool_king111: posts small blind $0.05
tobshap: posts big blind $0.10
*** HOLE CARDS ***
Dealt to HubertusB [Qs 3h]
Jhetfieldz: folds 
HubertusB: folds 
RinkoYamada: folds 
twisterk_12: folds 
pool_king111: folds 
Uncalled bet ($0.05) returned to tobshap
tobshap collected $0.10 from pot
tobshap: doesn't show hand 
*** SUMMARY ***
Total pot $0.10 | Rake $0 
Seat 1: twisterk_12 (button) folded before Flop (didn't bet)
Seat 2: pool_king111 (small blind) folded before Flop
Seat 3: tobshap (big blind) collected ($0.10)
Seat 4: Jhetfieldz folded before Flop (didn't bet)
Seat 5: HubertusB folded before Flop (didn't bet)
Seat 6: RinkoYamada folded before Flop (didn't bet)



PokerStars Hand #174030337053:  Hold'em No Limit ($0.05/$0.10) - 2017/08/07 20:36:20 CCT [2017/08/07 8:36:20 ET]
Table 'Aludra' 6-max Seat #1 is the button
Seat 1: afrika14 ($11.45 in chips) 
Seat 2: HubertusB ($12.67 in chips) 
Seat 3: GrrGrrGrauw ($12.97 in chips) 
Seat 4: madravida ($19.41 in chips) 
Seat 5: RinkoYamada ($14.49 in chips) 
Seat 6: cerberi ($14.88 in chips) 
HubertusB: posts small blind $0.05
GrrGrrGrauw: posts big blind $0.10
*** HOLE CARDS ***
Dealt to HubertusB [4c Ts]
madravida: folds 
RinkoYamada: folds 
cerberi: folds 
afrika14: raises $0.15 to $0.25
HubertusB: folds 
GrrGrrGrauw: raises $0.65 to $0.90
afrika14: folds 
Uncalled bet ($0.65) returned to GrrGrrGrauw
GrrGrrGrauw collected $0.55 from pot
GrrGrrGrauw: doesn't show hand 
*** SUMMARY ***
Total pot $0.55 | Rake $0 
Seat 1: afrika14 (button) folded before Flop
Seat 2: HubertusB (small blind) folded before Flop
Seat 3: GrrGrrGrauw (big blind) collected ($0.55)
Seat 4: madravida folded before Flop (didn't bet)
Seat 5: RinkoYamada folded before Flop (didn't bet)
Seat 6: cerberi folded before Flop (didn't bet)



PokerStars Hand #174030345971:  Hold'em No Limit ($0.05/$0.10) - 2017/08/07 20:36:39 CCT [2017/08/07 8:36:39 ET]
Table 'Aludra' 6-max Seat #1 is the button
Seat 1: glossy.udval ($13.56 in chips) 
Seat 2: Jack1274 ($32.42 in chips) 
Seat 3: priknik ($16.80 in chips) 
Seat 4: twisterk_12 ($11.40 in chips) 
Seat 5: GrrGrrGrauw ($13.27 in chips) 
Seat 6: HubertusB ($12.52 in chips) 
Jack1274: posts small blind $0.05
priknik: posts big blind $0.10
*** HOLE CARDS ***
Dealt to HubertusB [3d 8d]
twisterk_12: folds 
GrrGrrGrauw: folds 
HubertusB: folds 
glossy.udval: folds 
Jack1274: folds 
Uncalled bet ($0.05) returned to priknik
priknik collected $0.10 from pot
priknik: doesn't show hand 
*** SUMMARY ***
Total pot $0.10 | Rake $0 
Seat 1: glossy.udval (button) folded before Flop (didn't bet)
Seat 2: Jack1274 (small blind) folded before Flop
Seat 3: priknik (big blind) collected ($0.10)
Seat 4: twisterk_12 folded before Flop (didn't bet)
Seat 5: GrrGrrGrauw folded before Flop (didn't bet)
Seat 6: HubertusB folded before Flop (didn't bet)



PokerStars Hand #174030348285:  Hold'em No Limit ($0.05/$0.10) - 2017/08/07 20:36:44 CCT [2017/08/07 8:36:44 ET]
Table 'Aludra' 6-max Seat #1 is the button
Seat 1: NastySkank ($20.75 in chips) 
Seat 2: eclibrise ($11.02 in chips) 
Seat 3: davob7 ($9.95 in chips) 
Seat 4: Ruslan..9473 ($10 in chips) 
Seat 5: HubertusB ($12.52 in chips) 
Seat 6: ckostt ($11.77 in chips) 
eclibrise: posts small blind $0.05
davob7: posts big blind $0.10
*** HOLE CARDS ***
Dealt to HubertusB [8s Jd]
Ruslan..9473: folds 
HubertusB: folds 
ckostt: raises $0.20 to $0.30
NastySkank: folds 
eclibrise: folds 
davob7: folds 
Uncalled bet ($0.20) returned to ckostt
ckostt collected $0.25 from pot
ckostt: doesn't show hand 
*** SUMMARY ***
Total pot $0.25 | Rake $0 
Seat 1: NastySkank (button) folded before Flop (didn't bet)
Seat 2: eclibrise (small blind) folded before Flop
Seat 3: davob7 (big blind) folded before Flop
Seat 4: Ruslan..9473 folded before Flop (didn't bet)
Seat 5: HubertusB folded before Flop (didn't bet)
Seat 6: ckostt collected ($0.25)



PokerStars Hand #174030341728:  Hold'em No Limit ($0.05/$0.10) - 2017/08/07 20:36:30 CCT [2017/08/07 8:36:30 ET]
Table 'Aludra' 6-max Seat #1 is the button
Seat 1: 91053705 ($10 in chips) 
Seat 2: AndreyK11 ($13.75 in chips) 
Seat 3: HubertusB ($12.62 in chips) 
Seat 4: maksim8202 ($1.54 in chips) 
Seat 5: morihouse ($30.54 in chips) 
Seat 6: ln89 ($4.24 in chips) 
AndreyK11: posts small blind $0.05
HubertusB: posts big blind $0.10
*** HOLE CARDS ***
Dealt to HubertusB [3d Tc]
maksim8202: folds 
morihouse: folds 
ln89: raises $0.20 to $0.30
91053705: folds 
AndreyK11: folds 
HubertusB: folds 
Uncalled bet ($0.20) returned to ln89
ln89 collected $0.25 from pot
ln89: doesn't show hand 
*** SUMMARY ***
Total pot $0.25 | Rake $0 
Seat 1: 91053705 (button) folded before Flop (didn't bet)
Seat 2: AndreyK11 (small blind) folded before Flop
Seat 3: HubertusB (big blind) folded before Flop
Seat 4: maksim8202 folded before Flop (didn't bet)
Seat 5: morihouse folded before Flop (didn't bet)
Seat 6: ln89 collected ($0.25)



PokerStars Hand #174030339454:  Hold'em No Limit ($0.05/$0.10) - 2017/08/07 20:36:25 CCT [2017/08/07 8:36:25 ET]
Table 'Aludra' 6-max Seat #1 is the button
Seat 1: hughesie30 ($10.86 in chips) 
Seat 2: OtiNaNailol ($13.69 in chips) 
Seat 3: xRaoulFlushx ($10 in chips) 
Seat 4: HubertusB ($12.62 in chips) 
Seat 5: EvgenMSN ($11.35 in chips) 
Seat 6: Cheerie ($12.70 in chips) 
OtiNaNailol: posts small blind $0.05
xRaoulFlushx: posts big blind $0.10
*** HOLE CARDS ***
Dealt to HubertusB [9c As]
HubertusB: folds 
EvgenMSN: folds 
Cheerie: raises $0.10 to $0.20
hughesie30: folds 
OtiNaNailol: folds 
xRaoulFlushx: calls $0.10
*** FLOP *** [5s 7c Jh]
xRaoulFlushx: checks 
Cheerie: bets $0.22
xRaoulFlushx: folds 
Uncalled bet ($0.22) returned to Cheerie
Cheerie collected $0.43 from pot
Cheerie: doesn't show hand 
*** SUMMARY ***
Total pot $0.45 | Rake $0.02 
Board [5s 7c Jh]
Seat 1: hughesie30 (button) folded before Flop (didn't bet)
Seat 2: OtiNaNailol (small blind) folded before Flop
Seat 3: xRaoulFlushx (big blind) folded on the Flop
Seat 4: HubertusB folded before Flop (didn't bet)
Seat 5: EvgenMSN folded before Flop (didn't bet)
Seat 6: Cheerie collected ($0.43)



PokerStars Hand #174030350600:  Hold'em No Limit ($0.05/$0.10) - 2017/08/07 20:36:49 CCT [2017/08/07 8:36:49 ET]
Table 'Aludra' 6-max Seat #1 is the button
Seat 1: 1H8P0K3R ($11.36 in chips) 
Seat 2: HubertusB ($12.52 in chips) 
Seat 3: patkányember ($4.80 in chips) 
Seat 4: DAN74DAN ($2.54 in chips) 
Seat 5: nervhy ($16.24 in chips) 
Seat 6: beatyugly ($7.12 in chips) 
HubertusB: posts small blind $0.05
patkányember: posts big blind $0.10
*** HOLE CARDS ***
Dealt to HubertusB [Qc Qd]
DAN74DAN: folds 
nervhy: folds 
beatyugly: raises $0.10 to $0.20
1H8P0K3R: folds 
HubertusB: raises $0.70 to $0.90
patkányember: folds 
beatyugly: calls $0.70
*** FLOP *** [5s 3s 7h]
HubertusB: bets $1.20
beatyugly: calls $1.20
*** TURN *** [5s 3s 7h] [3d]
HubertusB: bets $2.26
beatyugly: folds 
Uncalled bet ($2.26) returned to HubertusB
HubertusB collected $4.11 from pot
HubertusB: doesn't show hand 
*** SUMMARY ***
Total pot $4.30 | Rake $0.19 
Board [5s 3s 7h 3d]
Seat 1: 1H8P0K3R (button) folded before Flop (didn't bet)
Seat 2: HubertusB (small blind) collected ($4.11)
Seat 3: patkányember (big blind) folded before Flop
Seat 4: DAN74DAN folded before Flop (didn't bet)
Seat 5: nervhy folded before Flop (didn't bet)
Seat 6: beatyugly folded on the Turn



PokerStars Hand #174030376265:  Hold'em No Limit ($0.05/$0.10) - 2017/08/07 20:37:44 CCT [2017/08/07 8:37:44 ET]
Table 'Aludra' 6-max Seat #1 is the button
Seat 1: DJ_Maniac385 ($18.39 in chips) 
Seat 2: fantasyluo ($26.43 in chips) 
Seat 3: 1H8P0K3R ($10.96 in chips) 
Seat 4: HubertusB ($14.53 in chips) 
Seat 5: Ricardoodf ($7.08 in chips) 
Seat 6: MWhinney ($10.63 in chips) 
fantasyluo: posts small blind $0.05
1H8P0K3R: posts big blind $0.10
*** HOLE CARDS ***
Dealt to HubertusB [Qh Ah]
HubertusB: raises $0.20 to $0.30
Ricardoodf: folds 
MWhinney: folds 
DJ_Maniac385: folds 
fantasyluo: folds 
1H8P0K3R: folds 
Uncalled bet ($0.20) returned to HubertusB
HubertusB collected $0.25 from pot
HubertusB: doesn't show hand 
*** SUMMARY ***
Total pot $0.25 | Rake $0 
Seat 1: DJ_Maniac385 (button) folded before Flop (didn't bet)
Seat 2: fantasyluo (small blind) folded before Flop
Seat 3: 1H8P0K3R (big blind) folded before Flop
Seat 4: HubertusB collected ($0.25)
Seat 5: Ricardoodf folded before Flop (didn't bet)
Seat 6: MWhinney folded before Flop (didn't bet)



PokerStars Hand #174030374435:  Hold'em No Limit ($0.05/$0.10) - 2017/08/07 20:37:40 CCT [2017/08/07 8:37:40 ET]
Table 'Aludra' 6-max Seat #1 is the button
Seat 1: HubertusB ($14.53 in chips) 
Seat 2: pool_king111 ($10.39 in chips) 
Seat 3: glossy.udval ($12.82 in chips) 
Seat 4: gewinner47 ($5.54 in chips) 
Seat 5: AndreyK11 ($12.98 in chips) 
Seat 6: Pawelekb24 ($10.20 in chips) 
pool_king111: posts small blind $0.05
glossy.udval: posts big blind $0.10
*** HOLE CARDS ***
Dealt to HubertusB [2s Tc]
gewinner47: raises $0.20 to $0.30
AndreyK11: folds 
Pawelekb24: calls $0.30
HubertusB: folds 
pool_king111: folds 
glossy.udval: folds 
*** FLOP *** [6h 7s 6c]
gewinner47: bets $0.72
Pawelekb24: calls $0.72
*** TURN *** [6h 7s 6c] [Kc]
gewinner47: checks 
Pawelekb24: bets $1
gewinner47: calls $1
*** RIVER *** [6h 7s 6c Kc] [3c]
gewinner47: checks 
Pawelekb24: bets $2
gewinner47: folds 
Uncalled bet ($2) returned to Pawelekb24
Pawelekb24 collected $4 from pot
Pawelekb24: doesn't show hand 
*** SUMMARY ***
Total pot $4.19 | Rake $0.19 
Board [6h 7s 6c Kc 3c]
Seat 1: HubertusB (button) folded before Flop (didn't bet)
Seat 2: pool_king111 (small blind) folded before Flop
Seat 3: glossy.udval (big blind) folded before Flop
Seat 4: gewinner47 folded on the River
Seat 5: AndreyK11 folded before Flop (didn't bet)
Seat 6: Pawelekb24 collected ($4)



